3990 6212
363 279 472 345 499

357 500 462 556 est,
491 502 770 560 quatenus
804 499 965 565 panis
993 509 1049 555 et
1077 501 1263 557 vinum
1315 511 1686 568 exterioribus
1720 532 1947 587 apparet

358 583 656 647 sensibus.
706 588 912 643 veritas
951 601 1130 646 autem
1165 605 1269 663 est,
1324 612 1594 668 quatenus
1642 622 1846 678 corpus
1892 607 1948 665 et

358 674 582 743 sanguis
615 675 667 729 in
702 678 936 734 veritate
965 685 1129 739 corde
1159 688 1429 746 creditur.
1463 693 1531 750 Et
1562 674 1941 768 Augustinus:

357 767 560 823 Christi
595 785 812 840 corpus.
839 773 1037 843 inquit,
1073 787 1128 834 et
1160 783 1363 841 veritas
1395 795 1448 841 et
1482 767 1666 860 ﬁgura,
1691 803 1776 848 est
1807 813 1820 849 :
1854 811 1948 850 ve-

360 858 496 914 ritas
533 859 782 931 quidem,
820 864 873 919 in
907 879 1178 936 quantum
1222 875 1426 932 virtute
1459 858 1686 949 spiritus
1708 901 1776 941 ex
1809 888 1946 943 sub-

357 951 554 1006 stantia
588 957 746 1023 panis
793 968 849 1014 et
895 958 1008 1015 vini
1039 978 1244 1034 corpus
1271 967 1544 1038 edicitur;
1595 977 1764 1046 ﬁgura
1813 995 1945 1037 vero

355 1049 439 1095 est
469 1042 598 1098 illud
641 1049 784 1116 quod
817 1054 1184 1112 exterioribus
1213 1064 1468 1121 sensibus
1494 1042 1797 1140 subjaceat.
1827 1073 1941 1131 Nos

357 1130 542 1204 itaque
570 1137 799 1209 ﬁguram
829 1143 932 1201 hoc
957 1147 1081 1204 loco
1110 1151 1181 1206 ita
1214 1155 1538 1226 accipimus,
1583 1130 1703 1232 quae
1727 1165 1945 1222 scilicet

354 1227 534 1293 quoad
567 1233 863 1290 sensibiles
899 1242 1112 1309 species
1143 1247 1301 1315 panis
1344 1260 1400 1304 et
1435 1251 1546 1306 viui
1574 1227 1772 1317 {aliud
1802 1257 1946 1313 dun-.-

354 1327 502 1372 taxat
523 1321 793 1392 signiﬁcet
816 1332 994 1398 quoad
1021 1349 1212 1392 verum
1239 1355 1441 1411 corpus
1461 1341 1691 1413 Christi,
1714 1358 1770 1403 et
1791 1351 1941 1407 aliud

352 1408 661 1478 signiﬁcet,
711 1425 767 1471 et
817 1427 999 1476 tamen
1050 1428 1258 1483 veritas
1311 1432 1400 1486 sit.
1466 1434 1940 1500 Quemadmodum

355 1498 727 1562 Damasccnus
771 1525 991 1583 quoque
1021 1557 1035 1581 ,
1074 1519 1238 1573 sicuti
1278 1525 1441 1592 paulo
1494 1539 1621 1583 ante
1670 1547 1944 1588 memora-

351 1593 554 1659 vimus,
584 1608 800 1657 veteres
833 1617 1057 1663 secutus
1100 1613 1375 1679 ductores,
1415 1633 1605 1672 verum
1657 1626 1856 1693 corpus
1885 1635 1942 1681 et

350 1687 673 1754 sanguinem
701 1691 909 1751 Christi
952 1698 1234 1770 ﬁgurativa
1269 1707 1581 1765 futurorum
1613 1716 1936 1775 nominavit.

352 1772 454 1827 Ubi
484 1778 630 1831 enim
677 1781 964 1852 ﬁgurativa
1007 1790 1166 1857 dixit,
1201 1803 1258 1849 et
1304 1797 1532 1868 figuram
1580 1803 1699 1860 sine
1745 1805 1940 1868 discri-
1973 1786 2015 1845 Β

351 1865 501 1922 mine
530 1869 716 1928 dicere
747 1878 1037 1944 potuisset.
1069 1883 1174 1939 Sed
1213 1886 1280 1940 de
1306 1865 1372 1945 iis
1400 1893 1554 1961 satis,
1585 1905 1642 1950 ut
1676 1898 1936 1968 arbitror,

351 1958 738 2032 disseruimus,
763 1985 910 2026 nunc
931 1977 1079 2042 quod
1110 1978 1383 2050 reliquum
1410 1993 1498 2040 est
1529 1990 1934 2060 aggrediamur.

353 2045 473 2112 Erit
502 2062 684 2108 autem
717 2066 900 2114 nostra
935 2066 1113 2120 omnis
1155 2072 1334 2124 oratio
1365 2074 1658 2144 tripartite.
1688 2077 1936 2139 Primum

352 2139 500 2193 enim
550 2145 878 2204 conabimur
927 2157 1220 2216 ostendere
1269 2162 1673 2226 divinissimum
1735 2189 1937 2246 corpus

351 2227 555 2286 Christi
587 2245 641 2288 et
671 2243 1013 2310 sanguinem,
1045 2248 1210 2304 nullis
1240 2253 1364 2309 aliis
1397 2258 1602 2326 verbis,
1628 2272 1720 2317 aut
1749 2279 1934 2321 sacer-

352 2320 543 2377 dotum
593 2330 850 2395 precibus
885 2337 1103 2404 conﬁci,
1143 2347 1305 2412 quam
1344 2345 1410 2402 iis
1445 2365 1566 2418 qum
1618 2369 1781 2426 supra
1817 2374 1934 2414 me-

351 2419 691 2480 moravimus
737 2425 952 2482 Domini
1003 2434 1223 2488 verbis:
1263 2435 1372 2492 Hoc
1397 2450 1471 2495 est
1502 2461 1692 2516 corpus
1721 2465 1932 2514 meum;

351 2517 428 2575 et,
463 2497 558 2566 Hic
587 2524 660 2568 est
686 2523 906 2588 sanguis
938 2539 1102 2578 meus.
1145 2527 1274 2584 Post
1309 2531 1424 2588 lucc
1469 2532 1787 2595 sanctoruni
1830 2542 1935 2597 Ec-

352 2603 532 2659 clesiae
579 2606 869 2665 doctorum
921 2628 984 2668 ac
1035 2615 1258 2675 Patrum
1310 2635 1626 2683 nostrorum
1681 2648 1843 2688 uuam
1877 2645 1934 2691 et

351 2697 596 2752 eamdem
637 2715 757 2756 esse
789 2709 1120 2763 sententiam
1168 2712 1596 2776 declarabimus.
1644 2724 1932 2782 Postremo

353 2800 476 2853 quae
503 2788 629 2844 huic
645 2793 891 2860 opinioni
917 2798 1198 2858 adversari
1221 2804 1496 2878 videntur,
1517 2813 1654 2869 duce
1675 2814 1928 2884 Domino,

353 2880 628 2949 cujusq-es
657 2884 868 2954 agitur,
901 2890 1285 2953 dissulvcmus.

421 2971 585 3037 Quod
619 2976 784 3047 igitur
813 2983 1147 3052 impossibile
1179 2991 1250 3046 sit
1275 2993 1399 3051 aliis
1430 3011 1592 3066 quam
1629 3000 1931 3062 Dominicis

350 3066 540 3122 verbis
572 3069 928 3132 Eucharistiae
961 3093 1361 3141 sacramentum
1393 3091 1587 3147 conﬁci
1622 3095 1925 3152 evidentis-

351 3163 489 3216 sime
527 3174 580 3216 et
614 3165 737 3222 luce
787 3169 988 3232 clarius
1019 3187 1268 3245 apparet.
1306 3179 1602 3240 Enimvero
1632 3199 1796 3245 nemo
1841 3199 1926 3247 est

351 3269 513 3325 quem
549 3257 753 3327 lateat,
802 3266 1260 3332 quemadmodum
1297 3277 1455 3344 panis
1485 3287 1540 3333 et
1582 3280 1695 3336 vini
1729 3297 1928 3356 corpus

351 3357 405 3400 et
431 3351 754 3422 sanguinem
773 3355 978 3414 Christi
1004 3361 1054 3415 in
1091 3362 1318 3421 instanti
1347 3367 1485 3425 facta
1515 3376 1896 3435 transsubstan
1922 3412 1930 3420 -

352 3441 585 3510 tialitas,
625 3445 921 3505 humanam
953 3468 1169 3511 omnem
1214 3457 1531 3517 facultatem
1563 3468 1802 3537 excedit,
1838 3469 1927 3528 in-

349 3548 595 3605 gensque
644 3554 784 3609 opus
843 3551 966 3610 est,
1013 3555 1070 3600 et
1120 3559 1269 3605 certe
1323 3553 1569 3610 divinum
1606 3576 1621 3613 :
1655 3559 1728 3615 ita
1761 3561 1927 3619 etiam

349 3626 514 3698 hujus
540 3637 865 3689 sacramenti
898 3636 1186 3696 efﬁcientia
1215 3645 1405 3710 verba,
1441 3649 1616 3705 instar
1639 3651 1813 3722 ipsius
1837 3669 1926 3711 sa-

347 3719 612 3773 cramenti
637 3759 652 3784 ,
685 3722 900 3798 eximite
930 3729 1214 3799 cujusdam
1265 3736 1487 3793 virtutis
1532 3719 1672 3798 esset
1699 3741 1925 3802 debere.

345 3809 546 3867 Christi
595 3827 726 3870 vero
770 3816 973 3874 divinis
1008 3823 1192 3880 verbis
1219 3863 1234 3890 ,
1278 3827 1415 3883 nihil
1449 3845 1572 3888 esse
1619 3837 1921 3905 potentius,

348 3906 484 3966 nihil
509 3906 784 3968 ctiicacius
810 3928 929 3973 esse
950 3931 1111 3986 posse
1140 3920 1488 3980 manifestum
1515 3936 1621 3983 est.
1651 3928 1928 3996 Quamob-

349 4015 462 4082 rem
517 4007 675 4082 fateri
726 4025 952 4069 necesse
999 4023 1115 4079 est,
1147 4014 1446 4074 Dominicis
1479 4019 1587 4078 illis
1619 4024 1829 4092 verbis,
1870 4036 1947 4083 et-

348 4098 516 4177 nullis
541 4101 661 4160 aliis
678 4102 922 4168 divinum
950 4107 1056 4163 hoc
1079 4121 1481 4168 sacramentum
1507 4114 1703 4172 conﬁci
1740 4126 1921 4188 posse.

347 4169 459 4244 Nec
488 4192 632 4246 enim
668 4193 1009 4253 divinissima
1045 4214 1144 4270 per
1184 4201 1430 4272 divinam
1461 4207 1760 4272 potentiam
1792 4225 1924 4265 con-

347 4262 435 4355 iia-i
479 4285 763 4355 negaverit
809 4262 1102 4359 quispiam,
1158 4307 1260 4348 nec
1308 4269 1497 4362 verbis
1525 4296 1734 4358 Christi
1784 4303 1925 4361 nihil

345 4378 574 4446 omnino
603 4381 879 4440 efﬁcacius
907 4399 1051 4452 esse,
1097 4402 1220 4441 cum
1275 4403 1382 4443 non
1420 4395 1580 4447 modo
1613 4394 1800 4461 homo,
1836 4411 1923 4452 ve-

1329 302 1830 371 BESSARlONIS
1871 313 1930 373 s.
1976 312 2048 375 Β.
2094 319 2161 380 E.
2211 285 2679 393 canetuaus

361 399 566 452 Citriin
603 414 713 469 quo
748 401 800 455 in
846 403 1005 460 altari
1050 409 1447 482 participamus
1473 459 1486 480 ,
1519 418 1688 489 ﬁgura
1733 424 1950 493 quidem
1983 431 2028 486 Α
2059 431 2191 487 Nam
2232 437 2277 492 si
2314 439 2567 498 humanae

3539 351 3648 417 εοο

2599 463 2796 516 preces
2850 451 2958 511 hoc
2987 467 3235 526 possent,
3269 463 3453 531 potius
3491 467 3646 524 viro.

2059 540 2177 582 rum
2211 528 2486 589 bonorum
2528 554 2738 607 preces,
2776 545 2880 600 etsi
2916 563 3025 602 non
3058 553 3436 623 sacerdotum,
3473 572 3639 628 quam

2058 634 2352 687 pravorum
2383 631 2730 689 sacerdotum
2764 637 2866 692 hoc
2887 637 3138 696 divinum
3173 660 3315 715 opus
3335 649 3642 708 efﬁcerent.

2054 710 2221 782 Atqui
2254 716 2518 776 indecens
2547 735 2716 792 esset,
2743 737 2911 800 atque
2934 733 3002 788 ab
3025 710 3267 792 humana
3292 740 3470 797 salute
3499 743 3641 799 alie-

2054 817 2210 868 num,
2255 810 2578 869 existimare
2628 826 2841 876 tantum
2877 839 3286 888 sacramentu
3319 848 3350 888 a
3378 849 3440 890 re
3471 836 3639 893 dubia

2055 893 2406 966 dependere:
2456 907 2658 979 quippe
2704 912 2934 971 dubium
2967 926 3134 989 atque
3182 924 3502 996 ambiguum
3533 938 3636 991 est.

2053 1002 2123 1042 an
2173 1002 2365 1059 preces
2401 1011 2467 1052 ac
2511 1002 2943 1071 supplicationes
2976 1022 3182 1068 nostra:
3235 1015 3348 1070 Deo
3399 1027 3638 1089 acceptae

2053 1079 2165 1135 sint
2195 1081 2394 1142 futurae
2437 1105 2451 1142 :
2487 1103 2556 1144 ex
2588 1107 2699 1162 quo
2726 1092 2902 1165 ﬁeret,
2949 1108 3009 1155 ut
3040 1109 3100 1157 et
3147 1104 3296 1160 salus
3331 1107 3492 1165 nobis
3521 1110 3636 1164 vir-

2055 1178 2172 1228 tute
2223 1173 2387 1245 bujus
2420 1183 2670 1250 mysterii
2700 1198 3020 1257 exspectata
3066 1193 3238 1250 dubia
3286 1197 3448 1254 foret.
3479 1199 3636 1268 Quod

2051 1277 2121 1318 ne
2157 1266 2394 1335 accidat,
2432 1270 2544 1327 imo
2575 1275 2724 1332 salus
2760 1289 2974 1347 nostra,
3003 1298 3168 1352 quam
3205 1286 3371 1356 digne
3415 1266 3638 1359 partici-

2051 1355 2308 1422 pantibus
2350 1358 2455 1416 hoc
2505 1377 2909 1426 sacramentum
2947 1376 3160 1444 praebet
3194 1417 3212 1444 ,
3265 1355 3431 1439 certa
3470 1392 3634 1453 atque

2051 1443 2276 1504 indubia
2300 1455 2392 1518 sit,
2419 1469 2648 1515 necesse
2674 1470 2761 1517 est
2793 1443 3100 1524 Dominicis
3131 1443 3316 1528 verbis
3345 1473 3633 1541 duntaxat.

2049 1545 2107 1592 et
2128 1541 2293 1596 nullis
2315 1544 2438 1602 aliis
2460 1557 2676 1606 tantum
2700 1559 2896 1613 conﬁci
2921 1573 3356 1620 sacramentum.
3385 1569 3469 1623 Ad
3496 1570 3628 1636 haec,

2051 1631 2311 1699 precibus
2363 1638 2586 1708 quidem
2619 1649 2828 1703 nostris
2857 1665 2969 1706 non
3005 1655 3345 1725 perﬁcimus,
3379 1660 3476 1715 sed
3511 1671 3630 1718 tan-

2052 1729 2336 1784 tummodo
2389 1746 2645 1802 rogamus
2707 1747 2771 1810 uvt
2830 1744 3151 1812 perﬁciatur
3199 1764 3624 1814 sacramentum.

2043 1811 2224 1871 Verba
2258 1834 2389 1877 vero
2414 1839 2538 1893 quae
2569 1826 2675 1884 hoc
2699 1811 2948 1891 divinum
2975 1853 3179 1908 corpus
3202 1855 3524 1915 operantur,
3546 1811 3636 1904 et;

2043 1903 2285 1964 ﬁcientia
2317 1919 2652 1972 sacramenti
2699 1936 2822 1978 esse
2874 1903 3100 1996 debent,
3141 1903 3255 1990 non
3286 1944 3346 1990 ut
3365 1938 3629 1994 conﬁcia-

2043 2006 2132 2051 tur
2163 1998 2546 2069 deprecantia.
2579 2009 2724 2082 Ergo
2749 2030 2858 2070 non
2891 2022 3100 2077 nostris
3131 2025 3316 2082 verbis
3347 2045 3469 2098 qua
3514 2048 3626 2088 non

2040 2090 2364 2163 coniiciunt,
2397 2100 2493 2154 sed
2541 2111 2602 2156 ut
2632 2108 2961 2166 conﬁciatur
2989 2125 3172 2183 orant,
3221 2129 3436 2178 tantum
3485 2139 3625 2195 opus

2041 2181 2424 2257 tribuendum,
2455 2194 2552 2248 sed
2582 2197 2766 2255 verbis
2817 2201 3120 2263 Dominicis
3155 2224 3284 2267 vero
3328 2216 3624 2274 conﬁcien-

2038 2275 2210 2344 tibus,
2241 2292 2309 2334 eo
2341 2282 2505 2339 modo
2549 2303 2660 2358 quo
2695 2291 2959 2352 Dominus
2992 2298 3110 2369 ipse
3141 2317 3241 2372 per
3271 2306 3465 2362 eadem
3498 2325 3622 2366 vero

2039 2368 2131 2436 ba,
2166 2380 2225 2427 ut
2258 2373 2463 2444 legitur
2494 2379 2546 2434 in
2580 2380 2882 2455 Evangelio
2905 2428 2920 2456 ,
2952 2368 3318 2452 consecravit.
3351 2398 3621 2458 Praeterea

2039 2460 2207 2516 verba
2253 2462 2472 2523 Domini
2537 2473 2894 2540 proferuntur
2927 2496 2958 2535 a
3003 2487 3327 2556 sacerdote,
3361 2499 3619 2562 tanquam

2038 2563 2366 2622 potestatem
2405 2558 2647 2622 habente
2691 2583 2755 2623 ea
2808 2572 3130 2641 perficiendi
3162 2593 3286 2650 qua:
3311 2581 3428 2652 ipsa
3453 2558 3618 2642 verba

2035 2645 2368 2716 signiﬁcant.
2424 2653 2690 2716 Precibus
2736 2677 2868 2720 vero
2928 2667 3046 2724 suis
3097 2645 3421 2741 potestatem
3484 2678 3620 2748 petit

2035 2736 2178 2794 idem
2215 2747 2472 2805 sacerdos
2503 2758 2762 2822 tanquam
2816 2760 3063 2816 nondum
3097 2736 3348 2824 .habens.
3392 2736 3615 2827 Atenim

2035 2829 2234 2892 melius
2281 2841 2602 2913 certiusque
2644 2862 2734 2903 res
2782 2851 2852 2906 ab
2883 2867 2949 2908 eo
2975 2863 3304 2924 potestatem
3351 2860 3614 2928 habente,

2033 2939 2196 2995 quam
2225 2943 2257 2983 a
2286 2930 2532 2988 nondum
2569 2936 2832 3007 habente,
2867 2943 2960 2998 sed
2990 2955 3054 3000 ut
3079 2962 3199 3003 eam
3248 2949 3473 3018 habeat,
3526 2969 3617 3010 ro-

2033 3024 2215 3085 gante,
2245 3017 2550 3091 perﬁcitur,
2574 3025 2905 3100 faciliusque
2929 3034 2979 3088 id
3005 3037 3116 3106 agit
3142 3039 3237 3108 qui
3256 3041 3370 3112 jam
3407 3053 3614 3112 potest,

1948 3132 1994 3195 ῦ
2035 3121 2197 3177 quam
2232 3111 2327 3181 qui
2361 3128 2522 3183 posse
2553 3131 2613 3172 se
2661 3131 2865 3189 sperat.
2899 3123 3017 3180 Non
3071 3127 3241 3198 igitur
3263 3111 3616 3204 supplicibus

2034 3201 2408 3274 sac'erdOtum,
2459 3211 2553 3266 sed
2591 3213 2953 3272 enuntiativis
3001 3218 3218 3278 Domini
3253 3227 3438 3284 verbis
3470 3227 3613 3286 edici

2032 3293 2374 3351 credendum
2403 3309 2490 3356 est
2523 3301 2639 3358 haec
2666 3319 2822 3362 sacra
2868 3312 3153 3382 mysteria.
3187 3313 3323 3371 ltem
3354 3318 3487 3375 dum
3523 3336 3616 3376 ro-

2030 3392 2121 3454 gat
2151 3388 2449 3455 sacerdos,
2478 3401 2576 3450 aut
2598 3395 2738 3465 petit
2763 3397 3015 3455 obtinere
3062 3410 3400 3472 potestatem
3440 3409 3615 3464 conﬁ-

2031 3479 2216 3536 ciendi
2245 3487 2514 3554 mysterii,
2540 3499 2636 3544 aut
2661 3506 2806 3559 non;
2837 3492 2882 3548 si
2915 3495 3076 3564 petit,
3102 3512 3212 3553 non
3237 3498 3407 3570 igitur
3435 3501 3613 3558 inerat

2030 3574 2333 3631 sacerdotis
2373 3579 2632 3648 precibus
2667 3598 2730 3636 ea
2767 3587 3012 3653 potentia
3047 3588 3192 3660 (quis
3217 3591 3367 3646 enim
3400 3603 3613 3663 peteret

2030 3665 2178 3736 quod
2203 3666 2316 3737 jam
2341 3677 2488 3725 tenet
2515 3672 2560 3740 ἲ)
2597 3671 2754 3739 Quod
2789 3676 2835 3730 si
2867 3692 2975 3733 non
3002 3681 3163 3749 petit,
3193 3682 3401 3740 frustra
3434 3699 3606 3756 rogat.

2029 3755 2378 3830 Quapropter
2404 3778 2512 3818 non
2546 3765 2693 3834 ipsas
2717 3768 3070 3827 sacerdotum
3115 3789 3328 3844 preces,
3356 3779 3457 3834 sed
3508 3755 3610 3836 Do-

2029 3851 2165 3907 mini
2193 3853 2360 3909 verba
2392 3856 2782 3914 eucharistiam
2821 3863 3098 3921 conﬁcere
3123 3868 3477 3925 manifestum
3501 3883 3604 3927 est.

2027 3940 2184 3998 Adde
2211 3944 2357 4014 quod
2383 3947 2676 4003 verborum
2710 3965 2830 4020 qua:
2856 3951 2973 4008 hazc
2997 3959 3256 4028 mysteria
3282 3961 3606 4026 conﬁciunt,

2027 4035 2177 4090 nulla
2235 4036 2530 4095 diversitas
2556 4081 2572 4106 ,
2623 4041 2776 4097 nulla
2813 4046 3051 4101 mutatio
3098 4063 3223 4105 esse
3253 4051 3418 4106 debet
3449 4070 3465 4106 :
3499 4068 3606 4108 una

2027 4128 2172 4183 enim
2207 4129 2478 4202 cujusque
2505 4141 2562 4188 et
2608 4133 2968 4193 immutabilis
3002 4139 3176 4195 forma
3211 4151 3314 4210 est,
3346 4159 3454 4211 qua
3486 4161 3605 4198 mu.-

2027 4229 2138 4277 tata
2167 4229 2340 4277 totum
2375 4223 2539 4279 etiam
2572 4235 2836 4283 mutatur.
2871 4229 3028 4286 Unde
3071 4231 3359 4289 Matthzeus
3390 4243 3446 4289 ct
3469 4236 3609 4291 Mar-

2027 4327 2124 4369 cus
2154 4323 2209 4370 et
2253 4314 2469 4380 Lucas,
2501 4327 2556 4372 et
2603 4333 2728 4373 cum
2775 4319 2844 4376 iis
2885 4323 3170 4392 apostolus
3201 4324 3442 4389 Paulus,
3479 4341 3603 4382 cum

2028 4406 2194 4479 hujus
2235 4410 2666 4466 consecrationis
2722 4419 3057 4470 mentlonem
3108 4414 3359 4484 faciunt,
3397 4433 3519 4489 qua:
3575 4435 3602 4473 a

347 4486 468 4525 rum
515 4475 682 4529 etiam
715 4475 859 4532 Deus
888 4478 977 4544 sit,
1010 4492 1334 4554 crcatorque
1367 4487 1639 4553 omnium,
1677 4490 1771 4560 qui
1803 4491 1922 4547 solo
1954 4499 1997 4559 ι)
2029 4475 2312 4556 Salvatore
2332 4509 2492 4556 nocte
2517 4516 2623 4570 qua
2648 4502 2968 4560 tradebatur
2996 4506 3240 4576 perfecta
3264 4519 3370 4576 est,
3411 4513 3601 4566 eadem

345 4575 483 4637 nutu
516 4577 713 4623 cuncta
764 4570 1057 4639 produxit,
1111 4575 1203 4644 qui
1252 4577 1424 4632 verbo
1478 4594 1654 4650 aegros
1687 4584 1920 4650 curavit,

346 4665 594 4726 mortuos
623 4659 945 4729 suscitavit,
977 4673 1284 4738 caeteraque
1321 4671 1584 4726 miracula
1616 4673 1764 4738 fecit,
1800 4692 1924 4746 quae

344 4731 400 4824 in
428 4747 729 4821 Evangeliis
759 4754 1080 4813 recitantur.
1107 4759 1374 4818 Praeterea
1408 4765 1659 4823 humanae
1708 4783 1918 4838 preces,

344 4847 478 4916 tunc
524 4844 671 4912 quod
724 4853 881 4899 orant
923 4847 1184 4906 facillime
1222 4866 1674 4928 consequuntur;
1715 4876 1836 4916 cum
1867 4863 1921 4917 id

345 4909 557 5008 iueritae
608 4935 738 4998 sint,
788 4945 842 4992 et
890 4954 919 4993 a
967 4941 1326 5010 benemeritis
1381 4949 1703 5007 effunditur.
1754 4955 1920 5024 Atqui

1089 5008 1091 5010 η
1514 5003 1702 5007 eq---
1754 5003 1915 5024 __-1_.

345 5003 502 5095 panis
536 5036 590 5081 et
621 5029 732 5083 vini
767 5029 822 5084 in
854 5045 1054 5102 corpus
1079 5043 1134 5090 et
1157 5042 1476 5110 sanguinem
1505 5047 1915 5116 transmutatio,

346 5130 456 5178 non
516 5121 820 5187 petentium
870 5126 1107 5190 meritis,
1146 5129 1240 5183 sed
1276 5130 1396 5200 ejus
1434 5137 1680 5203 potentia
1728 5139 1822 5207 qui
1855 5155 1921 5193 ex

344 5207 520 5263 nihilo
557 5219 754 5266 cuncta
798 5215 1099 5284 produxit,
1141 5234 1240 5289 per
1272 5225 1611 5280 sacerdotem
1662 5237 1918 5299 tanquam

344 5314 445 5368 per
501 5299 928 5361 instrumentum
980 5310 1258 5379 quoddam
1311 5313 1567 5373 edicitur.
1616 5317 1770 5376 Unde.
1808 5337 1920 5378 non

344 5390 527 5447 minus
575 5395 645 5448 ab
695 5395 935 5469 indignis
981 5401 1364 5460 sacerdotibus
1410 5416 1574 5476 atque
1621 5413 1917 5479 perversis,

345 5497 508 5551 quam
535 5501 564 5539 a
606 5485 766 5542 bonis
798 5491 1112 5562 sanctisque
1139 5508 1517 5554 consecratur.
1554 5500 1630 5560 Ex
1657 5520 1766 5574 quo
1802 5521 1921 5562 ma-

346 5576 606 5631 nifestum
653 5589 758 5647 est,
791 5598 899 5636 non
931 5585 1142 5642 orantis
1172 5590 1516 5646 sanctitatem
1537 5635 1550 5658 ,
1600 5597 1694 5651 scd
1737 5598 1918 5668 ipsum

349 5669 640 5728 Dominum
674 5680 911 5748 prepriis
941 5683 1054 5736 suis
1075 5683 1279 5750 verbis,
1301 5701 1329 5739 a
1362 5689 1646 5747 sacerdote
1673 5693 1918 5761 prolatis,

351 5774 546 5828 panem
577 5773 630 5815 et
657 5766 842 5834 vinum
877 5769 929 5820 in
972 5770 1250 5845 proprium
1285 5787 1484 5842 corpus
1530 5787 1914 5837 transmutarc.

2026 4593 2192 4648 verba
2211 4609 2403 4648 omnes
2422 4594 2613 4650 eodem
2637 4595 2800 4652 modo
2829 4601 3191 4667 pronuntiant
3227 4618 3242 4656 :
3269 4605 3522 4674 quamvis
3546 4612 3604 4659 et

2023 4684 2078 4739 in
2110 4685 2494 4754 superioribus
2524 4687 2666 4740 etin
2713 4689 3077 4758 sequentibus
3126 4692 3332 4750 diversi
3381 4695 3602 4751 diverso

2025 4778 2191 4833 modo
2241 4786 2370 4834 sunt
2411 4777 2606 4834 locuti.
2657 4777 2758 4838 Hic
2805 4783 3016 4851 pariter
3046 4800 3241 4842 omnes
3286 4787 3601 4843 dixerunt:

2024 4870 2134 4925 Hoc
2155 4881 2230 4925 est
2257 4888 2446 4940 corpus
2472 4889 2680 4939 meum;
2715 4883 2790 4939 et,
2816 4874 2912 4931 Hic
2937 4887 3014 4931 est
3038 4883 3254 4950 sanguis
3284 4897 3446 4936 meus.
3470 4881 3598 4938 Pre-

2024 4977 2115 5018 ces
2139 4978 2268 5017 vero
2301 4973 2356 5019 et
2379 4965 2810 5034 supplicationes
2839 4970 3210 5036 sacerdotum,
3236 4974 3440 5043 quibus
3464 4990 3600 5030 non-

2025 5051 2163 5107 nulli
2190 5052 2512 5109 existimant
2535 5054 2639 5110 hoc
2680 5057 3001 5128 mysterium
3029 5059 3247 5128 conﬁci,
3292 5062 3428 5118 alias
3454 5064 3597 5132 apud

2024 5143 2161 5199 alios
2195 5154 2252 5199 et
2281 5145 2444 5213 longe
2491 5145 2713 5216 quidem
2745 5147 2992 5206 diversas
3025 5165 3146 5208 esse
3179 5153 3456 5210 videmus.
3491 5156 3596 5210 Alii

2022 5234 2172 5297 enim
2203 5235 2446 5306 optando
2467 5277 2482 5302 ,
2517 5238 2610 5293 alii
2639 5238 2962 5309 imperando
3003 5242 3054 5296 id
3089 5255 3278 5314 agunt.
3311 5244 3594 5316 Siquidem

2021 5323 2278 5381 Clemens
2311 5334 2365 5382 et
2393 5325 2994 5402 Jacobus:Rogamus,
3022 5330 3320 5403 inquiunt,
3361 5345 3421 5390 ut
3472 5337 3596 5392 mit-

2026 5425 2106 5471 tas
2139 5417 2407 5488 Spiritum
2440 5430 2688 5475 sanctum
2722 5429 2878 5477 tuum
2916 5439 3086 5495 super
3113 5425 3216 5482 hoc
3241 5427 3592 5492 sacriﬁcium,

2023 5507 2118 5578 qui
2150 5508 2348 5564 eiliciat
2373 5510 2521 5565 hunc
2552 5527 2748 5582 panem
2782 5529 2983 5587 corpus
3011 5516 3216 5574 Christi
3249 5521 3349 5583 tui.
3373 5522 3593 5591 etquod

2025 5598 2083 5652 in
2116 5598 2222 5654 hoc
2247 5600 2418 5656 calice
2448 5610 2565 5668 est,
2600 5604 2924 5674 sanguinem
2959 5607 3167 5666 Christi
3211 5611 3310 5667 tui.
3355 5611 3591 5669 Iacobus

2023 5703 2154 5745 vero
2190 5709 2204 5746 :
2242 5691 2538 5764 Rogamus,
2573 5694 2769 5766 inquit,
2808 5707 2868 5754 ut
2900 5697 3142 5770 Spiritus
3167 5713 3390 5761 sanctus
3431 5703 3591 5758 adve-

2025 5783 2184 5840 niens
2220 5797 2432 5856 sancta,
2466 5788 2609 5846 bona
2641 5798 2806 5861 atque
2841 5793 3078 5862 gloriosa
3119 5798 3237 5864 ejus
3298 5797 3585 5868 pmseutia
