3990 6212
330 338 435 408 501

1329 334 1430 397 DE
1471 327 1983 419 SACRAMENTO
2027 330 2597 395 EUCHARISTLE.

3493 333 3597 400 5(2

312 459 675 521 sanctiﬁcat.
720 463 780 510 et
828 450 993 509 iaciat
1026 451 1176 507 hunc
1202 451 1426 523 quidem
1479 467 1678 524 panem
1708 464 1912 522 corpus
1939 452 1986 511 Α
2016 451 2210 508 nonin
2240 465 2364 519 ens,
2390 453 2487 510 sed
2519 452 2576 509 in
2618 466 2729 509 non
2758 466 2859 509 ens
2890 460 3223 510 mutaretur.
3254 451 3410 507 liunc
3460 466 3593 527 vero

324 554 500 611 sancti
534 547 741 606 Christi
772 547 877 613 tui,
905 555 963 603 et
1002 544 1231 601 calicem
1264 545 1415 601 hunc
1447 545 1750 617 pretiosum
1780 557 1911 598 san-

323 645 551 718 guinem
597 639 808 698 Christi
861 638 964 694 tui.
992 638 1086 695 -Δι
1118 653 1350 711 magnus
1396 638 1592 695 doctor
1628 637 1905 702 Basilius;

329 737 639 809 Rogamus,
669 731 875 802 inquit,
908 739 969 786 ut
1012 730 1205 785 veniat
1233 729 1478 801 Spiritus
1505 739 1736 786 sanctus
1780 737 1911 783 tuus

324 843 499 900 super
526 841 652 899 nos,
683 835 741 879 et
774 837 944 893 super
970 822 1087 878 haec
1122 820 1407 891 proposita
1431 834 1662 875 munera
1683 858 1701 881 .
1735 827 1793 875 et
1816 818 1914 874 be-

326 922 551 979 nedieat
580 935 666 989 ea,
716 917 1028 975 sanctiﬁcet
1057 924 1111 971 et
1144 915 1332 983 faciat,
1365 916 1517 971 hunc
1548 914 1775 986 quidem
1808 928 1912 984 pa-

323 1030 480 1078 nem,
511 1013 691 1084 ipsum
720 1010 1027 1081 pretiosum
1055 1022 1283 1078 corpus,
1305 1016 1362 1066 et
1392 1008 1583 1063 vinum
1610 1005 1911 1077 pretiosum

326 1106 659 1178 sanguinem
707 1100 952 1168 Domini,
1000 1108 1060 1156 et
1105 1098 1225 1163 Dei,
1275 1108 1335 1156 et
1382 1098 1691 1156 Salvatoris
1735 1096 1912 1153 nostri

327 1202 460 1261 Iesu
497 1194 731 1261 Christi,
757 1195 854 1266 qui
882 1193 1097 1250 eﬁusus
1121 1200 1208 1249 est
1240 1207 1342 1263 pro
1372 1192 1565 1248 mundi
1600 1191 1734 1247 vita.
1761 1191 1916 1247 Divi-

330 1305 439 1348 aus
470 1295 656 1343 autem
696 1283 1130 1355 Chrysostomus
1160 1300 1176 1338 :
1208 1281 1439 1346 Emitte,
1487 1281 1589 1349 ait,
1641 1280 1914 1353 Spiritum

331 1392 514 1445 tuum,
541 1388 603 1435 et
653 1378 806 1433 hunc
844 1391 1043 1447 panem
1094 1376 1405 1447 pretiosum
1451 1390 1663 1446 corpus
1706 1375 1913 1433 Christi

332 1470 437 1536 tui,
476 1467 625 1539 quod
656 1480 791 1522 vero
813 1466 870 1520 in
901 1465 1007 1521 hoe
1037 1466 1208 1522 calice
1233 1475 1344 1530 est,
1366 1465 1673 1535 pretiosmn
1697 1466 1917 1537 sangui-

329 1578 461 1617 nem
498 1559 704 1617 Christi
734 1558 842 1614 tui.
871 1566 1248 1617 transmutans
1289 1573 1354 1615 ea
1400 1556 1615 1627 Spiritu
1658 1565 1755 1613 tuo
1786 1572 1917 1617 san-

331 1663 451 1709 cto.
483 1652 622 1708 Cum
655 1650 827 1721 igitur
854 1658 1008 1706 tanta
1045 1648 1118 1704 sit
1164 1648 1220 1704 in
1273 1650 1344 1705 iis
1385 1648 1699 1709 diﬂerentia
1750 1658 1916 1719 atque

327 1743 594 1808 varietas,
618 1741 785 1797 verba
809 1749 996 1797 autem
1019 1739 1353 1797 sacramenti
1376 1738 1694 1813 efﬁcientia,
1717 1739 1913 1795 immu-

332 1838 527 1915 tabilis
554 1851 676 1894 esse
715 1833 985 1901 debeant,
1035 1833 1290 1904 profecto
1335 1848 1445 1890 non
1493 1833 1590 1890 illa
1639 1847 1764 1905 qua
1807 1833 1912 1889 alia

331 1929 484 2005 apud
515 1929 655 1984 alios
680 1939 835 1991 sunt,
858 1926 962 1983 sed
988 1925 1107 1981 haec
1134 1925 1355 1981 Domini
1383 1915 1580 1991 verba,
1612 1940 1736 1996 qua:
1767 1924 1916 1996 apud

328 2036 533 2097 omnes
563 2017 760 2077 eadem
786 2026 920 2074 sunt
942 2056 958 2084 ,
1006 2027 1062 2074 et
1099 2020 1170 2073 ab
1223 2017 1481 2073 omnibus
1517 2015 1718 2074 eodem
1750 2016 1915 2072 modo

323 2113 719 2184 proteruntur,
746 2112 885 2166 tanti
911 2109 1159 2183 mysterii
1194 2108 1427 2166 formam
1460 2124 1608 2175 esse,
1636 2109 1791 2164 etiis
1818 2109 1915 2164 tri-

328 2206 620 2263 buendum
643 2220 767 2271 esse
820 2202 1144 2279 perﬁciendi
1208 2202 1517 2273 potentiam
1565 2201 1912 2258 manifestum

323 2308 415 2353 est
448 2316 463 2352 :
498 2312 599 2366 per
622 2311 688 2351 ea
729 2284 878 2353 enim
918 2281 975 2359 iit
1008 2302 1072 2367 ut
1101 2294 1173 2348 sit
1201 2293 1353 2362 quod
1375 2302 1481 2348 est.
1521 2292 1667 2347 Illud
1693 2304 1915 2362 quoque

323 2388 936 2452 considerandum'est,
968 2402 1033 2443 ea
1066 2401 1187 2455 esse
1206 2386 1451 2457 alicujus
1484 2386 1564 2442 rei
1598 2383 1911 2449 eﬁicientia,

324 2498 430 2552 per
458 2498 584 2553 qua:
631 2496 720 2535 res
766 2480 857 2545 illa
907 2481 975 2535 ad
1012 2494 1137 2537 esse
1165 2478 1516 2553 producitur,
1566 2478 1639 2533 ab
1682 2477 1914 2547 aliisque

323 2573 718 2643 distinguitur.
769 2571 946 2642 Hujus
994 2556 1181 2638 autem
1222 2571 1404 2626 divini
1455 2570 1707 2641 mystcrii
1765 2568 1915 2624 iiuna

321 2668 438 2721 alia
473 2681 639 2737 quam
666 2665 835 2719 verba
887 2663 1105 2719 Domini
1131 2662 1429 2721 eiiicicntia
1632 2661 1912 2731 videntur.

316 2760 479 2837 Ergo
523 2759 640 2829 ipsa
682 2757 988 2825 duntaxat,
1040 2767 1098 2815 et
1145 2772 1255 2813 non
1308 2756 1685 2815 sacerdotalea
1722 2769 1916 2826 preces

321 2863 550 2923 tantum
579 2864 720 2921 Opus
747 2848 1019 2907 conﬁcere
1046 2848 1278 2905 dicenda
1306 2857 1454 2905 sunt.
1481 2848 1658 2920 Hujus
1687 2846 1917 2913 rationis

319 2944 515 3021 prima
543 2943 766 3014 quidem
803 2956 935 3014 pars
973 2957 1074 3013 per
1101 2956 1163 2999 se
1194 2942 1315 3013 ipsa
1344 2955 1481 3003 nota
1508 2951 1617 3010 est,
1647 2955 1830 3013 quare
1852 2956 1915 2999 ea

317 3036 544 3109 omissa
571 3035 840 3091 minorem
888 3034 1273 3106 probabimus.
1302 3032 1485 3104 Ipsum
1518 3043 1671 3090 certe
1720 3050 1917 3092 conse-

2019 543 2323 599 terminum
2358 544 2659 616 dupliciter
2689 544 3045 602 considerare
3097 559 3393 613 possumus
3438 561 3454 597 :
3496 544 3598 607 ali-

2013 634 2237 704 quando
2270 634 2492 705 quidem
2529 634 2707 706 ipsum
2747 649 2953 705 corpus
2985 644 3041 690 et
3087 635 3411 707 sanguinem
3438 634 3598 691 intel-

2013 728 2271 800 ligentes.
2300 730 2356 784 in
2384 743 2508 799 quae
2550 727 2995 784 substantialitas
3031 729 3128 793 ﬁt;
3160 736 3218 782 et
3265 727 3370 783 hoc
3421 729 3596 799 signi-

2014 823 2213 883 ﬁcatur
2245 837 2372 879 cum
2402 821 2629 888 dicitur,
2675 839 2867 893 corpus
2912 831 2963 877 et
3000 826 3254 895 sanguis;
3301 821 3601 895 aliquando

2013 930 2148 971 vero
2177 913 2233 973 id
2257 913 2701 978 considerantes,
2736 924 2800 971 ut
2835 915 2954 972 haec
2999 915 3599 981 transsubstantialitas

2015 1008 2383 1071 determinata
2411 1015 2471 1063 et
2494 1007 2853 1080 particularis
2877 1008 2951 1064 sit
2981 1015 3039 1064 et
3075 1023 3205 1063 una.
3233 1005 3603 1074 Qucmadmo~

2014 1101 2148 1157 dum
2178 1101 2249 1161 iis
2273 1100 2443 1157 etiam
2476 1115 2600 1171 qua:
2632 1115 2734 1170 per
2763 1108 2938 1157 artem
2976 1099 3147 1168 ﬁunt,
3177 1108 3328 1167 sunt,
3359 1114 3469 1154 una
3494 1113 3601 1153 cu-

2011 1190 2216 1261 jusque
2243 1190 2427 1247 forma
2462 1198 2522 1247 et
2551 1190 2774 1261 species
2799 1198 2885 1248 est
2915 1207 2931 1246 :
2968 1189 3043 1245 ita
3071 1193 3238 1245 etiam
3268 1188 3437 1246 unius
3467 1203 3600 1259 ope-

2016 1282 2252 1339 rationis
2303 1296 2450 1343 unus
2498 1281 2734 1339 eﬁ‘ectus
2781 1289 2889 1351 est,
2922 1292 3152 1353 pr0pter
3186 1282 3334 1353 quod
3373 1281 3600 1337 additur

2016 1392 2212 1432 meum.
2245 1375 2501 1437 Tertium
2536 1391 2668 1432 vero
2706 1384 2875 1445 atque
2910 1387 3272 1445 postremum,
3304 1389 3406 1445 per
3449 1374 3599 1444 quod

2015 1468 2215 1525 modus
2237 1468 2878 1537 transsubstantialitatis
2912 1467 3262 1538 exprimitur,
3303 1468 3438 1524 satis
3471 1475 3600 1538 apte

2012 1561 2347 1634 exprimitur
2378 1576 2480 1632 per
2510 1562 2749 1617 verbum
2775 1570 2873 1617 est.
2914 1560 3075 1637 Quod
3109 1560 3259 1617 enim
3285 1560 3342 1615 in
3367 1559 3599 1617 instanti

2026 1656 2111 1723 ﬁt,
2149 1657 2265 1726 jam
2298 1669 2413 1710 non
2467 1653 2741 1722 futurum,
2798 1653 2893 1711 sed
2925 1654 3084 1724 quasi
3139 1651 3345 1709 factum
3383 1660 3442 1709 et
3491 1652 3599 1723 iam

2015 1749 2178 1821 plane
2223 1747 2541 1814 assistens,
2597 1762 2714 1803 non
2745 1746 3113 1815 imperativo,
3166 1762 3278 1802 non
3329 1745 3597 1817 optativa,

1997 1854 2129 1906 .nou
2159 1838 2406 1909 cuiusvis
2440 1840 2673 1896 alterius
2703 1839 2854 1895 medi
2887 1839 3095 1906 verbo,
3128 1855 3233 1895 nec
3261 1838 3449 1894 futuro
3476 1838 3603 1909 qui-

2016 1932 2144 1989 dem
2181 1942 2452 2003 te-pore,
2482 1944 2607 2003 qua
2634 1930 2809 1989 dubia
2832 1940 2983 1998 sunt,
3017 1942 3123 1986 nee
3165 1929 3222 1985 id
3282 1930 3436 2001 quod
3491 1939 3597 1997 est,

2013 2026 2112 2085 sed
2142 2026 2295 2097 quod
2322 2024 2574 2083 futurum
2607 2033 2713 2092 est,
2733 2023 2885 2095 quod
2911 2024 3076 2082 etiam
3107 2036 3218 2084 non
3242 2022 3363 2077 ﬁeri
3394 2029 3599 2092 posset,

2016 2119 2313 2191 signiﬁcat,
2356 2119 2457 2175 sed
2502 2119 2626 2189 ipso
2649 2118 2825 2175 verbo
2853 2126 2929 2174 est
2978 2116 3244 2187 temporis
3284 2115 3598 2184 praesentis,

2013 2204 2070 2268 et
2104 2211 2256 2268 nodi
2285 2210 2593 2278 indicativi,
2625 2209 2773 2280 quod
2808 2208 2990 2279 ipsum
3013 2209 3129 2280 iam
3148 2221 3275 2262 esse
3303 2205 3598 2276 signiﬁcat,

2013 2304 2353 2361 sullieienter
2403 2301 2770 2373 eXprimitur:
2820 2300 2932 2355 imo
2990 2315 3125 2356 vero
3182 2299 3448 2353 duntaxat
3496 2298 3605 2352 hoc

2018 2396 2186 2452 modo
2213 2395 2449 2467 exprimi
2485 2402 2667 2464 potest
2696 2402 2754 2448 ct
2778 2407 2891 2449 non
2919 2392 3104 2447 aliter.
3130 2390 3256 2446 Haec
3284 2390 3454 2460 igitur
3484 2403 3604 2444 om—

2016 2488 2131 2556 nia,
2168 2486 2310 2543 adeo
2340 2486 2401 2541 iu
2445 2486 2550 2540 hac
2583 2482 2821 2539 naturali
2854 2468 3480 2538 transsubstaniialitate
3505 2492 3604 2531 nc-

2014 2576 2279 2643 cessari-a,
2324 2589 2451 2631 cum
2490 2573 2659 2628 nullis
2706 2571 2831 2628 aliis
2879 2579 3249 2642 praeterquam
3302 2568 3605 2623 Dominicis

2017 2668 2207 2725 verbis
2227 2668 2642 2733 contineantur,
2673 2664 2840 2720 sicuti
2886 2671 3169 2718 ostensum
3200 2668 3308 2727 est,
3332 2659 3603 2730 profecto

2015 2761 2334 2818 existimare
2366 2760 2616 2831 cogimur
2673 2766 2841 2828 atque
2866 2753 3049 2822 fateri,
3082 2754 3175 2809 illa
3205 2753 3325 2823 ipsa
3362 2752 3604 2810 edicien-

2016 2857 2091 2911 tia
2121 2868 2248 2912 esse
2287 2863 2406 2909 tam
2456 2858 2595 2911 sacri
2639 2850 2926 2924 mysterii,
2969 2849 3175 2921 quibus
3211 2848 3352 2904 nihil
3389 2848 3596 2914 deﬁcit,

2014 2950 2161 3007 nihil:
2182 2957 2459 3019 superest,
2491 2955 2550 3002 et
2574 2957 2687 3001 non
2732 2958 2925 3015 preces
2970 2943 3245 2999 humanas
3272 2940 3475 3012 quibus
3502 2940 3606 2999 alia

2016 3059 2125 3114 qua
2166 3041 2372 3110 desunt
2401 3055 2525 3112 quae
2573 3038 2749 3110 magis
2794 3035 3104 3093 necessaria
3152 3037 3356 3090 forent.
3397 3034 3605 3092 Praeter

316 3128 599 3187 orationis
640 3142 801 3198 opus.
835 3135 893 3183 et
921 3142 1021 3197 per
1053 3129 1529 3184 consecrationem
1555 3125 1792 3184 efﬁcitur
1820 3143 1911 3184 sa-
1941 3143 1982 3200 ε
2014 3136 2133 3193 hac
2164 3133 2370 3201 omnia,
2403 3148 2528 3193 cum
2559 3133 2665 3186 hoe
2710 3130 3123 3185 immaculatum
3156 3127 3489 3183 sacriﬁcium
3544 3126 3603 3180 in

316 3234 487 3295 erum
528 3217 848 3291 mysterium
877 3217 935 3271 in
981 3228 1228 3272 extrema
1274 3217 1589 3288 prolatione
1620 3218 1914 3273 verborum

321 3310 796 3377 conﬁcientium,
844 3324 1192 3380 quaecunque
1217 3308 1310 3363 illa
1362 3308 1458 3375 sit,
1501 3318 1562 3365 et
1591 3309 1650 3364 in
1688 3309 1915 3365 instanti

324 3405 415 3462 ﬁt.
452 3402 745 3473 Siquidem
780 3401 940 3472 panis
969 3408 1031 3455 et
1074 3400 1187 3456 vini
1236 3400 1547 3456 substantia
1582 3400 1637 3455 in
1667 3416 1767 3457 sua
1793 3416 1917 3472 per-

320 3503 526 3552 manet
555 3502 779 3558 natura,
808 3493 985 3549 donec
1013 3492 1200 3549 omnia
1245 3491 1340 3547 illa
1369 3507 1716 3563 quaecunque
1764 3504 1916 3558 sunt.

323 3602 459 3661 qua
490 3594 896 3652 sacramentum
937 3584 1236 3654 perﬁciunt
1263 3583 1437 3640 verba
1473 3583 1731 3659 dicantur
1756 3603 1770 3641 :
1799 3588 1919 3656 qui-

320 3685 435 3738 bus
473 3679 640 3736 dictis
664 3693 789 3733 mox
818 3678 1165 3733 consecratio
1210 3677 1295 3743 ﬁt,
1321 3677 1920 3733 transsubstantialitas

319 3773 646 3847 perﬁcitur,
673 3776 1090 3828 consummatur
1118 3764 1553 3825 sacramentum.
1583 3770 1742 3838 Quod
1772 3779 1826 3826 et
1852 3770 1921 3826 de

318 3864 669 3938 baptismate
701 3862 896 3916 beatus
922 3859 1266 3931 Augustinus
1294 3858 1372 3914 ait
1411 3877 1425 3914 :
1468 3860 1667 3926 Aufer,
1716 3858 1918 3928 inquit,

320 3944 538 4023 verba,
574 3964 633 4013 et
678 3954 815 4026 quid
848 3968 989 4024 aqua
1036 3954 1141 4008 nisi
1176 3952 1360 4024 aqua?
1391 3952 1636 4008 Accedat
1686 3952 1918 4007 verbum

322 4054 636 4113 elemento,
671 4055 728 4102 ct
777 4045 1015 4100 cﬁicitur
1069 4055 1501 4101 sacramentum.
1560 4044 1714 4101 Unde
1770 4054 1918 4102 tanta

322 4126 588 4213 putentia
616 4153 774 4209 aqua:
800 4144 860 4191 ut
887 4152 1011 4192 eum
1041 4137 1286 4208 tetigerit
1314 4152 1540 4207 corpus,
1572 4148 1770 4208 purget
1799 4154 1916 4202 cor,

319 4235 441 4290 nisi
473 4248 544 4287 ex
574 4246 639 4286 eo
673 4232 764 4301 qui
802 4232 973 4285 verbo
1008 4230 1112 4285 hoc
1157 4229 1324 4286 facit?
1350 4229 1489 4286 Cum
1543 4232 1710 4302 igitur
1738 4232 1920 4286 mani.

318 4328 540 4382 festum
591 4323 683 4389 sit,
731 4338 831 4394 per
867 4322 1039 4378 verba
1083 4322 1193 4379 hoc
1238 4334 1644 4379 sacramentum
1695 4323 1916 4386 conﬁci,

318 4424 497 4480 decet
538 4435 662 4491 quin
690 4421 757 4475 ad
788 4420 932 4475 hanc
958 4434 1028 4474 ex
1069 4420 1379 4488 substantia
1430 4420 1487 4474 in
1549 4419 1915 4476 substantiam

2016 3226 2107 3282 sui
2131 3224 2456 3281 memoriam
2492 3222 2611 3277 ﬁeri
2640 3219 2870 3295 jusserit
2915 3220 3182 3277 Dominus
3209 3239 3227 3274 :
3266 3216 3383 3274 Hoc
3422 3218 3599 3283 enim,

1987 3320 2204 3390 -inquit
2233 3360 2251 3384 ,
2290 3316 2455 3375 facite
2496 3316 2553 3383 in
2597 3329 2775 3375 meam
2811 3312 3394 3369 commemorationem
3423 3351 3442 3376 ,
3481 3326 3604 3367 cer-

2020 3419 2073 3467 te
2113 3409 2438 3482 expressior
2478 3409 2600 3479 ejus
2654 3409 2919 3461 memoria
2958 3406 3059 3471 ﬁt,
3100 3419 3227 3460 eum
3269 3404 3420 3459 illius
3457 3419 3591 3459 ver-

2018 3502 2088 3558 ba
2151 3517 2220 3557 ex
2279 3499 2656 3557 sacratissimo
2707 3498 2802 3553 illo
2842 3511 2938 3553 ore
2993 3496 3203 3567 prolata
3258 3497 3600 3566 repetimus,

2016 3608 2184 3665 quam
2223 3591 2270 3646 si
2304 3591 2410 3645 alia
2446 3603 2790 3659 quaecunque
2836 3588 3163 3645 referamus.
3190 3586 3347 3654 Quod
3388 3585 3598 3642 conﬁr-

2025 3692 2143 3738 mat
2179 3680 2471 3753 apostolus
2526 3678 2755 3745 Paulus,
2798 3679 2929 3734 dum
2989 3678 3125 3735 dicit
3184 3677 3401 3734 Domini
3457 3692 3604 3732 mor-

2020 3784 2132 3830 tem
2171 3773 2226 3828 iu
2273 3772 2379 3827 hoc
2433 3772 2708 3828 sacriﬁcio
2761 3770 3103 3825 adnuntiari.
3143 3769 3261 3835 Quo
3297 3769 3446 3823 enim
3487 3784 3603 3821 mo-

2020 3866 2091 3921 do
2152 3863 2471 3920 annuntiari
2533 3863 2853 3933 expressius
2905 3869 3086 3931 potest
3114 3876 3276 3929 quam
3310 3859 3441 3915 dum
3476 3875 3601 3915 cor-

2020 3973 2129 4026 pus
2152 3967 2209 4013 et
2238 3955 2468 4026 sanguis
2498 3954 2622 4024 eius
2654 3953 2895 4023 propriis
2922 3952 3044 4022 ejus
3080 3950 3268 4005 verbis
3284 3967 3448 4021 quam
3474 3950 3602 4021 qui-

2022 4047 2218 4105 busvis
2266 4046 2393 4101 aliis
2434 4052 2643 4099 tantum
2674 4042 2874 4099 conﬁci
2903 4050 3337 4099 sacramentum.
3370 4041 3604 4105 Verumv-

2024 4150 2211 4197 tainen
2254 4152 2592 4196 concurrere
2638 4137 2856 4195 Patrem
2911 4151 2978 4217 ac
3034 4138 3303 4213 Spiritum
3348 4148 3608 4219 sanctum

2024 4234 2164 4291 Filio
2191 4232 2248 4288 in
2281 4233 2386 4290 hoc
2410 4232 2601 4293 divino
2629 4247 2796 4303 opere
2832 4224 3479 4296 transsubstantialitatis
3505 4220 3607 4303 pa-_

2023 4327 2111 4382 nis
2137 4335 2195 4382 et
2215 4325 2333 4380 vini
2377 4326 2432 4380 in
2464 4339 2671 4395 corpus
2697 4334 2754 4379 et
2785 4323 3111 4394 sanguinem
3141 4323 3370 4393 Christi,
3413 4326 3494 4380 tas
3521 4335 3607 4399 est

2023 4436 2057 4474 a
2092 4419 2351 4477 ﬁdelibus
2390 4418 2568 4474 credi.
2625 4416 2821 4473 Omnia
2863 4417 3010 4472 enim
3032 4431 3193 4486 Opera
3236 4420 3292 4472 in
3335 4402 3611 4491 creaturis:

318 4487 879 4591 transmutationem.
919 4513 1347 4573 similitudinem
1376 4513 1617 4585 aliquam
1651 4513 1913 4582 habeant,
1949 4487 1992 4544 θ
2022 4511 2277 4569 Trinitati
2335 4510 2653 4567 communia
2702 4518 2870 4577 sunt,
2934 4510 3187 4580 nihilque
3213 4510 3302 4585 .iit
3351 4487 3613 4578 omnino;

519 4607 827 4669 conformia
861 4605 999 4660 sint.
1024 4604 1184 4673 Unde
1218 4605 1481 4679 quoniam
1516 4606 1572 4661 in
1608 4608 1709 4661 hac
1741 4614 1919 4665 trans-

316 4702 639 4759 mutatione
677 4700 783 4774 tria
814 4698 931 4773 baec
957 4713 1080 4755 esse
1106 4713 1337 4755 necesse
1367 4708 1475 4764 est,
1533 4700 1837 4773 terminum
1884 4715 1916 4765 a_

492 4792 787 4853 terminum
821 4790 889 4845 ad
929 4806 1092 4861 quem
1133 4791 1251 4862 ipsa
1283 4792 1672 4849 transmutatio
1714 4791 1814 4859 ﬁt,
1862 4801 1915 4847 et

315 4886 567 4961 modum
592 4884 766 4956 ipsius
791 4882 1271 4939 transmutationis
1291 4920 1308 4948 ,
1336 4898 1457 4953 quae
1493 4884 1681 4939 omnia
1708 4884 1802 4940 illa
1839 4885 1914 4941 si»-

316 4976 626 5051 gniﬁcant;
664 4975 793 5031 talia
815 4990 950 5032 vero
977 4990 1102 5032 esse
1131 4974 1301 5030 verba
1347 4974 1566 5030 Domini
1589 4974 1753 5031 facile
1784 4992 1914 5047 pro-

317 5072 518 5136 batur,
544 5068 603 5122 in
639 5066 710 5123 iis
732 5066 882 5125 enim
914 5066 1234 5122 continetur
1279 5064 1551 5120 terminus
1585 5080 1617 5119 a
1652 5081 1791 5136 quo,
1815 5082 1915 5137 per

316 5159 577 5217 verbum
598 5157 755 5225 Hoc;
785 5172 913 5213 nam
939 5152 1048 5213 nisi
1076 5157 1135 5213 in
1163 5170 1229 5212 ea
1256 5164 1405 5212 esset
1429 5156 1699 5211 terminus
1718 5172 1750 5211 a
1778 5173 1908 5227 quo,

316 5267 443 5308 non
475 5258 631 5306 esset
661 5248 1087 5314 transmutatio;
1118 5257 1174 5301 at
1217 5248 1273 5302 in
1304 5262 1369 5302 ea
1398 5247 1466 5301 de
1495 5247 1806 5301 substantia
1856 5248 1911 5302 in

317 5342 700 5414 substantiam
731 5338 1119 5396 transmutatio
1175 5337 1236 5394 ﬁt
1268 5354 1283 5393 :
1330 5337 1480 5395 hunc
1510 5336 1681 5407 igitur
1726 5338 1914 5392 termi-

318 5449 469 5490 num
529 5433 807 5507 signiﬁcat
858 5430 995 5488 illud
1027 5429 1164 5486 Hoc;
1204 5424 1381 5485 Simili
1440 5428 1604 5483 modo
1644 5429 1915 5485 terminus

320 5528 397 5583 ad
438 5541 602 5596 quem
632 5528 823 5584 iisdem
849 5523 1037 5583 verbis
1051 5522 1235 5589 inest;
1263 5535 1390 5576 nam
1420 5521 1542 5576 sine
1581 5536 1650 5576 eo
1677 5522 1913 5577 termino

320 5632 447 5672 non
479 5626 626 5671 esset
656 5615 1070 5683 transmutatio,
1112 5611 1210 5670 sed
1261 5613 1449 5684 potius
1497 5614 1817 5685 corruptio,
1865 5616 1911 5671 si

2015 4604 2126 4671 nisi
2148 4611 2374 4660 creante
2408 4601 2573 4667 Filio,
2619 4600 2969 4671 beneptacito
3017 4601 3218 4665 Patris,
3258 4611 3318 4657 et
3361 4601 3603 4672 Spiritus

2014 4668 2201 4752 sancti
2226 4694 2528 4749 voluntate.
2566 4692 2651 4747 Ex
2680 4668 2794 4763 ipso
2828 4693 2995 4756 enim.
3027 4704 3076 4747 et
3117 4710 3214 4765 per
3237 4668 3437 4765 ipsum,
3468 4704 3515 4749 et
3548 4668 3612 4761 in:

2014 4789 2130 4859 ipso
2159 4787 2343 4842 omnia
2369 4785 2409 4849 ⁸.
2445 4785 2613 4855 juxta
2653 4784 2963 4854 apostolum
2993 4785 3247 4843 Paulum.
3278 4786 3343 4841 Et
3370 4800 3610 4843 rursus:

2020 4876 2127 4933 Per
2177 4891 2334 4949 quem
2378 4883 2431 4930 et
2474 4873 2671 4932 secuta
2711 4874 2835 4945 fecit
2866 4877 2910 4930 ¹.
2961 4876 3033 4931 Ει
3073 4876 3273 4932 iterum
3309 4897 3324 4933 :
3368 4877 3601 4933 Portam

2020 4972 2201 5026 omnia
2225 4970 2377 5025 verba
2409 4972 2685 5038 potestatis
2708 4985 2819 5023 sua:
2851 4970 2894 5024 ⁸.
2926 4969 2993 5024 Ει
3025 4968 3268 5026 Joannes
3295 4964 3607 5057 evangelia;

2022 5075 2095 5128 ta,
2120 5063 2316 5120 Omnia
2350 5079 2446 5134 per
2467 5066 2645 5133 ipsum
2672 5065 2816 5134 facta
2839 5076 2961 5120 sunt
2991 5065 3034 5120 ⁸.
3070 5065 3139 5120 Ει
3158 5064 3343 5136 idem:
3372 5063 3605 5139 Spiritus

2019 5165 2093 5210 est
2127 5157 2218 5227 qui
2255 5154 2485 5223 u'uiﬁcat
2518 5155 2561 5210 ⁵.
2585 5156 2652 5211 Et
2683 5156 2926 5212 Paulus:
2961 5157 3023 5213 Si
3050 5160 3191 5223 enim
3224 5156 3459 5229 Spiritus

2016 5250 2106 5317 qui
2145 5250 2479 5303 resuscitauit
2502 5247 2689 5302 Iesum
2735 5249 3003 5305 Christum
3043 5268 3076 5304 a
3109 5226 3356 5316 mortuis,
3395 5226 3604 5307 habitat.

2012 5346 2069 5396 in
2103 5342 2270 5402 nobis,
2306 5341 2398 5413 qui
2443 5343 2715 5397 suscitauit
2754 5341 2939 5397 Jesum
2970 5343 3240 5398 Christum
3287 5360 3323 5399 α
3349 5332 3597 5411 mortuis,

2014 5432 2300 5500 uiuiﬁcabit
2333 5440 2384 5486 et
2415 5433 2665 5490 mortalia
2692 5452 2919 5505 corpora
2957 5445 3143 5491 nostra
3168 5450 3263 5507 per
3288 5437 3596 5493 Meditari-

2013 5537 2118 5580 tem
2150 5526 2207 5580 in
2230 5525 2376 5579 nobis
2411 5524 2670 5594 Spiritum
2697 5526 2811 5595 ejus
2835 5528 2875 5581 ⁸.
2900 5527 2968 5582 Et
2997 5528 3238 5583 iterum:
3269 5526 3464 5584 amitis
3493 5545 3594 5584 au-

2015 5629 2117 5674 tem
2145 5618 2257 5672 lucc
2285 5627 2537 5689 operatur
2560 5617 2705 5677 idem
2727 5630 2885 5689 atque
2912 5635 3047 5675 unus
3072 5618 3312 5690 Spiritus
3353 5621 3589 5677 dividens

400 5794 423 5830 ⁸
459 5794 616 5855 [ιω.
649 5814 725 5870 ιι,
752 5798 842 5858 56.
918 5803 940 5851 9
974 5802 1143 5861 licbr.
1168 5820 1206 5874 ι,
1239 5803 1293 5858 2.
1361 5804 1379 5836 ³
1412 5801 1552 5859 ibid.
1596 5804 1647 5860 5.
1722 5804 1740 5837 ⁸
1768 5804 1902 5861 Joan

2015 5849 2017 5857 π
2064 5806 2116 5861 3.
2204 5808 2225 5837 ⁸
2257 5806 2415 5864 Joan.
2450 5821 2521 5870 γι,
2558 5806 2647 5861 lii.
2728 5807 2747 5835 “
2783 5803 2941 5859 Rom.
2985 5817 3101 5870 vni,
3138 5803 3227 5857 ll.
