3990 6212
353 361 459 428 503

1319 344 1825 412 BESSARIONIS
1869 347 1929 409 S.
1972 347 2042 409 Β.
2085 345 2154 410 Ε.
2191 337 2653 412 CARDINALIS

3518 342 3624 408 504

353 474 641 542 unicuique
686 477 840 541 prout
875 468 986 523 uult
1016 470 1056 522 ί.
1092 466 1155 521 Ει
1203 466 1396 521 David.
1433 465 1631 519 Emitte
1672 463 1933 533 Spiritum
1961 468 2010 526 Α
2040 477 2183 533 quae,
2215 462 2320 519 etsi
2348 462 2415 518 ad
2445 478 2573 519 esse
2599 463 2681 517 rei
2706 460 2938 516 minime
2967 457 3280 516 necessaria
3311 457 3447 524 sint,
3478 459 3622 514 mnt-

355 575 504 620 tuum
524 573 574 616 et
603 561 927 616 creabantur
957 561 998 610 ¹.
1029 557 1164 611 Illud
1198 572 1330 610 sane
1362 555 1688 625 simpliciter
1742 563 1935 609 tenen-

356 659 511 719 dum,
542 664 597 709 et
625 669 723 722 pro
754 650 994 721 generali
1023 649 1255 719 quadam
1291 647 1477 716 regula
1502 645 1932 711 observandum,

354 750 552 806 divinae
595 745 882 800 Trinitatis
929 743 1303 812 operationes,
1335 743 1380 794 si
1431 741 1555 810 quis
1602 740 1936 794 intrinsecus

354 857 476 896 eam
507 841 676 907 ipsam
703 843 934 905 spectet,
966 834 1262 888 distinctas
1290 832 1518 886 omnino
1552 846 1615 884 ac
1655 841 1936 900 separatas

353 939 498 996 esse,
531 929 825 999 aliquando
854 927 1020 982 etiam
1045 927 1196 980 nullo
1217 925 1379 980 modo
1413 925 1647 979 invicem
1685 939 1936 978 commu-

355 1026 565 1086 nicare,
599 1020 1066 1092 quemadmodum
1115 1033 1173 1072 se
1205 1017 1411 1071 habent
1461 1029 1730 1085 generare
1753 1020 1806 1066 et
1843 1027 1937 1080 ge-

353 1113 563 1174 nerari,
600 1114 809 1180 spirare
843 1119 903 1162 et
927 1107 1149 1176 spirari,
1184 1118 1242 1160 et
1270 1105 1374 1158 alia
1422 1104 1670 1172 quaedam
1712 1101 1932 1156 similia.

355 1206 712 1260 Extrinsecus
737 1217 886 1264 vero,
912 1212 967 1256 et
986 1211 1257 1270 quatenus
1284 1198 1349 1251 ad
1371 1208 1678 1250 creaturam
1704 1203 1934 1263 spectat,

356 1315 467 1353 una
513 1308 598 1350 est
630 1295 901 1366 operatio,
937 1304 992 1348 et
1039 1294 1182 1347 idem
1233 1305 1372 1360 opus
1412 1289 1590 1343 Patris
1633 1295 1684 1340 et
1737 1287 1853 1341 Filii
1883 1296 1936 1338 et

359 1389 598 1456 Spiritus
631 1387 831 1448 sancti,
877 1385 1128 1452 nihilque
1160 1390 1246 1437 est
1283 1395 1478 1434 eorum
1511 1393 1633 1447 quae
1668 1378 1723 1431 itt
1773 1377 1936 1430 nobis

356 1481 514 1544 tium;
567 1478 711 1546 quod
755 1493 863 1530 non
899 1490 964 1529 ex
1000 1484 1112 1528 tota
1144 1473 1422 1527 Trinitate
1456 1477 1696 1534 emanet,
1724 1484 1831 1522 una
1859 1477 1937 1522 ta—

356 1585 480 1623 men
537 1569 894 1638 0peratione,
943 1583 1051 1621 una
1105 1563 1389 1636 potentia,
1460 1578 1567 1616 una
1630 1562 1930 1615 voluntate.

357 1662 538 1727 Quare
564 1677 706 1714 unus
727 1662 894 1715 etiam
931 1658 1134 1712 dicitur
1164 1664 1403 1717 creator,
1443 1664 1499 1708 et
1529 1669 1700 1708 unum
1733 1652 1937 1721 princi-

356 1755 507 1820 pium
543 1758 733 1806 eoru'm
763 1751 1038 1810 omnium,
1070 1763 1192 1817 qua-
1221 1756 1368 1809 sunt,
1401 1761 1526 1815 quae
1566 1744 1933 1809 fiunt,Trini-

357 1854 439 1899 tas
507 1858 631 1898 esse
688 1841 957 1896 creditur.
1003 1839 1219 1906 Quibus
1264 1849 1449 1892 autem
1508 1837 1694 1892 verbis
1751 1837 1938 1906 potius

357 1935 673 1988 consentire
703 1934 862 1987 decet
890 1933 1104 1986 Patrem
1126 1940 1182 1986 et
1204 1931 1474 2000 Spiritum
1499 1940 1751 1985 sanctum
1773 1945 1937 2000 quam

357 2027 505 2088 Filii,
543 2028 635 2096 qui
671 2026 918 2096 ejusdem
951 2037 1037 2081 est
1066 2036 1305 2089 naturae,
1328 2023 1692 2094 ejusdemque
1723 2038 1847 2077 cum
1871 2039 1939 2078 eo

359 2117 731 2172 substantiae?
780 2117 1126 2172 Manifestum
1165 2117 1272 2170 hoc
1302 2115 1562 2170 omnibus
1593 2124 1677 2170 est
1702 2123 1938 2168 conten-

358 2214 490 2267 dere
537 2212 874 2266 nolentibus.
907 2211 1004 2264 Est
1034 2218 1218 2263 autem
1251 2209 1316 2262 ad
1366 2208 1480 2262 haec
1510 2207 1855 2262 necessarius
1884 2216 1940 2262 et

359 2304 594 2358 idoneus
629 2312 683 2357 et
705 2302 982 2357 suiliciens
1013 2302 1286 2355 minister.
1317 2300 1607 2356 Sufﬁciens
1632 2309 1816 2354 autem
1855 2307 1940 2354 est

358 2396 453 2464 qui
488 2403 812 2464 potestatem
839 2410 934 2463 per
960 2397 1434 2449 consecrationem
1463 2389 1652 2448 habuit
1678 2402 1733 2448 et
1755 2407 1940 2448 sacer-

359 2491 458 2542 dos
490 2488 662 2543 factus
696 2497 801 2542 est.
831 2488 943 2542 Nec
971 2488 1116 2542 enim
1141 2504 1169 2541 a
1189 2502 1524 2558 quocunque
1553 2488 1765 2556 prolata
1789 2487 1940 2558 ejus-

359 2580 509 2634 modi
565 2582 735 2635 verba
765 2582 982 2636 efﬁcere
1034 2594 1264 2649 possunt
1307 2582 1452 2651 quod
1495 2583 1784 2650 quaeritur,
1830 2581 1940 2636 imo

359 2687 492 2726 vero
519 2672 658 2725 nihil
699 2673 926 2727 omnino
966 2682 1220 2742 possunt,
1257 2675 1361 2726 nisi
1399 2687 1427 2726 a
1477 2673 1764 2728 secerdote
1811 2686 1940 2742 pro-

361 2763 632 2816 ferantur.
665 2763 796 2832 Ejus
821 2765 899 2818 rei
934 2765 1073 2819 ratio
1125 2775 1209 2819 est
1241 2765 1386 2832 quod
1427 2765 1500 2817 ita
1532 2763 1643 2818 Deo
1677 2763 1939 2833 placitum

362 2861 470 2917 est,
497 2853 570 2907 ita
612 2852 910 2919 ordinavit,
949 2855 1092 2909 hanc
1127 2855 1256 2909 tulit
1285 2855 1484 2924 legem.
1519 2853 1938 2925 Transgressori

363 2945 534 3015 igitur
571 2945 706 3016 legis
730 2955 786 3000 et
825 2947 1128 3001 voluntatis
1156 2947 1276 3018 ejus
1307 2947 1532 3017 dignum
1561 2953 1818 3016 paratum
1855 2955 1940 3002 est

362 3040 640 3094 meritum.
675 3052 744 3091 ne
765 3038 892 3106 quid
920 3037 1098 3093 facere
1133 3039 1327 3114 possit.
1351 3037 1583 3108 Oportet
1620 3045 1804 3093 autem
1852 3053 1940 3093 sa-

363 3128 643 3182 cerdotem
693 3143 818 3182 cum
849 3129 1031 3183 debita
1081 3129 1392 3184 intentione
1423 3129 1489 3183 ad
1512 3145 1576 3184 ea
1608 3144 1730 3196 Quae
1757 3129 1938 3183 Domi-

367 3238 477 3278 nus
505 3221 784 3276 mandavit
810 3222 1097 3278 accedere.
1133 3223 1419 3292 Siquidem
1457 3224 1738 3279 mandavit
1781 3223 1940 3279 nobis

366 3325 428 3371 ut
473 3316 529 3370 in
577 3315 698 3386 ejus
729 3317 1307 3370 commemorationem
1362 3315 1478 3371 haec
1525 3331 1834 3385 ageremus,
1883 3325 1961 3370 ιιι⁵

363 3409 602 3463 sciamus
625 3423 826 3478 corpus
851 3409 969 3476 ejus
994 3417 1048 3463 et
1076 3408 1396 3481 sanguinem
1424 3411 1944 3476 (instrumentaliter

363 3500 469 3569 ipsi
506 3500 790 3568 facientes,
837 3517 962 3556 cum
1015 3502 1131 3556 haec
1183 3506 1499 3572 operantur)
1545 3513 1778 3558 mortem
1826 3505 1945 3574 ejus

364 3596 721 3649 annuntiare.
764 3594 821 3648 Si
869 3595 994 3663 quis
1047 3595 1195 3648 enim
1239 3597 1326 3650 vel
1369 3595 1536 3650 verba
1576 3597 1822 3670 Domini,
1860 3597 1944 3652 vel

367 3687 470 3740 alia
512 3686 794 3755 quaelibet,
839 3687 1042 3755 quibus
1084 3686 1366 3741 existimet
1415 3687 1727 3758 httjusmodi
1760 3702 1946 3742 sacra—

371 3790 620 3834 mentum
657 3779 877 3841 conﬁci,
923 3778 1263 3846 pronuntiet,
1298 3795 1404 3832 non
1445 3781 1510 3832 ad
1536 3795 1600 3833 ea
1635 3795 1756 3848 quae
1801 3780 1946 3834 dicta

371 3881 504 3925 sunt
533 3870 849 3936 intendens,
885 3885 1056 3940 seque
1092 3869 1145 3923 id
1183 3886 1343 3940 agere
1373 3871 1524 3940 quod
1559 3871 1650 3925 ille
1677 3871 1948 3942 jussitar-

371 3958 628 4022 bitretur,
659 3960 795 4013 nihil
837 3962 1064 4014 omnino
1093 3961 1237 4029 agit;
1273 3961 1368 4016 sed
1390 3977 1503 4037 suo
1532 3961 1828 4016 frustratus
1850 3959 1947 4014 de-

369 4054 578 4106 siderio
615 4053 843 4106 fallitur.
878 4052 1160 4106 Materiam
1203 4062 1462 4122 prmterea
1519 4053 1583 4108 ad
1617 4053 1733 4106 haec
1765 4062 1946 4123 aptam

369 4153 428 4198 et
459 4146 880 4198 convenientem
938 4158 1059 4197 esse
1096 4158 1321 4197 necesse
1368 4153 1472 4197 est.
1525 4143 1759 4212 Oportet
1798 4145 1948 4197 enim

371 4249 567 4306 panem
596 4249 664 4290 ex
689 4234 990 4296 frumento,
1025 4237 1213 4286 vinum
1245 4247 1312 4286 cx
1349 4235 1459 4287 vite
1491 4233 1631 4287 fieri.
1667 4233 1785 4288 Nisi
1811 4235 1952 4289 enim

367 4343 595 4398 granum
624 4327 896 4393 frumenti,
930 4325 1068 4379 dicit
1118 4324 1399 4388 Dominus,
1445 4325 1638 4380 cadens
1669 4327 1721 4380 in
1754 4336 1953 4380 terram

369 4428 636 4474 mortuum
667 4420 845 4490 fuerit,
871 4418 1072 4471 nullum
1105 4415 1334 4485 fructum
1354 4417 1535 4488 afferet
1565 4419 1606 4472 ³.
1630 4418 1698 4473 Et
1718 4434 1947 4473 rursus:

2041 566 2157 611 tum
2202 545 2385 610 tamen
2413 555 2709 611 conferunt
2728 554 2796 609 ad
2825 553 3081 610 decorem
3115 552 3626 624 perfectionemque

2041 641 2287 718 mysterii
2312 665 2326 714 ;
2359 661 2426 702 ex
2449 648 2654 718 quibus
2686 647 2731 702 si
2761 646 2893 717 quid
2922 643 3222 715 aliquando
3247 645 3396 716 justa
3429 656 3625 698 neces-

2041 741 2206 795 sitate
2238 743 2717 810 praetermittatur,
2744 741 2894 794 nulla
2933 742 3146 810 jactura
3179 737 3251 792 sit
3285 753 3298 789 :
3341 736 3628 807 bnjnsmo-

2040 831 2094 887 di
2126 842 2256 888 sunt
2291 835 2609 903 mysterium
2647 849 2816 905 super
2841 832 3000 886 altari
3033 832 3332 898 conficere,
3364 830 3627 886 sacerdo-

2039 923 2241 979 talibus
2285 924 2529 978 vestibus
2563 924 2738 989 indui,
2773 923 3142 986 sacerdotem,
3194 923 3363 977 multa
3409 929 3468 976 et
3500 931 3625 976 ante

2040 1015 2207 1068 verba
2247 1015 2461 1068 Domini
2503 1025 2560 1069 et
2593 1024 2716 1084 post
2744 1015 2797 1069 in
2833 1013 3052 1068 laudem
3099 1011 3218 1073 Dei,
3265 1013 3318 1066 in
3354 1012 3626 1066 narratio-

2041 1122 2165 1160 nem
2196 1123 2421 1176 operum
2453 1119 2702 1171 suorum,
2738 1106 2792 1160 in
2829 1104 3280 1174 impetrationem
3314 1103 3440 1157 vitae
3465 1107 3626 1158 aiter-

2040 1214 2145 1260 ine,
2198 1200 2394 1268 partim
2441 1215 2468 1252 a
2519 1198 2924 1264 sacerdotibus,
2953 1199 3153 1268 partim
3186 1213 3215 1251 a
3243 1197 3449 1268 populo
3492 1196 3642 1250 dici.‘

2045 1286 2200 1343 Unde
2233 1299 2288 1344 et
2318 1289 2423 1342 alia
2455 1289 2600 1354 apud
2631 1289 2769 1344 alios
2791 1290 3077 1353 dicuntur,
3107 1290 3327 1359 etapud
3358 1289 3628 1358 quosdam

2042 1383 2224 1448 plura,
2267 1382 2409 1450 apud
2447 1382 2584 1434 alios
2613 1382 2890 1451 pauciora.
2921 1380 3063 1436 Hinc
3085 1381 3342 1451 estquod
3370 1380 3624 1444 Basilius,

2039 1472 2228 1527 Jacobi
2257 1513 2271 1537 ,
2312 1473 2742 1543 Chrysostomus
2757 1489 2888 1527 vero
2911 1473 3097 1527 Basilii
3123 1474 3321 1527 missas
3341 1473 3626 1528 breviores

2041 1565 2314 1630 fecerunt,
2369 1564 2515 1634 quod
2567 1581 2674 1619 non
2711 1565 3022 1620 necessaria
3068 1565 3251 1619 forent
3285 1565 3472 1619 omnia
3505 1579 3626 1632 qua

2041 1660 2386 1715 dicebantur.
2447 1660 2620 1715 Nemo
2691 1663 2840 1714 enim
2898 1660 3276 1715 necessarium
3327 1657 3626 1734 quidquam

2043 1752 2335 1807 detrahere
2381 1753 2838 1822 praesumpsisset.
2871 1751 3028 1819 Quod
3075 1753 3122 1806 si
3165 1751 3289 1822 quis
3327 1767 3477 1807 nunc
3514 1766 3624 1806 non

2045 1857 2142 1911 per
2172 1853 2548 1913 contemptum
2603 1844 2881 1907 Ecclesiae,
2927 1858 3051 1914 quae
3098 1843 3172 1898 ita
3201 1842 3499 1910 ordinavit,
3528 1857 3630 1898 nec

2044 1941 2305 2003 tanquam
2345 1950 2544 1989 novam
2578 1935 2993 1990 introducendo
3029 1935 3289 2002 haeresin,
3330 1935 3424 1990 sed
3456 1935 3629 1989 inevi.

2044 2023 2198 2078 tabili
2257 2017 2440 2093 aliqua
2483 2022 2818 2079 necessitate
2877 2032 3124 2090 coactus,
3176 2023 3296 2078 sola
3347 2022 3631 2078 Dominica

2043 2114 2208 2169 verba
2246 2130 2370 2170 cum
2403 2114 2599 2170 debita
2640 2115 2948 2171 intentione
2979 2113 3300 2186 protulerit,
3329 2115 3446 2184 ipsa
3480 2114 3626 2168 dun-

2045 2215 2192 2264 taxat
2221 2222 2343 2278 quae
2375 2207 2467 2262 ille
2497 2207 2636 2262 dixit
2662 2217 2718 2263 et
2741 2207 2893 2273 fecit,
2915 2207 3107 2263 dicens
3132 2215 3186 2263 et
3208 2205 3435 2271 faciens,
3465 2207 3629 2260 dum-

2044 2299 2207 2354 modo
2269 2300 2530 2355 saccrdos
2585 2299 2695 2366 sit,
2750 2298 3292 2368 convenientemque
3345 2298 3631 2352 materiam

2043 2392 2265 2458 habeat,
2304 2392 2554 2462 profecto
2587 2407 2775 2446 verum
2810 2391 3018 2446 ChriSti
3044 2390 3247 2461 corpus
3275 2392 3634 2460 sanguinem-

2042 2499 2148 2554 que
2199 2484 2448 2554 perfecit.
2475 2485 2675 2540 Contra
2710 2500 2846 2540 vero
2875 2484 2920 2541 si
2953 2485 3080 2555 quis
3110 2495 3307 2540 caetera
3339 2483 3544 2548 omnia,
3577 2492 3634 2538 et

2041 2577 2146 2630 alia
2181 2591 2321 2644 pene
2369 2575 2579 2631 infinita
2607 2576 2917 2647 proferens,
2964 2577 3130 2632 verba
3164 2575 3384 2632 Domini
3429 2576 3633 2632 omise-

2054 2671 2153 2736 rit,
2188 2670 2326 2725 lusit
2356 2685 2602 2741 operam,
2643 2682 2703 2725 ut
2739 2671 2917 2737 aiunt,
2951 2671 3202 2740 nihilQue
3227 2671 3455 2741 peregit.

2111 2760 2269 2828 Quod
2317 2762 2365 2818 si
2417 2762 2558 2819 forte
2597 2764 2868 2835 quispiam
2929 2765 3001 2819 iis
3061 2763 3290 2818 minime
3337 2771 3636 2818 contentus

2041 2854 2434 2911 auctoritatem
2487 2865 2715 2926 quaerat,
2767 2867 2825 2912 et
2879 2857 3013 2929 quid
3073 2859 3328 2913 doctores
3376 2855 3637 2912 Ecclesia:

2043 2947 2322 3003 senserint
2365 2948 2564 3004 audire
2609 2949 2914 3016 desideret,
2963 2950 3018 3004 in
3057 2950 3254 3020 primis
3290 2949 3480 3006 videat
3505 2951 3639 3006 Ant-

2043 3041 2287 3095 brosium
2337 3050 2496 3097 aetate
2527 3043 2751 3113 quidem
2809 3041 3209 3114 praecedentem
3245 3054 3494 3107 caeteros,
3544 3058 3634 3098 sa-

1967 3158 2012 3217 c
2045 3134 2249 3204 pientia
2275 3151 2408 3190 vero
2426 3151 2489 3191 ac
2514 3137 2638 3190 vita:
2657 3138 2947 3193 sanctitate
2977 3137 3136 3200 nulli,
3161 3137 3244 3192 vel
3269 3135 3636 3192 Orientalium

2046 3227 2130 3281 vel
2158 3225 2620 3292 Occidentalium,
2653 3230 2967 3283 cedentem.
2991 3227 3162 3284 liicin
3193 3244 3450 3284 sermone
3474 3244 3636 3298 quem

2046 3319 2115 3375 de
2151 3319 2513 3376 sacramentis
2544 3320 2786 3390 scripsit,
2824 3322 2895 3375 ita
2921 3319 3104 3391 inquit
3135 3338 3151 3378 :
3183 3319 3475 3386 Quomodo
3491 3322 3637 3376 enim

2047 3413 2207 3482 panis
2259 3423 2442 3483 potest
2493 3427 2615 3467 esse
2652 3427 2858 3484 corpus
2910 3412 3166 3468 Christi?
3208 3413 3419 3480 Quibus
3453 3412 3636 3468 verbis

2049 3515 2144 3561 aut
2172 3523 2406 3577 quorum
2454 3506 2640 3560 verbis
2677 3505 2795 3561 hate
2831 3515 3180 3561 sacramenta
3228 3505 3640 3576 perficiuntur?

2050 3598 2118 3652 Et
2147 3597 2298 3651 addit
2333 3613 2346 3650 :
2377 3597 2518 3667 ipsis
2549 3596 2766 3652 Domini
2803 3597 2975 3652 nostri
3009 3597 3140 3652 Jesu
3187 3595 3418 3652 Christi.
3462 3596 3529 3650 Et
3561 3595 3638 3651 in-

2049 3689 2132 3745 fra
2169 3708 2182 3744 :
2223 3691 2357 3744 Cum
2393 3700 2576 3743 autem
2617 3689 2720 3744 hoc
2775 3698 3186 3772 sacramentth
3231 3688 3468 3757 perﬁcit,
3528 3703 3636 3741 non

2051 3781 2289 3852 propriis
2319 3781 2505 3836 verbis
2532 3779 2815 3846 sacerdos,
2851 3781 2945 3836 sed
2987 3781 3160 3851 ipsius
3188 3779 3392 3834 Christi
3421 3779 3632 3833 utitur:

2052 3873 2216 3928 verba
2263 3873 2412 3928 enim
2459 3873 2671 3930 Christi
2720 3874 2828 3930 hoc
2861 3883 3269 3928 sacramentum
3316 3872 3634 3927 conficiunt.

2051 3964 2120 4021 Et
2149 3977 2270 4037 post
2296 3983 2471 4033 pauca
2499 3985 2513 4023 :
2541 3968 2681 4024 Ante
2705 3971 3180 4042 consecrationem
3213 3967 3371 4038 panis
3391 3977 3498 4030 est,
3518 3979 3638 4018 ver-

2051 4058 2138 4114 bis
2169 4070 2350 4114 autem
2391 4059 2598 4115 Christi
2647 4059 2835 4126 dictis,
2874 4077 2997 4114 mox
3030 4075 3230 4127 corpus
3272 4060 3476 4114 Christi
3510 4066 3594 4112 est
3624 4075 3637 4110 :

2053 4152 2286 4222 Accipite
2323 4153 2496 4218 enim,
2534 4154 2735 4221 inquit,
2794 4155 3046 4207 comedite
3083 4169 3147 4205 ex
3199 4169 3258 4206 eo
3302 4168 3503 4214 omnes,
3551 4151 3642 4204 hoc

2053 4253 2129 4298 est
2162 4259 2349 4312 corpus
2373 4260 2572 4298 meum.
2603 4243 2871 4300 Sitniiiter
2899 4245 2952 4298 in
2986 4244 3158 4300 calice
3195 4255 3322 4298 ante
3355 4244 3522 4298 verba
3539 4242 3642 4296 Do-

2057 4335 2189 4390 mini
2223 4337 2413 4391 vinum
2454 4344 2543 4390 est
2573 4351 2715 4404 aqua
2751 4336 3006 4399 mistum,
3047 4334 3253 4389 Christi
3294 4335 3484 4388 verbis
3511 4349 3642 4404 ope-

2058 4426 2309 4482 rantibus
2336 4429 2563 4497 sanguis
2587 4427 2848 4483 edicitur.
2892 4429 3109 4482 Rursus
3141 4428 3284 4482 idem
3317 4427 3642 4483 Ambrosius

370 4513 482 4584 Ego
504 4529 624 4566 sum
658 4513 776 4566 vitis
801 4528 923 4565 vera
944 4511 986 4563 δ.
1019 4509 1172 4577 Quod
1205 4510 1248 4565 Si
1285 4511 1444 4565 aliter
1478 4511 1754 4572 sacerdos.
1786 4512 1950 4566 etiam
1980 4498 2035 4559 Β
2062 4536 2186 4576 cum
2224 4522 2396 4576 multa
2421 4521 2656 4596 signavct
2693 4521 2962 4576 miracula
2991 4529 3505 4581 commemorasset.|
3522 4533 3645 4590 qua

367 4621 496 4662 cum
521 4605 708 4659 debita
747 4603 1075 4667 attentione,
1120 4603 1204 4657 vel
1244 4602 1361 4673 ipsa
1414 4603 1578 4657 verba
1612 4603 1831 4657 Domini
1865 4605 1950 4659 vel

365 4698 477 4753 alia
508 4711 849 4766 quaecunque
888 4697 1229 4766 pronuntiet,
1251 4711 1424 4750 vanus
1450 4704 1534 4750 est
1555 4694 1734 4750 omnis
1750 4695 1909 4750 labor
1931 4715 1947 4763 ;

339 4806 469 4845 nec
517 4790 660 4844 enim
694 4804 933 4858 unquam
961 4804 1025 4844 ex
1081 4789 1291 4844 hordeo
1338 4789 1562 4843 miliove
1596 4790 1690 4844 aut
1719 4789 1827 4843 alio
1863 4804 1948 4847 se-

367 4883 577 4938 minum
611 4897 813 4954 genere
867 4881 1023 4951 panis
1052 4883 1250 4945 faetns,
1281 4897 1458 4951 neque
1493 4881 1670 4937 sicera
1701 4889 1797 4935 aut
1833 4883 1942 4947 lac,

367 4983 464 5029 aut
503 4974 612 5029 mel
646 4974 700 5028 in
734 4988 936 5044 corpus
967 4983 1023 5029 et
1054 4976 1378 5044 sanguinein
1413 4972 1627 5028 Domini
1668 4984 1945 5030 transmu-

367 5075 594 5121 taretur.
629 5067 745 5122 Hoc
779 5082 1022 5122 canones
1052 5067 1452 5137 apostolorum,
1478 5067 1586 5122 hoc
1611 5069 1947 5138 posteriores

364 5160 622 5216 doctores
654 5161 943 5216 aﬂirmant.
1002 5160 1370 5225 Quamobrem
1395 5161 1540 5218 hoc?
1561 5162 1828 5229 Quoniam
1854 5164 1944 5219 ille

367 5253 550 5324 opifex
597 5267 782 5308 rerum
828 5255 902 5309 ita
935 5253 1131 5320 voluit,
1160 5253 1234 5309 ita
1265 5254 1585 5308 constituit:
1635 5255 1944 5324 transgredi

367 5352 552 5398 autem
593 5352 652 5400 et
677 5348 852 5400 vitare
876 5347 1174 5416 quidquam
1204 5363 1396 5402 eorum
1433 5364 1555 5419 qua:
1594 5350 1687 5404 ille
1721 5349 1947 5404 ordina-

373 5435 473 5499 vit,
508 5435 664 5493 nefas
693 5446 798 5493 est.
837 5438 962 5493 Haec
987 5456 1119 5510 ergo
1146 5439 1213 5495 ad
1244 5440 1386 5496 sat-ri
1423 5441 1671 5513 mysterii
1696 5457 1952 5496 consum-

377 5528 675 5584 mationem
709 5533 1026 5586 necessaria
1065 5547 1292 5602 prorsus
1333 5542 1484 5598 sunt,
1521 5544 1578 5588 et
1613 5534 1733 5589 sine
1757 5534 1956 5602 quibus

379 5617 514 5674 nihil
550 5624 778 5678 omnino
805 5624 924 5680 fieri
959 5635 1159 5696 potest.
1191 5625 1334 5681 Sunt
1361 5636 1542 5682 autent
1568 5626 1674 5680 alia
1707 5625 1960 5696 quaedam

456 5810 471 5841 ⁸
504 5806 523 5862 1
553 5808 680 5864 Cor.
712 5823 807 5874 ιιι,
844 5805 930 5860 11.
1009 5805 1027 5833 ³
1054 5804 1194 5860 Psal.
1232 5816 1349 5869 cm,
1379 5801 1467 5858 50.

1549 5803 1567 5835 ³
1596 5801 1756 5858 Joau.
1789 5817 1884 5871 nt,
1913 5801 2003 5857 21.

2059 4615 2178 4670 solo
2217 4615 2433 4670 Domini
2463 4615 2636 4671 verbo
2663 4615 2800 4670 facta
2831 4616 3008 4681 fuere,
3031 4616 3465 4684 universumque
3487 4627 3648 4667 mun.

2057 4707 2189 4762 dum
2224 4707 2392 4762 verbo
2417 4706 2610 4762 eodem
2640 4721 2706 4762 ex
2737 4707 2908 4760 nihilo
2925 4721 3043 4760 esse
3066 4704 3420 4775 productum,
3445 4705 3649 4758 multa-

2059 4815 2169 4871 que
2208 4800 2316 4855 alia
2371 4794 2742 4864 orationibus,
2779 4807 2834 4854 et
2874 4797 3361 4853 benedictionibus
3387 4794 3652 4850 humanis

2054 4892 2201 4947 facta
2245 4891 2603 4957 ostendisset,
2665 4901 2949 4962 postremo
2993 4891 3109 4944 iure
3137 4889 3293 4945 addit
3328 4907 3340 4944 :
3387 4887 3442 4944 Si
3477 4887 3651 4958 igitur

2055 4991 2273 5040 tantum
2328 4983 2508 5056 pctuit
2549 4985 2788 5038 humana
2824 4983 3137 5038 benedictio
3167 4981 3233 5037 ad
3266 4989 3649 5036 transmutan-

2053 5076 2177 5131 dant
2212 5091 2396 5130 rerum
2427 5085 2706 5139 naturam,
2739 5075 2869 5145 quid
2897 5075 2965 5129 de
3000 5074 3102 5128 hac
3131 5073 3320 5129 divina
3353 5087 3647 5127 consecra-

2051 5166 2202 5220 tione
2231 5165 2501 5229 dicemus,
2521 5165 2613 5218 ubi
2643 5165 2758 5234 ipsa
2781 5164 2946 5219 verba
2969 5162 3268 5219 Salvatoris
3289 5171 3597 5232 operantur
3621 5161 3645 5213 ἲ

2051 5257 2165 5313 Hoc
2195 5260 2341 5312 enim
2378 5266 2784 5312 sacramentum
2815 5256 2963 5326 quod
2993 5255 3220 5325 accipis,
3251 5254 3422 5307 verbo
3437 5251 3641 5306 Christi

2052 5349 2362 5404 coniicitur.
2407 5350 2540 5405 Aliis
2593 5348 2814 5420 quidem
2860 5347 2997 5402 locis
3047 5346 3192 5401 idem
3237 5345 3436 5400 doctor
3467 5343 3640 5398 multo

2059 5442 2214 5513 plura
2267 5442 2319 5494 in
2385 5441 2529 5496 hanc
2583 5439 2915 5494 sententiain
2973 5438 3425 5492 manifestissime
3487 5435 3638 5490 dicit.

2061 5534 2406 5604 Augustinus
2425 5549 2555 5588 vero
2582 5531 2964 5588 sanctissimus
2985 5537 3042 5587 et
3066 5531 3184 5601 ipse
3213 5529 3430 5596 doctor,
3462 5526 3639 5584 Divini

2067 5625 2320 5694 corporis
2363 5624 2734 5691 consecratio,
2773 5623 2975 5693 inquit,
3010 5638 3039 5679 a
3075 5621 3348 5679 catholica
3401 5620 3639 5678 Ecclesia

2078 5803 2278 5860 'Joan.
2331 5819 2416 5872 xv,
2454 5806 2504 5861 1.
