3990 6212
330 354 436 418 505

1337 345 1435 408 DE
1479 343 1988 408 SACRAMENTO
2027 343 2586 409 EUCHABISTL‘E.

3493 353 3600 420 503

321 471 566 531 creditur
601 487 711 529 non
746 471 926 543 magis
955 483 984 525 a
1012 470 1182 537 bono,
1215 482 1327 524 non
1359 467 1544 522 minus
1573 481 1604 522 a
1643 465 1792 522 malo
1823 481 1914 522 sa-
1945 475 1991 533 Α
2020 463 2198 534 ipsum
2231 465 2410 535 inquit
2438 465 2778 522 Salvatorem
2813 467 2932 523 haec
2957 467 3243 538 perficere,
3276 465 3453 539 ipsum
3483 484 3603 524 om-

322 567 546 624 cerdote
577 565 778 622 confici
812 585 826 622 :
866 579 1046 634 neque
1080 563 1228 618 enim
1278 561 1479 618 merito
1511 559 1914 624 consecrantis,

320 661 414 714 sed
440 658 720 714 Creatoris
745 656 980 712 efficitur
1002 656 1196 710 verbo.
1225 655 1294 710 Et
1318 654 1454 710 alibi
1493 671 1507 710 :
1538 651 1912 720 Credendum,

320 748 524 804 Christi
574 748 764 804 verbis
817 756 1226 804 sacramentum
1273 745 1471 801 confici
1513 745 1719 815 :cujus
1763 743 1912 798 enim

319 839 562 912 potentia
592 841 746 908 prius
777 849 962 894 creata
993 847 1123 895 sunt
1158 854 1222 894 ea
1255 853 1377 907 quae
1403 845 1553 901 sunt,
1583 837 1751 907 hujus
1765 847 1912 891 certe

319 931 490 986 verbo
517 931 583 985 ad
616 930 815 986 melius
838 936 1145 985 mutantur.
1174 930 1322 984 idem
1349 929 1405 984 in
1436 929 1472 982 2
1497 929 1564 982 de
1591 927 1772 982 verbis
1804 925 1912 979 Do-

321 1023 501 1078 mitti:
535 1023 676 1077 Ante
732 1023 901 1078 verba
958 1022 1199 1088 Domini,
1260 1021 1460 1092 inquit,
1497 1035 1640 1089 qua,
1675 1019 1786 1073 Hoc
1833 1027 1913 1072 est

320 1134 507 1188 corpus
543 1133 742 1181 meum,
777 1116 998 1182 dicunt,
1032 1116 1192 1186 panis
1223 1114 1432 1171 dicitur
1457 1113 1605 1184 quod
1638 1113 1910 1179 oﬂertur;

321 1209 505 1266 verbis
564 1217 751 1265 autem
802 1208 915 1264 illis
959 1209 1146 1274 dictis,
1187 1223 1297 1262 non
1333 1207 1569 1276 amplius
1599 1206 1778 1276 panis,
1811 1205 1907 1259 sed

275 1300 527 1372 ‘corpus
583 1313 830 1358 vocatur.
882 1302 952 1357 Et
993 1317 1186 1358 rursus
1241 1303 1296 1357 in
1340 1299 1690 1371 expositione
1740 1314 1909 1368 super

319 1394 585 1450 Joannem
629 1402 856 1449 vocatur
904 1409 1106 1464 corpus
1133 1405 1190 1449 et
1214 1394 1586 1457 caroChristi,
1607 1391 1751 1461 quod
1781 1404 1912 1446 caro

320 1486 609 1542 continere
640 1502 750 1540 non
788 1495 992 1556 potest.
1045 1485 1363 1541 Conficiunt
1391 1496 1576 1540 autem
1613 1484 1747 1538 illud
1788 1499 1909 1538 car-

321 1577 411 1632 nis
441 1577 628 1641 verba,
663 1594 784 1647 qua:
808 1578 983 1648 ipsius
1011 1577 1196 1632 carnis
1220 1577 1426 1632 Christi
1463 1578 1625 1632 verba
1659 1577 1906 1632 fuerunt.

319 1670 418 1724 Ait
459 1670 626 1726 enim;
689 1672 799 1726 Hoc
844 1682 920 1724 est
959 1688 1152 1741 corpus
1183 1687 1377 1725 meum.
1411 1670 1552 1737 Quid
1580 1670 1784 1725 clarius
1823 1670 1910 1725 his

324 1764 702 1820 testimoniis?
732 1765 863 1835 quid
898 1765 1246 1820 manifestius
1296 1779 1418 1819 esse
1455 1762 1673 1832 potest?
1715 1763 1906 1832 Neque

2019 556 2108 610 nia
2133 558 2350 626 cperari
2379 578 2392 613 :
2430 574 2531 613 nec
2568 560 2720 614 addit
2749 560 3006 629 precibus
3030 561 3378 618 sacerdotum
3407 560 3459 616 id
3481 560 3600 616 fieri

2018 649 2166 719 quod
2221 661 2374 706 certe
2426 651 2748 714 addidisset,
2795 636 3158 710 .si'scivisset
3219 653 3594 708 necessarium

2017 740 2157 805 fore,
2207 741 2475 796 subticuit
2509 754 2692 798 autem
2748 754 3006 816 tanquam
3053 760 3161 798 non
3198 747 3596 799 necessarium.

2018 829 2120 896 Qui
2153 831 2303 887 enim
2327 835 2510 887 omnia
2546 835 2700 900 facit,
2725 839 2880 892 nullo
2908 837 3118 908 indiget
3151 838 3461 905 operatore.
3498 837 3598 893 Ve-

2017 938 2138 976 rum
2172 939 2237 977 ex
2261 925 2368 979 illis
2403 925 2804 997 Chrysostomi,
2837 945 2958 998 qua:
2981 945 3144 998 supra
3170 928 3600 982 memoravimus

2017 1016 2201 1071 verbis
2249 1017 2484 1074 discitur
2510 1021 2761 1090 quaedam
2798 1022 2947 1076 haud
2977 1023 3382 1077 contemnenda
3411 1020 3597 1075 consi-

2016 1109 2250 1165 deratio.
2283 1111 2374 1166 Ait
2403 1113 2573 1177 enim,
2605 1131 2714 1170 non
2741 1101 3023 1184 accepisse
3054 1117 3282 1171 Paulum
3314 1132 3344 1170 a
3375 1114 3598 1170 Christo

2015 1200 2157 1258 hanc
2189 1205 2560 1272 traditionem,
2585 1223 2710 1262 cum
2747 1216 2934 1263 tamen
2959 1209 3074 1278 ipse
3101 1225 3160 1265 se
3197 1209 3473 1278 accepisse
3503 1222 3595 1264 as-

2013 1303 2180 1346 serat.
2222 1293 2288 1347 Et
2344 1306 2489 1351 recte
2528 1297 2751 1366 quidem
2795 1298 3242 1370 Chrysostomus.
3285 1299 3416 1355 Erat
3443 1299 3591 1355 enim

2015 1393 2128 1438 tum
2171 1384 2374 1442 Paulus
2413 1403 2734 1458 persecutor
2781 1401 2837 1446 et
2884 1393 3059 1448 hostis
3087 1394 3328 1448 nominis
3360 1393 3590 1460 Christi,

2012 1485 2067 1530 et
2094 1478 2267 1533 multo
2292 1491 2412 1548 post
2451 1483 2834 1538 ascensionem
2863 1486 3162 1540 Salvatoris
3190 1487 3246 1542 in
3286 1486 3478 1553 caelos,
3509 1502 3597 1542 sa-

2013 1583 2162 1622 cram
2202 1569 2363 1625 fidem
2395 1573 2461 1626 ab
2489 1588 2555 1627 eo
2591 1575 2683 1642 qui
2709 1576 2811 1631 sibi
2837 1578 2893 1631 in
2937 1577 3020 1632 via
3043 1578 3220 1634 fuerat
3246 1579 3462 1642 obvius,
3511 1578 3596 1634 di-

2012 1659 2242 1716 dicerat.
2278 1663 2495 1730 Quibus
2518 1666 2684 1738 igitur
2721 1669 3065 1727 tradentibus
3094 1673 3350 1740 accepit?
3385 1671 3592 1739 Nempe

2012 1754 2276 1822 apostolis
2306 1764 2360 1810 et
2385 1757 2449 1811 iis
2479 1759 2703 1826 quidem
2745 1777 2856 1816 non
2891 1763 3062 1818 verbo
3090 1772 3303 1819 tantum
3339 1765 3590 1820 docenti-

320 1853 472 1910 enim
525 1858 622 1910 ιιοε
667 1854 921 1910 doctores
975 1855 1268 1924 quisquam
1319 1855 1522 1908 mentis
1564 1869 1814 1924 compos,
1851 1860 1906 1908 et
1939 1845 1981 1899 Β
2009 1843 2132 1909 bus,
2167 1847 2263 1900 sed
2307 1847 2818 1906 demonstrantibus
2864 1866 3051 1921 Opere.
3089 1853 3292 1908 Paulus
3317 1869 3446 1908 vero
3481 1863 3592 1908 tra-

321 1942 673 2000 Christianus
715 1961 834 2000 esse
867 1944 1193 2000 desiderans
1238 1952 1531 2014 respueret
1573 1959 1712 2013 quos
1736 1959 1906 1999 sacrae

323 2050 517 2091 omnes
541 2036 764 2108 synodi,
799 2046 857 2091 et
894 2052 1216 2093 communes
1238 2037 1503 2092 Ecclesiae
1525 2035 1783 2092 doctores
1815 2051 1907 2092 ac-

323 2137 635 2198 ceptarum,
671 2145 811 2199 quos
861 2139 920 2186 ut
963 2142 1187 2186 sanctos
1231 2146 1296 2186 ac
1342 2131 1456 2187 Deo
1493 2131 1908 2201 acceptissimos

325 2219 534 2288 magnis
565 2221 860 2289 praeconiis
910 2223 1248 2287 extulerunt,
1289 2237 1526 2293 quorum
1585 2221 1907 2278 memoriam

323 2327 445 2366 cum
490 2329 708 2368 summa
756 2314 919 2370 laude
951 2331 1061 2371 non
1095 2316 1259 2371 modo
1289 2315 1682 2380 Occidentalis,
1713 2331 1906 2371 verum

323 2402 488 2456 etiam
522 2403 835 2460 Orientalis
871 2404 1119 2461 Ecclesia
1153 2407 1426 2462 celebrat.
1454 2407 1800 2463 Manifestum
1822 2416 1910 2463 est

322 2495 488 2565 igitur
516 2495 618 2550 hos
650 2511 759 2550 non
793 2495 1052 2561 obscure,
1124 2511 1306 2568 neque
1340 2498 1443 2552 sub
1467 2499 1658 2565 dubio,
1695 2501 1788 2556 sed
1815 2515 1909 2570 pa-

321 2586 430 2642 lam
461 2598 520 2642 et
553 2587 847 2642 manifeste
882 2588 1149 2655 sensisse,
1177 2590 1572 2646 sacratissimis
1607 2592 1756 2647 illius
1799 2593 1907 2648 Do-

322 2680 456 2733 mini
490 2679 677 2735 verbis
707 2679 811 2735 boc
843 2691 1256 2736 sacramentum
1288 2684 1509 2747 confici,
1547 2684 1663 2740 Hoc
1691 2696 1767 2740 est
1791 2702 1909 2740 cor-

319 2789 417 2841 pus
453 2788 634 2826 meum
669 2791 682 2825 :
716 2783 795 2838 et,
825 2772 924 2826 Hic
953 2781 1028 2827 est
1074 2776 1292 2846 sanguis
1313 2793 1495 2835 meus.
1526 2776 1668 2843 Quid
1701 2779 1909 2848 igitur?

320 2866 634 2936 Hiquidem
664 2866 769 2922 hoc
798 2866 964 2921 modo
994 2867 1212 2933 dicunt,
1248 2868 1558 2925 Orientales
1593 2887 1724 2926 vero
1748 2873 1909 2927 aliter

317 2960 593 3014 sentiunt.
648 2959 718 3012 At
765 2957 871 3014 hoc
917 2960 1081 3015 modo
1127 2975 1236 3016 non
1289 2961 1436 3017 idem
1481 2961 1535 3016 in
1570 2963 1652 3017 eis
1689 2963 1908 3020 locutus

318 3051 521 3106 fuisset
553 3052 799 3120 Spiritus
831 3069 847 3106 :
881 3067 985 3107 nec
1034 3053 1211 3108 sancti
1253 3052 1519 3124 Spiritus,
1549 3054 1646 3109 sed
1699 3056 1909 3110 ventris

315 3145 399 3200 sui
453 3145 840 3202 eructationes
892 3156 1081 3202 essent
1140 3161 1426 3204 sermones
1484 3163 1692 3202 eorum.
1749 3148 1908 3204 Nunc

316 3252 449 3293 vero
491 3252 635 3293 unus
665 3247 832 3307 atque
869 3239 1012 3293 idem
1063 3238 1305 3308 Spiritus
1342 3239 1560 3294 locutus
1593 3249 1677 3294 cst
1719 3255 1816 3310 per
1843 3255 1906 3294 os

317 3336 708 3398 utrorumque.
743 3329 1298 3400 Atquemadmodum
1329 3331 1383 3384 in
1408 3329 1624 3384 caeteris
1647 3330 1906 3384 omnibus

313 3423 387 3476 ita
413 3422 592 3478 etiam
625 3423 679 3477 in
722 3422 825 3478 hoc
854 3430 1208 3478 sacramento
1235 3421 1543 3478 concordes
1580 3429 1711 3476 sunt
1747 3421 1908 3476 Occi-

313 3513 634 3570 dentalibus
675 3514 1002 3569 Orientales.
1048 3515 1189 3568 Audi
1247 3515 1398 3569 enim
1429 3513 1561 3584 quid
1605 3526 1765 3568 antea
1812 3516 1902 3569 illa

312 3604 548 3659 Joannis
594 3604 782 3675 lingua
833 3605 886 3659 in
927 3620 1078 3659 xxxii
1128 3620 1293 3674 super
1327 3603 1644 3659 Matthazum
1677 3605 1905 3660 humilia

315 3696 466 3752 dicat
509 3713 521 3748 :
557 3695 675 3750 Non
708 3707 860 3760 sunt,
890 3697 1096 3767 inquit,
1140 3699 1395 3752 humana:
1423 3699 1685 3766 potentia.
1709 3713 1901 3767 opera,

312 3804 433 3859 qua:
457 3788 747 3858 proposita
777 3799 943 3855 sunt;
973 3791 1066 3860 qui
1094 3799 1225 3844 tunc
1249 3803 1314 3842 ea
1348 3789 1477 3844 fecit
1509 3789 1563 3842 in
1589 3803 1766 3854 creua,
1788 3789 1902 3858 ipse

312 3898 465 3939 nunc
500 3899 564 3938 ea
599 3897 821 3952 quoque
851 3893 1138 3952 operatur,
1179 3899 1280 3936 nos
1305 3883 1685 3936 uinistrorum
1719 3882 1901 3936 locum

313 3983 594 4030 tenemus.
635 3972 739 4040 Qui
788 3987 920 4028 vero
977 3972 1310 4038 sanctificat,
1350 3983 1434 4028 et,
1463 3987 1526 4027 ea
1557 3981 1752 4038 mutat,
1787 3973 1904 4043 ipse

312 4076 421 4124 est.
463 4067 684 4121 Rursus
719 4065 864 4122 idem
907 4069 964 4121 in
996 4081 1144 4119 xxvii
1181 4081 1342 4133 super
1375 4064 1392 4119 l
1421 4065 1486 4119 ad
1519 4064 1772 4121 Corinth.
1803 4065 1903 4120 ho-

311 4159 429 4213 mil.
465 4159 544 4212 ita
594 4158 774 4227 inquit
809 4176 822 4212 :
865 4157 1152 4224 Quomodo
1189 4155 1392 4210 Paulus
1415 4173 1444 4212 a
1481 4157 1712 4212 Domino
1743 4173 1902 4213 accc-

311 4252 436 4321 pit?
469 4250 594 4305 Non
633 4251 782 4306 enim
813 4251 1002 4306 aderat
1041 4260 1193 4315 tunc,
1218 4250 1316 4304 sed
1348 4266 1492 4305 unus
1522 4259 1642 4306 erat
1675 4267 1742 4306 ex
1777 4250 1917 4321 ρον-ἰ

311 4343 690 4399 secutoribus.
750 4342 822 4399 Ut
871 4343 1166 4413 intelligas,
1218 4343 1315 4406 ait,
1367 4343 1506 4398 nihil
1565 4343 1690 4412 plus
1752 4344 1899 4398 illam

312 4451 566 4492 mensam
604 4435 887 4500 habuisse,
935 4451 1096 4504 quam
1145 4436 1383 4490 habeant
1419 4436 1500 4489 hae
1541 4436 1898 4504 posteriores.

2011 1936 2149 1992 didit
2179 1939 2337 1996 nobis
2369 1957 2490 2011 quae
2524 1953 2834 2012 acceperat.
2865 1944 3003 1999 Cum
3041 1955 3225 2000 autem
3257 1960 3319 1998 ea
3351 1945 3466 2000 sola
3487 1953 3596 1998 tra-

2009 2031 2214 2086 diderit
2245 2049 2365 2102 quas
2397 2037 2449 2089 in
2479 2035 2724 2105 Epistola
2750 2037 2815 2090 ad
2846 2035 3165 2093 Corinthios
3195 2038 3411 2102 scribit,
3443 2045 3594 2093 certe

2010 2124 2106 2180 illa
2134 2126 2246 2181 sola
2279 2128 2513 2196 accepit,
2545 2139 2601 2184 et
2637 2129 2728 2184 illa
2767 2129 2882 2183 sola
2912 2131 3191 2199 apostolos
3219 2129 3402 2184 facere
3433 2129 3594 2187 vidit.

2009 2214 2148 2269 Nam
2173 2215 2219 2270 si
2245 2217 2400 2286 plura
2428 2219 2612 2273 facere
2642 2220 2894 2282 vidisset,
2920 2236 2984 2274 ea
3007 2235 3230 2290 quoque
3255 2220 3594 2275 tradidisset.

2008 2307 2156 2362 Nihil
2179 2319 2362 2364 autem
2399 2311 2452 2364 in
2485 2327 2548 2366 ea
2587 2311 2828 2382 Epistula
2859 2311 2992 2366 dicit
3019 2313 3254 2382 amplus,
3289 2315 3394 2366 nisi
3431 2311 3596 2367 Chri-

2009 2409 2154 2454 stum
2191 2402 2470 2471 accepisse
2500 2417 2696 2472 panem
2729 2403 2782 2456 in
2822 2417 3016 2458 manus
3045 2419 3192 2469 suas,
3220 2401 3593 2472 benediﬁssc,

2009 2494 2228 2552 dedisse
2255 2495 2568 2566 discipulis.
2599 2505 2765 2567 atque
2795 2497 3001 2552 dixisse
3037 2515 3050 2549 :
3077 2496 3311 2567 Accipite
3337 2504 3386 2550 et
3415 2494 3590 2568 ὧηηξε-

2008 2588 2138 2650 dite,
2187 2590 2284 2643 hoc
2334 2597 2412 2643 est
2469 2607 2656 2659 corpus
2693 2609 2889 2646 meum.
2942 2591 3086 2646 ldem
3127 2591 3293 2661 igitur
3333 2591 3483 2644 omni
3525 2606 3592 2646 ex

2009 2687 2168 2747 parte
2195 2681 2450 2750 apostoli,
2478 2682 2683 2750 quibus
2726 2683 3069 2739 tradentibus
3103 2683 3307 2739 Paulus
3330 2683 3382 2737 id
3429 2698 3591 2739 acce-

2010 2768 2110 2836 pit,
2155 2769 2454 2828 faciebant.
2516 2771 2628 2828 Hoc
2660 2783 2871 2828 tantum
2917 2775 3130 2843 accepit
3151 2772 3220 2828 ab
3248 2773 3356 2828 illis
3388 2773 3592 2829 Paulus

2011 2861 2114 2916 hoc
2134 2863 2361 2918 tradidit
2391 2865 2574 2920 nobis.
2602 2865 2973 2931 Postea,vero
3010 2869 3127 2922 sive
3157 2867 3432 2932 Clemens,
3475 2866 3593 2922 sive

2008 2956 2269 3023 Jacobus,
2327 2963 2442 3014 sive
2491 2960 2635 3014 alius
2678 2961 2998 3030 quicunque
3054 2962 3188 3015 alias
3226 2962 3512 3018 orationes
3536 2972 3594 3017 et

2010 3049 2245 3116 hymnos
2266 3062 2317 3106 et
2346 3053 2559 3108 cantica
2585 3068 2695 3108 non
2729 3054 2795 3107 ad
2840 3055 3247 3120 necessitatem,
3279 3057 3372 3110 sed
3402 3057 3466 3109 ad
3501 3071 3593 3110 or-

2013 3153 2198 3197 natum
2232 3143 2587 3202 addiderunt.
2614 3145 2745 3213 Quae
2765 3163 2890 3202 cum
2927 3148 2999 3203 ita
3033 3149 3165 3212 sint,
3203 3148 3341 3204 satis
3377 3157 3594 3204 constat

2010 3234 2155 3290 beati
2186 3235 2564 3307 Chrysostomi
2599 3239 2978 3295 testimonium
3019 3241 3158 3295 adeo
3184 3242 3390 3296 clarum
3423 3253 3589 3313 atque

2009 3335 2259 3394 apertum
2285 3343 2426 3390 esse,
2459 3335 2520 3382 ut
2557 3329 2706 3384 nulla
2739 3331 3041 3394 excusatio,
3069 3333 3279 3386 nullum
3305 3334 3592 3390 subterfu-

2009 3415 2157 3484 gium
2185 3416 2650 3474 calumniantibus
2680 3421 3045 3491 relinquatur.
3083 3423 3389 3479 Audiamus
3438 3442 3590 3482 nunc

2007 3507 2262 3562 eumdem
2285 3507 2573 3568 doctorem
2604 3513 2846 3580 seipsum
2879 3526 3268 3584 exponentem,
3293 3526 3349 3570 et
3373 3516 3446 3572 ita
3475 3532 3588 3572 rem

2008 3597 2151 3652 hanc
2189 3599 2588 3666 declarantem,
2641 3613 2700 3657 ut
2753 3606 2958 3672 nullus,
3013 3609 3265 3678 quamvis
3305 3609 3482 3665 audax
3532 3621 3592 3668 et

2007 3693 2410 3762 contentiosus,
2435 3697 2818 3754 contradicere
2851 3701 3018 3756 ausit.
3059 3702 3232 3758 Hicin
3265 3718 3328 3758 ea
3360 3703 3584 3758 bomilia

2006 3795 2171 3849 quam
2231 3781 2301 3837 de
2344 3783 2660 3852 proditione
2691 3789 2974 3844 traditoris
3014 3801 3070 3846 et
3113 3801 3580 3849 sacramentorum

2008 3871 2303 3927 traditione
2333 3874 2688 3944 conscripsit,
2716 3876 2788 3932 ita
2818 3879 2996 3947 inquit
3021 3897 3035 3933 :
3072 3879 3242 3935 Adest
3273 3898 3422 3938 nunc
3452 3898 3582 3952 quo-

2006 3981 2114 4036 que
2165 3965 2443 4033 Christus,
2483 3969 2576 4038 qui
2627 3969 2774 4024 illam
2832 3987 3077 4026 mensam
3134 3973 3287 4038 fecit,
3332 3976 3422 4030 ille
3465 3978 3582 4045 ipse

2008 4075 2157 4115 nunc
2206 4061 2376 4115 etiam
2415 4073 2595 4116 ornat.
2629 4062 2745 4118 Non
2789 4072 2874 4118 est
2915 4065 3062 4119 enim
3097 4065 3282 4132 homo,
3329 4071 3421 4136 qui
3466 4067 3584 4122 hec

2008 4167 2244 4207 munera
2285 4155 2415 4208 facit
2456 4170 2656 4224 corpus
2679 4166 2736 4210 et
2769 4157 3094 4226 sanguinem
3121 4159 3350 4222 Christi,
3375 4162 3467 4217 sed
3487 4165 3583 4232 qui

2008 4246 2308 4302 crucifixus
2331 4257 2416 4302 est
2444 4263 2542 4318 pro
2571 4250 2734 4304 nobis
2755 4249 3028 4305 Christus.
3071 4252 3328 4323 Figuram
3361 4254 3586 4324 quidem

2007 4339 2316 4408 adimplens
2357 4349 2498 4395 astat
2544 4341 2826 4405 sacerdos,
2867 4342 3032 4397 verba
3067 4344 3159 4398 illa
3183 4347 3583 4414 pronuntians;

2007 4441 2256 4501 potestas
2295 4447 2423 4486 vero
2444 4441 2498 4487 et
2521 4434 2696 4502 gratia
2731 4443 2843 4487 tota
2865 4433 3069 4489 Christi
3096 4447 3202 4491 est.
3240 4436 3350 4489 Hoc
3383 4449 3456 4490 est
3477 4451 3590 4490 cor-

311 4527 447 4584 Nam
479 4537 537 4584 et
559 4527 725 4584 hodie
753 4527 868 4598 ipse
890 4536 972 4582 est
1001 4529 1095 4597 qui
1119 4539 1403 4597 Operatur,
1424 4537 1480 4582 ct
1509 4530 1692 4592 tradit,
1714 4544 1906 4597 quem-
1937 4535 1982 4591 1)
2011 4542 2109 4595 pus
2140 4541 2340 4590 meum,
2365 4526 2461 4581 ait.
2493 4524 2610 4580 Hoc
2624 4527 2854 4581 verbum
2873 4543 2960 4582 res
2985 4531 3292 4599 propositas
3316 4541 3594 4585 transmu-

311 4623 614 4680 admodum
656 4629 714 4676 et
753 4629 906 4675 tunc.
946 4619 1181 4674 Videsne
1226 4619 1412 4688 igitur,
1474 4633 1534 4678 ut
1571 4636 1673 4674 nos
1710 4620 1905 4675 ruinis-

312 4726 530 4771 trorum
562 4716 742 4770 locum
777 4723 1060 4779 tenemus;
1108 4714 1200 4783 qui
1238 4729 1364 4768 vere
1393 4728 1458 4768 ea
1489 4714 1798 4768 sanctificat
1851 4724 1906 4769 ct

313 4819 500 4865 mutat
533 4811 650 4878 ipse
671 4816 776 4864 est.
813 4806 975 4862 Vides
1015 4815 1075 4861 ut
1118 4807 1234 4876 ipse
1265 4818 1370 4869 est,
1404 4807 1499 4876 qui
1532 4809 1717 4862 omnia
1768 4823 1905 4877 ope-

314 4911 495 4964 ratur,
522 4909 578 4955 et
620 4898 803 4964 tradit,
833 4897 1297 4969 quemadmodum
1333 4908 1389 4952 et
1425 4908 1580 4954 tunc.
1631 4898 1908 4954 Persuade

315 4990 487 5062 igitur
522 4990 646 5056 tibi,
676 4989 851 5057 ipsum
885 5002 1007 5044 esse
1059 4987 1153 5058 qui
1179 5003 1243 5044 ea
1287 4996 1465 5044 mutat
1498 5005 1512 5043 :
1547 5005 1670 5056 nec,
1706 4991 1905 5048 rationi

315 5093 427 5138 tua:
463 5098 586 5153 quae
623 5081 792 5137 dubia
825 5089 931 5147 est,
971 5081 1068 5137 sed
1089 5081 1320 5136 infinita:
1351 5082 1501 5136 illius
1523 5083 1784 5151 potentiae
1802 5085 1910 5140 hoc

317 5163 531 5229 tribbe.
571 5173 732 5228 Dices
763 5173 1014 5238 fortasse,
1053 5173 1197 5227 haud
1230 5174 1326 5228 tibi
1353 5174 1733 5231 contradicere
1761 5177 1911 5233 hunc

315 5266 606 5321 doctorem
637 5284 651 5321 :
685 5266 890 5322 etenim
923 5276 975 5321 te
1000 5282 1220 5337 quoque
1250 5277 1306 5322 et
1339 5268 1547 5323 sentire
1573 5279 1628 5324 et
1660 5271 1909 5340 profiteri

319 5360 477 5415 illum
507 5375 632 5416 esse
663 5361 755 5430 qui
785 5361 899 5416 haec
937 5369 1222 5431 cperatur,
1249 5361 1343 5415 sed
1364 5377 1460 5430 per
1488 5363 1790 5430 orationes,
1814 5367 1910 5422 sed

320 5468 423 5521 per
449 5467 639 5521 preces
665 5453 988 5508 sacerdotis.
1025 5453 1186 5522 Atqui
1217 5455 1449 5508 multum
1483 5456 1740 5515 interest.
1774 5472 1910 5526 ope-

324 5544 437 5597 rari
467 5542 690 5612 aliquid,
712 5551 772 5598 et
791 5544 978 5598 omnia
1000 5544 1238 5613 operari.
1270 5543 1351 5597 Tu
1377 5560 1618 5614 namque
1642 5545 1908 5616 Spiritum

323 5643 578 5687 sant-tuin
622 5634 703 5689 eis
757 5635 1180 5691 descendentem
1225 5637 1332 5691 tuis
1368 5636 1622 5704 precibus
1669 5639 1912 5693 sanctifi-

327 5739 460 5776 eare
509 5724 622 5779 haec
680 5741 929 5790 munera,
973 5727 1224 5794 quamvis
1277 5728 1444 5782 etiam
1487 5732 1654 5785 verba
1689 5731 1907 5786 Domini

329 5815 542 5884 aliquid
585 5829 909 5887 operentur.
963 5819 1062 5873 llic
1113 5835 1242 5873 vero
1283 5820 1478 5873 doctor
1526 5822 1909 5878 sanetissimus

2012 4626 2112 4672 tat.
2141 4617 2276 4672 Nam
2305 4618 2770 4687 quemadmodum
2797 4635 2898 4673 vox
2943 4620 3033 4674 illa
3065 4637 3174 4692 qua
3214 4622 3422 4677 dictum
3451 4632 3536 4677 est
3573 4639 3588 4676 :

2013 4709 2266 4776 Crescite,
2299 4721 2348 4765 et
2393 4711 2822 4782 multiplicamini
2859 4723 2910 4766 et
2939 4714 3134 4784 replete
3163 4724 3386 4778 terram,
3419 4712 3590 4768 semel

2010 4804 2232 4874 quidem
2257 4804 2395 4859 dicta
2418 4815 2522 4868 est.
2549 4821 2769 4875 semper
2784 4807 3230 4877 autemfitoperae
3254 4817 3464 4863 natura:
3492 4823 3592 4861 no-

2011 4909 2137 4955 strae
2167 4900 2276 4954 vim
2301 4899 2556 4968 prmbens
2585 4901 2651 4954 ad
2681 4901 3072 4968 generandum.
3113 4903 3185 4956 ita
3213 4903 3326 4956 hsce
3369 4914 3589 4970 quoque

2011 5005 2118 5045 vox
2149 4991 2320 5045 semel
2363 4989 2511 5045 dicta
2542 4990 2596 5044 in
2631 4993 2859 5060 singulis
2888 4994 3000 5047 aris
3029 5009 3096 5048 ex
3117 5009 3184 5047 eo
3221 5003 3466 5062 tempore
3503 5008 3594 5047 us-

2011 5096 2118 5152 que
2143 5082 2198 5136 in
2236 5091 2563 5151 praesentem
2593 5083 2762 5147 diem,
2794 5093 2848 5138 et
2870 5099 3044 5154 usque
3065 5086 3130 5139 ad
3158 5085 3362 5140 Christi
3389 5085 3596 5139 adven-

2015 5187 2132 5230 tum
2181 5177 2282 5231 hoc
2325 5185 2729 5231 sacramentum
2769 5177 2981 5247 integre
3021 5178 3255 5248 perficit.
3291 5179 3492 5234 Verum
3522 5179 3592 5232 ad

2015 5266 2132 5322 haec
2176 5265 2363 5321 dicere
2411 5267 2643 5324 soletis:
2677 5267 3151 5335 Quemadmodum
3219 5269 3446 5323 verbum
3482 5283 3593 5338 quo

2012 5369 2199 5413 creata
2241 5369 2373 5415 sunt
2407 5360 2616 5423 omnia,
2659 5377 2768 5414 non
2804 5362 2982 5429 ipsum
3015 5363 3194 5415 solum
3235 5362 3486 5418 sufliccre
3524 5361 3592 5416 ad

2012 5449 2438 5519 productionem
2469 5465 2663 5504 eorum
2693 5466 2814 5520 qum
2844 5451 3005 5512 fiunt.
3037 5453 3131 5506 sed
3169 5453 3337 5506 maris
3356 5463 3411 5507 et
3434 5452 3596 5507 femi-

2012 5561 2098 5600 nae
2155 5545 2604 5616 conjunctionem
2661 5545 2890 5614 requiri,
2946 5555 3005 5598 ut
3046 5546 3366 5599 animalium
3423 5561 3597 5616 genus

2013 5645 2368 5708 propagetur,
2427 5637 2748 5706 cultumque
2802 5647 3070 5691 terrarum
3124 5647 3180 5691 et
3229 5638 3594 5706 agricolarum

2013 5745 2178 5800 opera
2226 5732 2537 5788 necessaria
2574 5746 2722 5796 esse,
2767 5740 2828 5785 ut
2877 5746 2997 5801 qua:
3038 5741 3337 5786 nascuntur
3377 5749 3406 5785 e
3453 5743 3597 5786 terra

2017 5824 2390 5894 producantur
2457 5834 2512 5880 et
2569 5826 2901 5891 coalescant,
2963 5823 3159 5881 eodem
3212 5827 3376 5884 modo
3420 5827 3597 5882 solum
