3990 6212
352 335 458 400 507
1293 325 1712 388 BESSARION
1730 323 1796 383 lS
1844 325 1903 386 S.

2061 321 2125 384 E.
2172 319 2641 382 CARDINALIS
3498 315 3605 379 503

348 452 644 507 Sslvatoris
670 447 896 502 verbum
929 444 1074 500 haud
1099 442 1372 504 suﬂicere,
1418 442 1509 496 sed
1547 451 1604 494 et
1630 454 1819 509 preces
1837 452 1920 492 sa-
1953 439 1998 497 Δ
2029 435 2317 490 materiam
2363 437 2522 506 panis
2554 445 2611 491 ct
2647 433 2758 490 viui
2788 449 2892 504 qua
2921 435 3026 505 ipsi
3055 448 3277 506 quoque
3312 444 3602 490 uterentur

347 539 610 603 eerdotis,
645 548 700 593 et
724 536 1190 607 benedictionem,
1225 533 1402 588 etalla
1437 532 1697 602 pleraque
1727 545 1920 584 neces-

348 631 494 686 saria
538 643 659 683 esse
697 628 764 681 ad
817 626 921 680 hoc
970 623 1288 696 mysterium
1341 617 1761 692 perliciendum.
1797 619 1923 674 Hice

347 723 493 777 enim
518 720 751 781 Marcus,
782 716 1094 786 Ephesinus
1115 717 1366 778 antistes,
1404 731 1470 768 ex
1503 713 1666 768 dictis
1709 711 1922 766 Nicolai

347 815 610 874 Cabasilze
645 822 858 881 sumpta
890 811 1133 877 obiicere
1164 812 1392 876 solebat,
1421 809 1523 864 etsi
1553 810 1712 876 longe
1748 807 1924 877 impar

351 906 595 977 ingenio,
634 904 852 958 acutius
893 917 1028 956 sane
1059 901 1230 954 multo
1268 900 1358 954 ille
1401 899 1719 968 disputavit,
1750 913 1928 967 quan-

348 1013 514 1068 quam
560 1011 663 1050 nec
708 995 824 1064 ipse
875 992 1096 1060 quidem
1115 991 1352 1068 dignum
1386 990 1590 1059 aliquid
1646 989 1922 1043 disseruit.

353 1065 513 1148 Enim
548 1104 683 1144 vero
716 1086 1073 1142 admirandos
1107 1065 1274 1139 simul
1333 1091 1499 1152 atque
1543 1080 1826 1136 dedendos
1863 1079 1928 1133 il-

349 1184 430 1239 los
487 1195 712 1245 censeo,
760 1181 856 1250 qui
904 1187 1104 1248 sponte
1151 1191 1250 1230 sua
1285 1175 1354 1230 ad
1387 1173 1723 1230 clarissimas
1751 1187 1842 1228 res
1872 1182 1928 1227 et

349 1281 524 1347 ipsam
570 1274 858 1329 veritatem
920 1273 1110 1326 oculos
1172 1269 1454 1333 claudunt,
1511 1277 1566 1324 et
1591 1269 1663 1323 ita
1717 1276 1776 1322 ut
1817 1273 1925 1321 tam

350 1369 498 1424 clara
530 1374 698 1436 atque
733 1375 922 1436 aperta
955 1363 1288 1420 sanctissimi
1316 1362 1558 1418 doctoris
1589 1360 1755 1415 verba
1806 1375 1928 1428 pcr-

351 1470 572 1515 vertere
600 1468 896 1522 conentur,
935 1470 990 1511 et
1027 1459 1100 1511 ita
1148 1465 1338 1511 contra
1371 1451 1650 1524 propriam
1694 1453 1926 1507 salutem

351 1568 649 1622 exponere,
681 1561 742 1605 ut
771 1551 1034 1605 omnibus
1057 1548 1394 1617 contemptui
1437 1546 1545 1601 sint
1570 1555 1734 1614 atque
1778 1543 1931 1599 deri-

351 1643 456 1698 sui.
493 1642 633 1708 Quid
666 1642 813 1696 enim
840 1643 917 1695 ait
951 1640 1008 1696 S.
1049 1639 1288 1695 Doctor?
1334 1637 1586 1707 Figuram
1623 1636 1932 1705 aditnpiens

350 1743 493 1788 astat
548 1734 829 1794 sacerdos,
886 1729 1053 1784 verba
1110 1728 1200 1782 illa
1243 1726 1635 1796 pronuntians,
1684 1726 1931 1792 potentia

2024 527 2346 587 ostendens,
2403 526 2745 585 tradiditﬁis
2775 527 3006 582 formum
3040 542 3148 597 qua
3196 535 3598 581 sacramentum

2025 619 2382 674 conﬁcerent.
2434 619 2560 673 ilaic
2599 629 2784 674 autem
2827 628 2959 703 sunt
2985 618 3154 674 verba
3177 619 3296 690 ejus
3332 631 3346 670 :
3384 616 3499 672 Hoc
3527 625 3603 672 est

2025 727 2215 780 corpus
2250 727 2444 774 meum,
2465 721 2546 779 et,
2577 711 2677 767 Hic
2699 721 2773 766 est
2801 711 3015 781 sanguis
3050 728 3218 766 meus.
3261 711 3394 777 Quae
3433 711 3604 766 semel

2027 819 2055 858 a
2085 802 2368 859 Salvatore
2400 805 2544 859 dicta
2577 805 2653 858 ait
2696 805 3102 860 secretissimos
3154 803 3351 858 doctor
3387 817 3609 872 semper

2027 881 2268 966 operari,
2317 912 2427 950 non
2483 896 2799 965 cooperari,
2832 910 2936 950 nec
2978 896 3303 966 cujusquam
3347 894 3606 964 praesidio

2026 1004 2208 1059 egere.
2251 989 2496 1058 Magnam
2521 989 2694 1053 enim,
2745 991 2856 1042 imo
2899 990 3189 1042 maximam
3219 986 3468 1042 omnium
3498 987 3606 1041 vim

2031 1079 2305 1134 haberent
2345 1078 2586 1133 humana
2628 1080 2819 1145 verba,
2869 1080 2914 1134 si
2946 1079 3077 1148 quid
3129 1077 3476 1132 auctoritatis
3513 1086 3609 1132 aut

2032 1171 2291 1240 potentize
2341 1171 2547 1226 divinis
2603 1172 2895 1237 adderent,
2927 1172 3038 1226 imo
3089 1187 3221 1226 veto
3251 1170 3343 1225 illa
3376 1170 3615 1225 excelle-

2032 1272 2155 1318 rent
2192 1263 2478 1334 diguitate,
2509 1265 2653 1332 quod
2682 1264 2848 1318 etiam
2878 1264 3118 1334 cogitare
3152 1265 3383 1326 impium
3411 1273 3496 1317 est
3519 1274 3610 1316 at-

2031 1371 2139 1426 que
2191 1356 2486 1410 nefarium.
2545 1353 2972 1425 Cooperantur,
3035 1355 3219 1424 inquit
3276 1354 3609 1424 Ephesinus,

2032 1443 2338 1503 Dominicis
2382 1447 2568 1503 verbis
2614 1445 2913 1503 sacerdotis
2975 1461 3190 1516 preces.
3239 1445 3547 1512 Quomodo,
3579 1460 3612 1498 ο

2033 1540 2176 1594 bone
2200 1540 2306 1600 vir,
2348 1539 2773 1609 cooperantur?
2799 1538 2878 1592 An
2916 1548 3176 1607 tanquam
3211 1553 3308 1606 per
3345 1553 3406 1592 se
3442 1538 3612 1591 insuf-

2034 1631 2369 1698 licientibus,
2401 1648 2468 1685 an
2500 1639 2760 1700 tanquam
2793 1629 3313 1686 suﬂicientihus?Si
3351 1637 3610 1699 tanquam

2041 1722 2483 1789 suﬁicicntihus,
2542 1723 2817 1792 superﬂua
2863 1731 3010 1776 certe
3073 1731 3128 1776 et
3190 1737 3329 1776 vana
3387 1730 3471 1774 est
3523 1729 3613 1774 tua

348 1834 484 1881 Vero
535 1835 601 1880 et
658 1824 830 1894 gratia
900 1830 1011 1875 tota
1064 1819 1270 1874 Christi
1317 1828 1421 1872 est.
1457 1817 1571 1872 Hoc
1615 1826 1700 1872 est
1729 1831 1932 1886 corpus
1965 1810 2007 1864 Β
2039 1816 2217 1870 clunis
2237 1816 2441 1880 oratio;
2477 1814 2522 1869 si
2557 1827 2813 1885 tanquam
2856 1832 2963 1871 non
3009 1815 3428 1879 sufﬁcientibus,
3463 1813 3610 1869 heu!

352 1931 560 1978 meum,
593 1915 694 1968 ait.
724 1913 839 1966 Hoc
862 1911 1092 1966 verbum
1127 1926 1215 1962 res
1241 1908 1552 1979 propositas
1580 1915 1928 1961 transmutat.

351 2006 492 2073 Quid
539 2007 644 2061 hoc
675 2004 883 2059 certius
925 2002 1248 2057 desideras?
1295 2000 1405 2066 illa,
1452 2001 1653 2069 inquit,
1695 1999 1862 2055 verba
1901 2015 1931 2053 a

353 2097 640 2153 sacerdote
675 2096 1052 2166 pronuntiata.
1079 2093 1210 2158 Quae
1230 2100 1412 2147 autem
1439 2089 1527 2147 illa
1551 2094 1680 2156 sint,
1702 2090 1931 2160 aubjun-

354 2191 453 2261 git.
484 2187 595 2242 Hoc
627 2196 704 2242 est
731 2203 920 2256 corpus
962 2201 1157 2239 meum.
1191 2183 1306 2248 illa,
1349 2184 1594 2253 inquam,
1625 2199 1712 2237 res
1735 2185 1936 2252 propo-

356 2281 492 2336 sitas
544 2287 931 2339 transmutant.
982 2278 1067 2333 Fit
1097 2293 1229 2348 ergo
1272 2275 1655 2331 transmutatio
1693 2290 1790 2343 per
1843 2276 1934 2330 illa

355 2375 542 2438 verba,
575 2387 684 2426 non
721 2389 751 2425 a
786 2370 1092 2431 sacerdote.
1131 2369 1229 2424 sed
1267 2385 1298 2422 a
1332 2369 1575 2429 Christo.
1609 2368 1772 2438 cuius
1823 2376 1934 2422 tota

355 2389 486 2427 γετί)
575 2389 684 2426 non
721 2389 751 2425 2
786 2389 1092 2431 saceruow.
1131 2389 1229 2424 sed
1267 2389 1298 2422 3
1332 2389 1575 2429 hl‘lflStO.
1609 2389 1772 2438 Ciljlut
1823 2389 1934 2422 ιθυι

353 2389 542 2536 grati?
557 2475 613 2520 et
642 2471 883 2534 potestas
916 2472 1020 2517 cst.
1063 2462 1333 2518 Sacerdos
1359 2462 1508 2516 enim
1557 2461 1753 2529 ligura,
1777 2458 1937 2514 ﬁbri-

352 2567 472 2614 stus
501 2573 633 2613 vero
658 2557 894 2612 veritate
924 2555 1041 2610 haec
1072 2563 1423 2618 transmutat,
1456 2554 1741 2611 sacerdote
1765 2553 1932 2607 verba

355 2651 497 2721 ejus,
551 2648 1015 2720 quemadmodum
1047 2646 1140 2702 ille
1192 2654 1484 2710 statuerat,
1517 2645 1930 2715 pronuntiante.

355 2741 423 2796 Et
449 2756 665 2807 rursus,
690 2740 804 2795 Hoc
837 2739 1064 2794 verbum
1091 2747 1495 2791 sacramentum
1522 2737 1732 2807 integre
1766 2736 1936 2805 perﬁ-

357 2835 454 2886 cit.
489 2829 812 2892 Considera,
859 2831 1043 2895 homo,
1098 2828 1231 2898 qpid
1265 2829 1476 2897 integra
1517 2826 1634 2880 lucc
1673 2823 1936 2894 perfectio

357 2924 652 2994 sjgnilicet,
691 2923 914 2978 attende
946 2922 1078 2991 quid
1117 2922 1270 2976 velit.
1304 2919 1419 2975 Iioc
1441 2920 1670 2975 verbum
1704 2935 1791 2974 res
1813 2932 1939 2987 pro-

355 3019 568 3088 positas
620 3025 970 3072 transmutat.
1019 3016 1139 3070 Noli
1175 3013 1538 3085 pervicaciter
1566 3023 1759 3068 contra
1807 3028 1937 3083 pro-

2034 1921 2157 1977 qua:
2219 1907 2541 1976 improbitas
2591 1917 2718 1970 est,
2772 1924 2896 1977 qua:
2963 1907 3306 1975 blasphemia
3380 1907 3611 1970 dicere,

2037 2007 2096 2052 ut
2154 2003 2300 2067 quod
2369 1998 2575 2053 divinis
2648 1999 2806 2053 deest
2875 1999 3095 2062 verbis,
3165 1998 3407 2052 hominis
3480 2012 3615 2067 sup-

2036 2091 2220 2161 pleant
2274 2096 2499 2162 procos?
2542 2092 2814 2147 Praiterca
2876 2107 3002 2146 eum
3066 2091 3232 2146 verba
3305 2091 3419 2146 haec
3477 2091 3616 2144 dicis

2039 2184 2203 2238 simul
2270 2199 2394 2238 cum
2467 2186 2716 2239 oratione
2757 2195 2931 2240 totum
2991 2186 3275 2255 perlicere,
3321 2194 3616 2246 utrumque

2040 2275 2436 2346 impcrféctum
2487 2286 2665 2345 putas,
2715 2292 2944 2332 necesse
2997 2284 3083 2331 est
3132 2276 3300 2346 igitur
3350 2285 3410 2330 ut
3465 2275 3616 2330 aliud

2041 2367 2263 2422 tertium
2293 2367 2598 2422 adveniens
2629 2367 2684 2421 id
2729 2379 2870 2438 agat.
2903 2368 3043 2435 Quid
3089 2385 3216 2425 vero
3258 2370 3362 2425 hoc
3404 2370 3500 2436 sit,
3533 2379 3613 2434 tu,

2039 2473 2247 2528 quso,
2285 2458 2447 2515 nobis
2479 2459 2650 2528 aperi.
2677 2459 2868 2529 Neque
2891 2461 3039 2514 enim
3072 2460 3337 2530 Spiritum
3364 2472 3617 2516 sanctum

2041 2551 2096 2604 id
2127 2566 2250 2606 esse
2295 2551 2446 2607 dices
2485 2569 2499 2606 :
2543 2553 2816 2622 siquidem
2864 2553 2971 2609 hoc
3003 2563 3088 2610 est
3133 2555 3278 2625 quod
3328 2557 3615 2625 qureritur,

2037 2659 2106 2697 an
2145 2645 2432 2713 quodlibet
2465 2659 2659 2700 eorum
2705 2661 2804 2715 per
2839 2663 2920 2710 se,
2957 2661 3022 2701 an
3057 2648 3218 2701 ambo
3247 2649 3411 2702 simul
3444 2647 3622 2718 Spiri-

2043 2744 2159 2788 tum
2203 2749 2456 2793 sanctum
2509 2741 2579 2793 ad
2633 2739 2686 2793 id
2742 2740 3014 2810 agendum
3062 2740 3311 2796 inclinet.
3363 2741 3520 2807 Quod
3572 2741 3617 2796 si

2039 2828 2201 2882 ambo
2233 2831 2525 2886 contendis
2580 2832 2876 2902 id'posse,
2931 2832 3206 2900 intelligas
3260 2841 3484 2889 necesSe
3532 2844 3620 2889 est

2039 2921 2186 2990 quod
2228 2923 2273 2977 si
2322 2924 2484 2978 ambo
2520 2923 2684 2979 simul
2738 2925 2839 2980 hoc
2888 2937 3140 2994 possunt,
3176 2935 3449 2996 quatenus
3484 2927 3620 2981 inibi

2043 3014 2324 3072 Dominlca
2375 3017 2540 3072 verba
2593 3019 2972 3084 eunlinentur,
3007 3035 3071 3074 ea
3113 3028 3243 3075 sunt
3275 3035 3397 3088 qua:
3440 3020 3621 3074 confi-

355 3109 536 3182 priam
567 3109 801 3164 salutem
834 3108 1194 3170 contendere.
1225 3117 1284 3162 et
1313 3107 1478 3178 hujus
1496 3106 1785 3162 sententiae
1813 3119 1935 3159 ma-
1961 3145 2007 3210 ρ
2041 3108 2197 3164 ciunt
2248 3120 2675 3178 sacramentum,
2727 3113 2846 3166 sive
2896 3122 3190 3182 sequatur,
3232 3116 3348 3169 sive
3393 3130 3503 3170 non
3535 3129 3624 3168 se-

356 3203 441 3274 gis
476 3201 767 3272 praecipuis
798 3215 862 3256 ac
893 3200 1200 3256 manifestis
1234 3199 1486 3270 partibus
1513 3199 1754 3269 rejectis,
1807 3214 1936 3268 per-

365 3306 584 3352 vertere
617 3294 881 3364 reliquas.
907 3293 1022 3349 Nec
1054 3293 1200 3348 enim
1241 3292 1548 3362 Ephesinus
1576 3293 1667 3347 ille
1707 3307 1810 3349 nee
1833 3293 1938 3348 Ca-

363 3389 564 3446 basilas
609 3388 882 3457 integram
921 3388 1082 3442 istam
1137 3387 1469 3441 sententiam
1503 3387 1806 3453 adducunt,
1840 3387 1936 3441 sed

361 3481 690 3552 Quibusdam
722 3481 844 3547 eius
873 3481 1126 3550 partibus
1154 3479 1402 3536 recitatis
1435 3479 1774 3542 transiliunt,
1831 3480 1940 3534 l‘ra-

362 3587 582 3646 gmenta
607 3575 730 3645 ejus
758 3573 1032 3643 quasdam,
1068 3576 1218 3627 velut
1242 3573 1447 3626 indocti
1470 3575 1623 3644 juxta
1651 3573 1935 3628 Platonem

373 3671 551 3740 coqui,
605 3668 702 3738 qui
727 3666 1004 3732 nesciunt,
1049 3666 1308 3720 voluntvo
1347 3681 1444 3735 per
1481 3676 1636 3721 artus
1665 3666 1936 3733 dividere,

367 3761 620 3816 umnuiia
644 3757 1011 3830 proferemus,
1029 3767 1224 3819 caetera
1249 3773 1381 3813 vero
1407 3773 1528 3828 quae
1549 3760 1720 3830 magis
1738 3761 1802 3814 ad
1823 3775 1944 3815 rem

367 3849 630 3916 facerent,
687 3847 911 3904 silentio
945 3855 1363 3918 praetereuntes,
1396 3859 1454 3902 et
1484 3848 1590 3904 hoc
1637 3849 1802 3905 modo
1841 3851 1942 3904 ob-

369 3942 718 3997 tenebrantes
753 3941 1064 3996 veritatem.
1102 3940 1162 3994 ln
1205 3941 1395 4010 primis
1423 3941 1629 4010 itaque.
1666 3943 1810 3998 sicut
1851 3958 1941 3997 ειυς

371 4040 468 4101 pra
495 4031 703 4086 dictum
729 4039 836 4096 est,
866 4046 936 4086 ex
980 4030 1297 4101 hujusmodi
1330 4031 1516 4086 verbis
1539 4032 1714 4086 sancti
1741 4032 1941 4087 docto-

370 4122 448 4179 i-is
467 4139 574 4180 non
604 4124 698 4180 hic
719 4139 886 4194 quem
917 4138 1017 4178 vos
1059 4123 1244 4178 dicitis
1277 4138 1478 4179 sensus
1507 4125 1807 4194 colligitur.
1840 4127 1941 4180 De-

369 4215 520 4279 inde,
563 4230 594 4272 ο
632 4215 776 4271 bone
814 4215 920 4277 vir,
950 4228 1134 4269 nonne
1179 4211 1294 4268 illic
1323 4222 1518 4269 auctor
1562 4219 1730 4284 atque
1750 4216 1935 4286 opifex

369 4307 615 4370 omnium
643 4321 831 4368 rerum
862 4319 1075 4360 marem
1099 4305 1444 4360 etl’eminam
1481 4321 1547 4362 ea
1571 4307 1692 4379 lege
1708 4311 1940 4375 creavit,

366 4403 431 4456 ut
489 4416 600 4456 non
636 4399 742 4455 nisi
779 4413 881 4470 per
933 4397 1381 4468 coniunctionem
1442 4415 1636 4456 eorum
1683 4403 1941 4458 animalia

2043 3211 2244 3271 quatur
2282 3198 2479 3260 oratio.
2517 3203 2706 3274 itaque
2736 3205 2875 3259 nihil
2905 3207 2986 3261 eis
3019 3207 3084 3261 ad
3118 3208 3223 3261 hoc
3259 3207 3411 3263 addit
3440 3209 3622 3263 oratio

2031 3296 2362 3385 sacerdotis,
2386 3311 2486 3350 nec
2509 3297 2620 3352 illis
2642 3299 2864 3367 aliquod
2896 3301 3270 3354 necessarium
3293 3303 3378 3356 est
3399 3303 3621 3358 aliunde

2047 3388 2385 3456 praesidium.
2425 3388 2578 3455 Quod
2623 3389 2668 3443 si
2713 3399 2988 3458 quatenus
3031 3393 3306 3461 supplicat
3336 3393 3617 3458 sacerdos,

2045 3489 2104 3534 ut
2138 3481 2481 3535 descendens
2516 3481 2755 3550 Spiritus
2793 3494 3021 3538 sanctus
3058 3485 3148 3538 illa
3185 3485 3459 3540 sacrificet
3505 3504 3622 3539 tilu-

2044 3589 2200 3637 nera,
2255 3584 2484 3627 eatenus
2537 3574 2807 3628 duntaxat
2855 3586 3277 3642 consecrantur,
3311 3579 3448 3632 nihil
3491 3595 3622 3649 ergo

2044 3675 2346 3735 Operautur
2378 3666 2550 3741 verba.
2578 3667 2883 3730 Dominica,
2927 3684 3028 3722 nec
3065 3685 3258 3724 verum
3293 3671 3427 3726 dicit
3452 3673 3624 3744 Chry-

2045 3770 2342 3820 sostmnus.
2373 3774 2498 3812 cum
2533 3775 2594 3814 ea
2628 3761 2827 3816 asserit
2849 3761 3066 3832 semper
3099 3765 3338 3832 operari,
3367 3775 3417 3820 et
3450 3778 3623 3822 trans-

2046 3860 2282 3915 uit-utare,
2325 3860 2384 3904 et
2450 3852 2662 3923 integre
2715 3857 3018 3923 perlicere;
3063 3858 3165 3910 nec
3211 3869 3537 3928 oooperatur
3573 3859 3624 3912 ci

2051 3945 2153 3998 hoc
2185 3945 2349 4000 modo
2379 3947 2680 4002 sacerdmis
2707 3948 3055 4016 supplicatio,
3103 3960 3163 4003 ut
3196 3960 3251 4004 tu
3279 3952 3381 4013 ais,
3413 3952 3508 4006 sed
3542 3963 3626 4006 to-

2049 4049 2164 4093 tum
2197 4049 2480 4108 operatur.
2521 4038 2661 4104 Quid
2716 4041 2881 4110 igitur
2927 4041 3239 4112 corrumpis
3277 4046 3443 4097 verba
3485 4045 3628 4098 sacri

2048 4132 2313 4194 doctoris,
2346 4147 2456 4186 non
2489 4142 2635 4188 recte
2666 4147 2727 4185 ea
2759 4147 3061 4203 exponens,
3098 4145 3156 4190 et
3182 4136 3247 4191 de
3279 4147 3627 4191 sacramento

2047 4224 2395 4279 eucharistia:
2443 4223 2633 4278 falsam
2686 4223 2857 4280 habes
2900 4227 3268 4295 opinionem?
3300 4227 3492 4299 Atqui,
3544 4229 3630 4283 in-

2051 4317 2194 4386 quis,
2227 4317 2393 4371 etiam
2426 4315 2694 4385 baptisma
2729 4317 2843 4371 sola
2877 4317 3184 4373 sacerdotis
3221 4321 3470 4374 oratione
3498 4335 3628 4390 per-

2053 4408 2251 4462 licitur.
2283 4406 2460 4461 Etiam
2494 4409 2546 4460 in
2572 4407 2678 4462 hoc
2705 4422 2881 4471 erras,
2914 4418 2970 4463 et
2998 4410 3199 4464 veritas
3221 4409 3277 4464 in
3311 4423 3362 4466 te
3387 4427 3496 4465 non
3523 4422 3629 4466 est.

314 4550 322 4558 _
368 4493 850 4564 propagarentttr?
883 4506 1187 4562 rursusque
1219 4491 1276 4546 in
1305 4492 1432 4547 aliis
1458 4508 1648 4548 semen
1703 4495 1854 4551 nasci
1890 4505 1947 4551 et
1981 4483 2022 4537 Β
2054 4499 2265 4553 Etenim
2305 4497 2576 4568 baptisma
2612 4514 2830 4569 quoque
2864 4500 3162 4556 Dominicis
3195 4501 3476 4571 perlicitur
3510 4521 3632 4559 ver-

368 4590 434 4645 ει
463 4593 608 4644 terra
640 4583 940 4649 ordinavit,
985 4593 1044 4638 ut
1089 4583 1414 4660 seminatur,
1470 4583 1799 4644 semiustum
1852 4603 1950 4642 na-

371 4682 577 4740 scatur.
609 4686 912 4746 natumque
936 4676 1330 4746 multiplicetur
1352 4677 1462 4740 iAt
1492 4677 1700 4734 ideirco
1722 4694 1950 4735 necesse

372 4783 458 4825 BSt
506 4768 584 4826 ita
617 4768 757 4827 ﬁeri.
806 4769 1039 4840 Oportet
1092 4769 1244 4826 enim
1275 4785 1400 4830 esse
1427 4782 1693 4838 arentem,
1732 4781 1952 4843 oportet

371 4876 493 4917 esse
523 4869 820 4928 serentem,
853 4871 1068 4932 oportet
1104 4876 1230 4918 esse
1249 4873 1623 4933 generaaatem,
1648 4879 1952 4934 omnesque

373 4953 574 5012 divina
603 4954 1058 5023 obtemperantes
1092 4955 1389 5019 voluntati,
1425 4955 1532 5010 hoc
1555 4965 1641 5011 est
1674 4955 1750 5011 ita
1785 4972 1952 5027 agon-

376 5059 459 5102 tes
502 5055 561 5102 ut
593 5047 688 5104 ille
718 5046 932 5105 statuit.
965 5046 1171 5102 Statuit
1200 5045 1350 5104 enim
1378 5062 1448 5102 eo
1486 5047 1650 5102 modo
1675 5063 1784 5119 quo
1809 5049 1953 5104 disi-

375 5148 517 5200 tnus.
560 5138 1036 5205 Quemadmodum
1093 5140 1190 5194 illa
1229 5154 1337 5194 vos
1379 5155 1489 5211 qua
1551 5141 1761 5196 dictum
1814 5151 1948 5198 est:

375 5232 601 5288 Crescite
646 5241 696 5288 et
749 5230 1203 5302 multiplicamini,
1249 5247 1430 5302 opera:
1477 5243 1688 5288 naturas
1748 5243 1954 5290 uestras

375 5325 485 5384 vita
519 5325 726 5396 praebet
753 5323 1249 5395 ad-generandum.
1275 5327 1484 5395 Operae,
1516 5327 1716 5396 inquit,
1742 5337 1952 5383 natura:

377 5427 578 5475 nostrae
609 5418 716 5473 vim
765 5417 994 5487 praebet,
1043 5420 1184 5472 hanc
1207 5418 1419 5475 scilicet
1442 5421 1492 5475 ei
1521 5421 1694 5491 legem
1719 5427 1948 5490 ponens,

377 5519 438 5565 ut
468 5510 560 5564 illa
593 5509 737 5579 quod
775 5525 940 5564 suum
960 5520 1044 5565 est
1074 5520 1222 5580 agat,
1260 5513 1378 5582 ipsa
1407 5528 1538 5568 vero
1567 5529 1789 5571 eum-em
1838 5515 1948 5568 vim

379 5600 646 5666 pmbcns.
678 5600 736 5655 in
773 5601 876 5658 hoc
908 5617 1040 5659 vero
1069 5605 1260 5660 divino
1291 5605 1359 5666 de
1389 5622 1500 5675 quo
1531 5607 1746 5677 agimus
1767 5621 1951 5663 saera-

379 5701 584 5756 mento,
619 5695 885 5748 duntaxat
926 5698 1209 5766 apostolus
1235 5699 1552 5755 sacerdotes
1582 5699 1848 5768 elﬁciens,
1889 5713 1945 5756 et

455 5806 470 5837 ¹
500 5805 691 5860 Matth.
723 5823 919 5878 xxvttt,
973 5813 1060 5867 i9.

2054 4591 2162 4644 bis.
2210 4589 2407 4644 Eumer
2457 4591 2628 4654 enim,
2665 4591 2867 4660 inquit,
2901 4593 3164 4662 baptizare
3208 4609 3294 4646 eos
3330 4595 3386 4647 in
3425 4597 3636 4649 vicinius

2051 4681 2260 4744 Patris,
2294 4691 2341 4734 rt
2374 4679 2530 4746 Filii,
2554 4691 2600 4734 et
2627 4680 2861 4753 Spiritus
2888 4686 3060 4737 sancti
3085 4685 3125 4738 ⁸.
3156 4684 3312 4739 Tunc
3344 4686 3637 4756 perficitur

2053 4773 2345 4842 baptisma,
2371 4773 2594 4842 quando
2618 4773 2753 4827 dicit
2779 4775 3063 4840 sacerdos,
3088 4775 3403 4846 baptizatur
3431 4793 3636 4835 servus

2057 4867 2182 4932 Dei;
2221 4873 2335 4933 aut,
2373 4865 2590 4936 beptizo
2639 4876 2692 4921 te
2742 4867 2794 4921 in
2829 4868 3054 4923 nomine
3086 4868 3280 4937 Patris,
3310 4882 3364 4924 et
3391 4871 3540 4935 Filii,
3579 4882 3638 4927 et

2055 4959 2296 5030 Spiritus
2345 4959 2540 5014 sancti.
2602 4959 2754 5015 Unde
2807 4962 2852 5015 si
2903 4961 3030 5030 quis
3077 4965 3242 5016 etiam
3297 4965 3432 5018 nihil
3483 4967 3638 5021 aliud

2058 5065 2258 5125 praeter
2308 5053 2424 5107 haec
2457 5052 2624 5107 verba
2670 5051 2904 5120 dixerit,
2959 5064 3109 5109 recte
3157 5057 3418 5125 baptizat,
3455 5068 3511 5112 et
3538 5063 3636 5128 qui

2059 5152 2166 5207 hoc
2211 5149 2374 5205 modo
2409 5152 2713 5220 baptizatus
2756 5151 2942 5217 fuerit,
2988 5152 3220 5207 salutem
3269 5155 3502 5222 adeptus
3529 5163 3636 5205 est.

2058 5243 2101 5298 Ε
2130 5256 2396 5296 converso
2422 5251 2576 5308 vero,
2601 5243 2646 5297 si
2680 5245 2806 5312 quis
2830 5253 3024 5299 extera
3052 5244 3274 5307 dixerit,
3305 5257 3363 5299 et
3391 5245 3638 5298 inlinitas

2059 5336 2124 5390 ad
2148 5335 2318 5390 Deum
2354 5335 2659 5405 porrexerit
2691 5350 2902 5404 preces,
2946 5335 3061 5390 bare
3103 5353 3235 5391 vero
3271 5339 3640 5407 prastermise-

2062 5427 2156 5491 rit,
2194 5427 2329 5481 nihil
2367 5428 2593 5481 omnino
2640 5429 2770 5498 agit.
2821 5426 2881 5482 in
2931 5428 3079 5483 hunc
3128 5430 3349 5484 modum
3407 5429 3639 5499 apostoli

2062 5534 2159 5588 per
2210 5520 2620 5589 imposilionem
2677 5536 2936 5576 manuum
2986 5531 3043 5577 et
3089 5522 3530 5577 benedictionem
3583 5531 3640 5575 ct

2061 5613 2565 5681 pronuntiationem
2604 5615 2796 5668 horum
2829 5615 3120 5671 verborum
3161 5616 3532 5685 baptizabant,
3586 5619 3636 5668 in

2062 5703 2207 5758 hunc
2229 5705 2455 5759 modum
2486 5706 2834 5762 eucharistim
2866 5709 3184 5777 mysterium
3216 5711 3633 5762 consecrabant.
