3990 6212
325 343 432 408 509

1342 347 1440 406 DE
1485 349 1568 406 SA
1580 349 1719 408 (ZRA
1733 350 1989 410 MENTO
2029 353 2591 414 EUCIlARlSTlE.

3487 363 3588 424 510

327 458 578 515 Nondum
613 456 916 522 orationes,
957 455 1198 512 nondum
1249 458 1461 530 hymni,
1505 463 1748 517 nondum
1799 476 1903 515 cre-
1936 465 1980 521 Α
2014 473 2144 518 runt
2169 463 2286 518 bil’C
2308 465 2496 531 verba,
2527 464 2688 519 nobis
2713 480 2844 520 vero
2874 482 2980 522 non
3011 467 3330 524 sufﬁciunt?
3359 471 3414 528 Si
3442 477 3590 531 enim

326 564 439 610 tera
489 565 610 622 qua:
661 549 715 603 in
761 548 994 603 ecclesia
1046 547 1329 614 dicuntur,
1383 553 1684 622 composita
1730 563 1907 607 erant.

325 644 641 714 Cogitemus
671 640 844 703 enim,
878 641 1025 710 quod
1064 641 1181 696 ﬁeri
1214 653 1362 698 certe
1404 645 1601 712 potuit,
1636 643 1753 714 ipso
1783 645 1911 698 Pas-

328 737 500 793 sionis
531 735 618 789 die
648 742 741 788 aut
772 722 1047 802 sequenti,
1083 731 1309 788 Petrum
1345 735 1431 788 vel
1479 735 1645 788 alium
1674 735 1913 804 queruli-

328 828 421 881 bet
451 840 516 878 ex
549 821 833 892 apostolis,
864 820 920 873 in
953 821 1280 876 memoriam
1306 821 1510 877 Christi
1547 832 1602 877 et
1630 821 1912 878 Passionis

329 919 449 988 ejus
480 921 884 970 sacramentum
919 911 1108 966 altaris
1137 913 1409 967 conﬁcere
1436 913 1676 968 voluisse
1707 915 1910 984 (neque

330 1012 476 1065 enim
502 1006 767 1061 credibile
791 1013 896 1068 est,
928 1019 1034 1059 non
1059 1005 1279 1060 assidue
1301 1019 1397 1060 eos
1419 1005 1566 1060 illius
1591 1006 1912 1062 meminisse

333 1104 389 1158 in
431 1101 588 1169 cujus
625 1095 1207 1152 commemorationem
1246 1095 1298 1149 id
1351 1095 1465 1150 ﬁeri
1511 1095 1910 1167 mandaverat),

333 1193 536 1263 quibus
582 1191 703 1245 aliis
736 1189 923 1245 verbis
976 1189 1031 1243 id
1082 1205 1179 1244 eos
1226 1189 1422 1244 fecisse
1467 1189 1912 1246 existimabimus

333 1284 438 1337 nisi
475 1279 823 1336 Dominicis?
856 1287 910 1334 et
945 1289 1066 1348 post
1104 1293 1341 1342 caenam,
1369 1279 1515 1348 quod
1551 1281 1714 1336 etiam
1747 1280 1913 1350 longo

335 1386 643 1446 temporum
676 1373 966 1426 intervallo
993 1370 1342 1426 observatum
1375 1381 1480 1438 est,
1512 1380 1568 1426 et
1601 1372 1914 1426 communi-

336 1470 442 1524 bus
472 1466 721 1522 vestibus
753 1463 1018 1520 indutos?
1062 1465 1131 1520 At
1161 1463 1277 1520 haec
1309 1464 1498 1531 verba,
1532 1465 1738 1534 inquis,
1784 1480 1914 1518 nar-

338 1559 512 1615 rando
537 1559 782 1623 recitata,
807 1572 917 1611 non
937 1565 1165 1627 possunt
1193 1568 1598 1613 sacramentum
1618 1555 1911 1612 conﬁcere.

335 1652 460 1708 Non
497 1661 679 1706 autem
712 1659 968 1720 tanquam
1005 1652 1087 1706 rei
1117 1660 1282 1722 gestae
1314 1651 1512 1706 seriem
1546 1668 1800 1718 narrans,
1830 1667 1918 1706 sa-

338 1742 538 1797 cerdos
585 1741 700 1796 haec
737 1742 901 1797 verba
939 1743 1166 1812 profert,
1199 1741 1292 1798 sed
1329 1752 1585 1813 tauquam
1622 1759 1915 1814 personam

338 1831 549 1888 Christi
572 1831 820 1898 indutus,
853 1841 914 1886 ut
938 1832 1010 1886 ita
1037 1848 1100 1888 ea
1123 1833 1430 1904 proferens,
1456 1836 1614 1904 quasi
1646 1837 1916 1893 Dominus

337 1933 487 1980 esset
515 1922 610 1996 qui
657 1923 1000 1994 loqueretur,
1046 1934 1103 1979 et
1137 1933 1256 1981 eam
1289 1926 1496 1982 habens
1528 1927 1914 1993 intentionem,

340 2025 402 2072 ut
432 2018 548 2086 ’per
590 2015 759 2070 verba
807 2015 920 2080 illa,
957 2017 1111 2088 juxta
1147 2017 1297 2074 illius
1337 2018 1654 2074 mandatum
1701 2019 1796 2088 qui
1843 2019 1916 2074 ita

337 2109 619 2179 praecepit,
674 2122 875 2177 corpus
916 2107 1119 2164 Christi
1162 2110 1594 2180 sanguinemque
1642 2110 1912 2176 conﬁciat,

337 2198 804 2269 quemadmodum
845 2199 937 2255 ille
984 2199 1132 2266 fecit,
1181 2201 1311 2256 fecit
1354 2211 1537 2257 autem
1568 2217 1666 2272 per
1691 2218 1755 2257 ea
1795 2217 1916 2273 qua:

338 2279 507 2360 supra
536 2289 964 2348 memoravimus
996 2292 1182 2348 verba.
1210 2292 1446 2348 Possunt
1478 2292 1595 2347 haec
1625 2307 1756 2348 sane
1779 2293 1914 2348 duo-

339 2383 444 2437 bus
469 2383 650 2439 modis
687 2383 857 2453 accipi
891 2393 1028 2439 :aut
1066 2393 1324 2455 tanquam
1351 2384 1421 2440 ab
1455 2384 1785 2454 evangelista
1822 2399 1917 2438 re-

336 2478 470 2543 lata;
523 2485 579 2531 et
645 2485 776 2531 tunc
823 2476 1104 2530 narrative
1154 2475 1524 2546 accipiuntur,
1564 2475 1916 2546 evangelistis

334 2570 552 2625 scilicet
580 2583 641 2624 ea
672 2583 796 2639 quae
837 2566 1094 2622 Christus
1135 2566 1190 2620 in
1223 2566 1315 2621 illa
1353 2565 1652 2623 salutifera
1693 2567 1916 2624 Passio-

335 2661 430 2716 nis
461 2671 620 2716 nocte
645 2662 777 2730 egit.
812 2660 1205 2726 narrantibus;
1241 2670 1336 2714 aut
1370 2669 1628 2730 tanquam
1676 2676 1706 2715 a
1733 2675 1918 2716 sacer-
1948 2707 1957 2715 .

332 2754 469 2809 dote
501 2754 732 2822 prolata,
784 2752 1150 2807 intentionem
1184 2751 1443 2817 habente,
1479 2762 1540 2807 ut
1568 2753 1728 2824 juxta
1768 2752 1918 2807 ordi-

332 2860 465 2899 nem
542 2859 573 2897 a
645 2842 924 2897 Salvatore
993 2841 1256 2897 traditum
1329 2849 1737 2896 sacramentum
1811 2841 1918 2896 hoc

329 2932 617 2997 conﬁciat,
672 2941 727 2986 et
765 2942 894 2989 tunc
944 2947 1056 2987 non
1113 2932 1412 2999 narrative,
1473 2932 1567 2986 sed
1607 2931 1921 2988 eunctative

331 3007 722 3096 proferuntur,
748 3040 872 3080 cum
903 3024 1212 3080 intentione
1236 3024 1563 3081 conﬁciendi
1595 3024 1917 3096 mysterium

2015 551 2093 607 illi
2137 552 2500 620 suffecerunt,
2531 565 2588 610 et
2633 556 2792 611 nobis
2831 560 3021 628 utique
3063 559 3310 618 sufﬁcere
3366 563 3592 630 debent,

2013 644 2259 710 potentia
2292 643 2458 710 illius,
2489 653 2545 698 et
2582 655 2838 715 tanquam
2875 649 2946 704 ab
2976 648 3068 703 illo
3104 650 3320 706 dicente
3357 654 3590 722 prolata.

2015 730 2172 797 Quod
2204 733 2249 787 si
2291 734 2449 788 nobis
2488 735 2697 804 aliquid
2733 753 2964 793 necesse
3000 748 3085 794 cst
3115 740 3346 806 addere,
3390 743 3593 813 imper-

2016 820 2156 877 fecta
2190 833 2320 878 sunt
2361 826 2522 878 verba
2559 826 2727 881 illius.
2763 828 2920 882 Absit
2967 841 3150 886 autem
3199 847 3229 886 a
3256 833 3363 903 piis
3396 837 3593 890 menti—

2015 913 2118 969 bus
2167 914 2290 968 talis
2332 915 2621 984 cogitatio.
2664 915 2838 982 Quam
2879 919 3027 973 enim
3065 921 3226 975 aliam
3265 934 3590 992 potestatem

2018 1021 2114 1073 per
2135 1008 2602 1061 consecrationem
2629 1009 2907 1081 accipiunt
2929 1011 3266 1078 sacerdotes,
3289 1014 3391 1067 nisi
3423 1015 3592 1080 illam,

2015 1094 2220 1153 Christi
2272 1113 2563 1166 personam
2616 1116 2776 1168 posse
2828 1101 3040 1168 subire,
3088 1113 3144 1158 et
3192 1119 3288 1173 pro
3322 1120 3388 1159 eo
3433 1107 3595 1162 nobis

2016 1188 2228 1255 adesse,
2278 1201 2334 1243 ct
2388 1190 2853 1261 quemadmodum
2903 1194 2993 1248 ille
3045 1194 3197 1258 fecit,
3250 1199 3598 1269 COrpuscjus

2016 1278 2176 1350 posse
2202 1283 2570 1338 consecrare?
2603 1283 2756 1337 Fecit
2799 1295 2982 1338 autem
3021 1284 3108 1338 illa
3143 1301 3238 1356 per
3269 1289 3430 1343 verba
3475 1304 3594 1356 qum

2016 1370 2275 1426 diximus.
2313 1371 2604 1426 Enimvero
2631 1373 2954 1444 simpliciter
2995 1389 3153 1430 orare
3189 1376 3422 1447 quisque
3463 1394 3590 1447 pos-

2017 1471 2120 1525 set,
2157 1463 2268 1517 imo
2302 1478 2431 1518 vero
2463 1464 2741 1520 eﬁicacius
2772 1480 3149 1536 saepenumero
3179 1477 3404 1522 orarent
3434 1470 3590 1524 multi

2019 1571 2127 1610 non
2171 1557 2490 1612 sacerdotes
2529 1558 2812 1613 nonnullis
2857 1560 3264 1617 sacerdotibus.
3310 1561 3593 1631 Siquidem

2018 1649 2266 1718 plerique
2318 1650 2634 1705 sacerdotes
2684 1650 2760 1706 ita
2807 1651 3025 1718 vivunt;
3063 1664 3262 1708 utnon
3320 1655 3431 1711 sint
3488 1656 3600 1710 Dco

2021 1741 2232 1811 accepti
2259 1759 2274 1796 :
2303 1742 2524 1812 plurimi
2555 1759 2684 1798 vero
2708 1760 2773 1798 ex
2803 1746 3182 1810 saecularibus,
3213 1749 3283 1802 ita
3312 1749 3382 1803 ob
3405 1765 3597 1804 eorum

1948 1801 1991 1856 Β
2023 1833 2324 1888 bonitatem
2364 1834 2472 1889 Deo
2524 1835 2677 1890 chari
2721 1846 2850 1892 sunt
2883 1846 2939 1892 et
2968 1839 3132 1906 grati,
3167 1849 3226 1892 ut
3279 1840 3600 1910 plerumque

2019 1926 2303 1982 miraculis
2344 1927 2596 2004 decorari
2654 1939 2996 1986 mercantur.
3036 1930 3090 1984 Si
3142 1931 3310 2000 igitur
3357 1933 3443 1986 vel
3481 1933 3597 1988 sola

2019 2024 2290 2088 oratione,
2325 2027 2412 2080 vel
2448 2039 2511 2079 ea
2545 2023 2820 2093 praecipue
2847 2021 2962 2084 hrec
2994 2037 3336 2080 sacramenta
3369 2025 3598 2094 perﬁce-

2021 2125 2233 2183 rentur,
2282 2127 2430 2173 certe
2478 2118 2650 2188 magis
2694 2117 3091 2188 perﬁcerentur
3142 2134 3171 2172 a
3225 2119 3360 2174 viris
3408 2117 3594 2192 justis,

2021 2206 2274 2275 quamvis
2303 2220 2414 2259 non
2471 2205 2876 2274 sacerdotibus,
2908 2222 3072 2278 quam
3130 2207 3199 2261 ab
3237 2209 3480 2276 indignis
3511 2224 3600 2262 sa-

2018 2298 2357 2354 cerdotibus.
2407 2299 2518 2352 l‘loc
2571 2314 2702 2353 vero
2751 2298 2947 2353 falsum
3002 2307 3105 2354 est.
3162 2299 3398 2355 Perinde
3453 2301 3597 2354 enim

2019 2397 2421 2444 sacramentum
2478 2387 2698 2443 conﬁcit
2753 2387 3048 2450 sacerdos,
3110 2389 3364 2457 quamvis
3423 2390 3598 2446 malus

2019 2485 2185 2548 atque
2229 2493 2542 2547 perversos,
2575 2487 2636 2533 ut
2677 2480 2918 2548 optimus
2971 2489 3135 2548 atque
3187 2480 3594 2535 sanctissimus.

2020 2569 2316 2626 Saecularis
2349 2586 2481 2626 vero
2513 2586 2773 2642 persona,
2802 2571 3047 2642 qualibet
3081 2572 3187 2626 ﬁde
3222 2573 3598 2644 religioncque

2022 2662 2276 2729 excellat,
2316 2661 2453 2717 nihil
2499 2663 2726 2718 omnino
2759 2672 2961 2731 potest,
3003 2663 3130 2733 quia
3177 2655 3381 2719 nullam
3425 2665 3492 2720 ad
3521 2664 3597 2720 fa-

2021 2755 2280 2815 ciendum
2308 2771 2338 2811 a
2372 2756 2605 2811 Domino
2641 2763 2965 2825 potestatem
2995 2754 3228 2824 accepit,
3262 2771 3386 2810 cum
3421 2771 3598 2814 sacer-

2022 2847 2122 2906 dos
2169 2848 2443 2918 acceperit
2493 2847 2806 2904 maximam.
2866 2846 2923 2901 Si
2977 2847 3143 2916 igitur
3198 2863 3306 2902 non
3368 2858 3453 2903 est
3516 2849 3600 2904 vis

2023 2939 2293 2994 orationis
2317 2953 2439 3010 qua
2474 2939 2580 2993 hoc
2619 2939 2748 2994 facit
2789 2940 2957 3005 (esset
2981 2938 3127 2991 enim
3157 2938 3416 2992 onmibus
3451 2953 3600 2993 com-

2026 3031 2253 3101 munis),
2282 3040 2534 3100 superest
2569 3038 2627 3084 ut
2656 3045 2756 3100 pro
2786 3028 3005 3084 Christo
3027 3028 3208 3084 adsint
3237 3029 3396 3085 nobis
3421 3045 3599 3085 sacer-

326 3122 490 3189 juxta
527 3119 894 3174 imitationem
946 3117 1178 3184 Christi,
1219 3126 1274 3173 et
1310 3119 1465 3189 quasi
1502 3117 1620 3189 ipse
1646 3125 1794 3174 esset
1821 3117 1914 3188 qui
1946 3131 1992 3193 c
2025 3121 2201 3187 dotes,
2255 3122 2503 3194 ejusdem
2553 3120 2608 3174 in
2663 3121 2766 3174 hoc
2819 3119 3130 3188 potestatis,
3176 3121 3271 3190 qui
3322 3131 3376 3175 et
3430 3121 3602 3182 instar

333 3222 389 3266 ct
425 3212 646 3266 diceret
677 3221 731 3266 et
774 3209 1004 3268 faceret.
1055 3210 1269 3266 Idcirco
1311 3211 1454 3266 sacri
1490 3211 1744 3266 doctores
1772 3223 1920 3265 asse-

331 3313 492 3371 runt,
527 3303 893 3359 necessariam
928 3303 986 3358 in
1023 3303 1220 3374 primis
1251 3318 1375 3359 esse
1409 3301 1681 3359 sacerdoti
1713 3310 1919 3357 rectam

330 3397 709 3453 intentionem
739 3406 795 3451 et
840 3395 1184 3467 propositum
1218 3410 1282 3450 ea
1331 3394 1570 3450 faciendi
1611 3410 1731 3464 quae
1773 3393 1920 3449 dicta

330 3501 492 3556 sunt,
520 3490 722 3560 quippe
755 3489 872 3544 sine
920 3488 1011 3543 illa
1049 3488 1190 3543 nihil
1235 3487 1463 3543 omnino
1510 3485 1705 3541 conﬁci
1735 3499 1918 3556 posse.

328 3580 816 3650 Quemadmodum
850 3582 894 3635 si
946 3579 1072 3649 quis
1113 3594 1303 3650 regum
1349 3593 1446 3648 per
1487 3578 1724 3648 aliquem
1754 3593 1824 3632 ex
1853 3576 1921 3631 its

330 3674 426 3743 qui
466 3671 618 3743 apud
664 3687 722 3726 se
751 3671 926 3740 gratia
960 3681 1016 3727 et
1060 3670 1393 3726 auctoritate
1427 3671 1633 3737 valent,
1667 3669 1922 3724 volunta-

331 3775 444 3819 tem
475 3777 636 3817 suam
663 3764 901 3835 cupiens.
922 3760 1162 3817 subditis
1193 3760 1308 3816 suis
1339 3760 1520 3818 facere
1552 3759 1920 3826 manifestam,

329 3867 386 3911 et
415 3856 503 3908 ita
534 3853 588 3907 id
621 3853 768 3923 apud
800 3851 923 3908 illos
953 3853 1161 3918 valere,
1195 3867 1261 3908 ac
1299 3853 1347 3909 si
1378 3867 1438 3908 se
1481 3852 1726 3907 animum
1760 3865 1920 3908 suum

330 3946 744 4018 exprimentem
778 3944 1058 4011 audirent,
1091 3945 1304 3999 sanciat
1332 3952 1393 3998 ut
1423 3944 1501 3998 ita
1543 3943 1635 3999 illa
1672 3943 1835 3999 verba
1864 3943 1922 3998 in

333 4045 521 4111 prima
551 4052 791 4109 persona
827 4037 1048 4106 referat,
1079 4037 1160 4092 uti
1193 4052 1221 4092 a
1268 4051 1328 4094 se
1355 4036 1503 4093 dicta
1545 4046 1698 4103 sunt,
1739 4052 1920 4108 popu-

333 4133 543 4198 lusque
578 4130 650 4183 ita
687 4129 901 4200 prolata
929 4127 1181 4194 audiens,
1225 4137 1486 4198 tanquam
1526 4128 1596 4183 ab
1644 4129 1764 4198 ipso
1795 4141 1922 4200 rege

335 4226 512 4282 dictis
537 4223 900 4294 obtemperet.
927 4221 1274 4276 Manifestum
1299 4229 1385 4276 est
1407 4221 1554 4276 enim
1577 4221 1725 4293 quod
1750 4223 1796 4278 si
1823 4223 1924 4279 hac

336 4321 459 4389 lege
498 4316 649 4381 data,
678 4316 904 4369 veniens
945 4313 1014 4368 ad
1055 4311 1320 4383 populum
1357 4313 1589 4368 nuntius
1617 4313 1694 4368 ita
1725 4312 1874 4368 dicat
1904 4331 1920 4369 :

337 4416 456 4469 Rex
496 4419 698 4465 vestra:
726 4409 919 4466 salutis
942 4409 1200 4478 cupidus,
1232 4415 1588 4477 vestramque
1617 4406 1926 4478 rempubli-

2023 3213 2170 3269 illius
2220 3213 2438 3282 operari
2490 3211 2740 3282 possint,
2783 3221 2838 3266 et
2872 3214 3202 3268 annuntiare
3249 3213 3452 3282 populo
3481 3228 3604 3284 quae

2021 3301 2115 3358 ille
2151 3303 2432 3373 praecepit.
2484 3302 2596 3357 Hoc
2643 3303 2813 3368 enim,
2869 3301 3066 3372 inquit,
3119 3303 3278 3370 facite
3325 3303 3381 3358 in
3429 3319 3605 3359 meum

2022 3397 2598 3450 commemorationem.
2653 3394 2768 3450 Hoc
2823 3395 3036 3450 scilicet
3089 3394 3238 3458 quod
3296 3395 3413 3463 ipse
3471 3394 3598 3455 feci.

2022 3496 2250 3558 accepto
2282 3501 2425 3557 pane
2471 3496 2527 3541 et
2573 3487 2704 3540 vino
2735 3486 2790 3540 in
2836 3486 3113 3550 manibus,
3168 3485 3514 3555 respiciendo
3544 3485 3600 3540 in

2023 3578 2249 3641 ccelum,
2267 3575 2588 3647 frangendo,
2605 3576 3002 3640 benedicendo,
3027 3574 3230 3644 gratias
3247 3575 3458 3644 agendo
3488 3575 3601 3630 Deo

2024 3668 2196 3733 Patri,
2231 3675 2288 3722 et
2338 3666 2394 3721 in
2430 3675 2632 3736 corpus
2675 3675 2730 3722 et
2780 3668 3105 3738 sanguinem
3156 3682 3254 3737 per
3295 3680 3359 3720 ea
3409 3665 3600 3728 verba,

2023 3763 2135 3819 Hoc
2173 3771 2252 3817 est
2306 3779 2500 3833 corpus
2547 3776 2757 3825 meum;
2788 3770 2865 3826 et,
2905 3763 3003 3814 Hic
3048 3770 3124 3814 est
3167 3758 3383 3828 sanguis
3433 3773 3598 3818 meus,

2025 3854 2463 3912 transmutando.
2506 3851 2619 3907 Hoc
2666 3852 2814 3908 enim
2857 3867 2920 3905 ea
2977 3860 3326 3914 transmutat,
3379 3849 3485 3904 hoc
3533 3864 3600 3904 ea

2026 3953 2239 4021 integre
2272 3947 2512 4018 perﬁcit,
2551 3953 2612 3999 ut
2659 3945 2856 3999 beatus
2893 3942 3317 4015 Chrysostomus
3345 3945 3441 4000 ait.
3475 3943 3604 4000 Haec

2025 4043 2274 4116 quidem,
2309 4039 2414 4095 nisi
2442 4055 2527 4094 me
2558 4037 2777 4100 animus
2811 4036 2970 4116 fallit,
3008 4035 3141 4090 satis
3176 4051 3451 4107 superque
3477 4045 3604 4093 esse

2027 4133 2286 4190 videntur
2311 4130 2377 4186 ad
2400 4127 2708 4185 obturanda
2749 4127 2994 4182 omnium
3021 4141 3116 4180 ora
3141 4127 3233 4196 qui
3262 4136 3370 4180 tam
3399 4138 3601 4196 aperta:

2026 4236 2080 4281 et
2113 4222 2418 4280 manifesta:
2449 4223 2526 4277 rei
2558 4221 2938 4278 contradicere
2963 4230 3254 4276 conantur.
3297 4220 3606 4278 Audiamus

2031 4324 2236 4380 tamen,
2290 4314 2336 4369 si
2386 4315 2603 4382 placet,
2653 4313 2822 4369 etiam
2878 4311 3199 4382 Gregorium
3267 4312 3597 4382 Nyssenum,

2029 4407 2207 4462 virum
2255 4413 2315 4460 et
2347 4406 2596 4461 doctrina
2637 4415 2690 4460 et
2726 4405 2848 4458 vita:
2881 4404 3173 4459 sanctitate
3213 4405 3597 4461 excellentem.

335 4522 461 4563 cam
520 4505 579 4561 in
623 4503 881 4559 felicitate
931 4517 994 4558 ac
1027 4501 1182 4569 copia
1224 4499 1472 4556 omnium
1517 4515 1699 4555 rerum
1735 4509 1924 4555 tenere
1958 4476 2002 4531 ι)
2030 4501 2080 4555 ls
2110 4499 2164 4553 in
2209 4498 2546 4553 catechetico
2594 4497 2716 4567 cjus
2763 4510 3017 4552 sermone
3066 4496 3134 4550 de
3177 4495 3380 4550 divinis
3413 4512 3600 4552 sacra-

336 4599 697 4664 desiderans,
741 4595 1002 4650 continue
1054 4593 1124 4648 iis
1156 4592 1324 4648 rebus
1353 4591 1622 4663 invigilat,
1673 4600 1730 4647 et
1777 4591 1926 4662 leges

337 4691 561 4754 condit,
595 4704 731 4758 quas
759 4686 828 4742 ad
859 4686 915 4742 id
955 4685 1236 4742 existimat
1265 4685 1433 4740 utiles
1461 4699 1526 4740 ac
1555 4683 1921 4739 necessarias.

339 4785 507 4841 Unde
541 4796 669 4837 cum
709 4781 765 4836 in
795 4779 980 4835 multis
1002 4779 1234 4834 aliorum
1258 4777 1509 4848 exempla
1535 4785 1780 4840 secutus,
1810 4786 1922 4830 tum

338 4875 714 4946 plurimorum
747 4872 863 4942 ipse
888 4871 1143 4925 inventor
1172 4869 1315 4924 hanc
1340 4869 1512 4939 legem
1539 4867 1717 4924 sancit
1746 4882 1762 4921 :
1789 4866 1924 4922 Volo

338 4965 657 5038 quemlibet
719 4973 986 5030 vestrum,
1051 4961 1148 5033 qui
1189 4959 1426 5016 conditis
1479 4974 1511 5014 a
1564 4975 1652 5014 me
1711 4957 1925 5029 legibus

340 5056 620 5129 paruerit,
649 5056 912 5112 talentum
939 5055 1058 5109 auri
1084 5069 1154 5120 ex
1174 5052 1371 5108 :erario
1401 5050 1621 5120 publico
1658 5059 1739 5106 tot
1760 5051 1925 5104 anuis

339 5150 609 5219 accipiat.
644 5146 897 5202 Profecto
931 5159 1036 5200 nec
1066 5145 1341 5198 narrative
1387 5143 1503 5197 haac
1537 5141 1691 5205 dicit,
1722 5141 1818 5196 sed
1847 5141 1925 5195 si-

340 5243 464 5297 mul
507 5252 674 5310 atque
721 5239 866 5294 dicta
911 5247 1058 5302 sunt,
1111 5243 1228 5289 rata
1272 5225 1414 5289 fiunt
1460 5250 1582 5306 quze
1632 5233 1924 5303 jubentur.

339 5330 772 5402 Quamobrem?
815 5330 954 5396 Quia
1001 5342 1094 5382 rex
1133 5327 1208 5381 ita
1255 5326 1455 5380 sanxit.
1508 5323 1712 5377 Eodem
1764 5321 1928 5377 modo

342 5431 457 5484 hoc
478 5423 886 5493 intelligendum
909 5422 1015 5485 est,
1040 5417 1204 5475 talem
1232 5432 1261 5470 a
1290 5415 1522 5470 Domino
1551 5414 1930 5468 sacerdotibus

343 5517 612 5574 traditam
644 5519 991 5585 potestatem,
1015 5519 1075 5564 ut
1103 5509 1222 5580 ejus
1250 5507 1417 5561 verba
1442 5507 1508 5559 ab
1536 5505 1646 5559 illis
1674 5507 1726 5558 in
1750 5505 1927 5574 prima

345 5627 617 5686 persona,
653 5620 706 5663 et
746 5619 1002 5677 tanquam
1053 5605 1214 5659 simul
1264 5605 1331 5657 ah
1362 5619 1426 5657 eo
1463 5603 1775 5657 dicerentur
1805 5616 1931 5670 pro-

345 5711 487 5768 lata,
523 5712 693 5758 totum
740 5700 995 5756 etliciaut.
1029 5702 1137 5754 Aut
1172 5712 1270 5751 cur
1313 5696 1388 5750 illi
1422 5695 1641 5765 quidem
1690 5695 1926 5748 suffece-

418 5830 435 5859 ‘
479 5827 666 5894 lTim,
713 5843 785 5893 IV,
827 5827 877 5880 5.

2031 4591 2228 4647 mentis
2267 4592 2344 4646 ita
2379 4591 2624 4660 loquitur
2665 4607 2678 4643 :
2714 4590 2882 4644 ReCte
2916 4588 3083 4657 igitur
3125 4596 3180 4645 et
3211 4605 3360 4644 nunc
3403 4605 3598 4658 panem

2029 4685 2216 4754 divino
2247 4683 2415 4738 verbo
2461 4680 2885 4745 sanctiﬁcatum,
2929 4681 2984 4735 in
3031 4695 3233 4751 corpus
3281 4682 3380 4737 Dei
3436 4683 3600 4740 Verbi

2033 4773 2385 4833 transmutari
2413 4771 2712 4828 credimus.
2743 4771 2878 4826 Nam
2913 4779 2966 4825 ct
2998 4770 3130 4826 illud
3159 4786 3364 4840 corpus
3409 4771 3597 4840 (intel-

2027 4868 2148 4938 ligit
2179 4875 2365 4920 autem
2412 4879 2615 4932 corpus
2661 4871 3003 4932 assumptum
3050 4877 3118 4916 ex
3157 4862 3402 4933 Virgine)
3445 4863 3604 4932 panis

2029 4956 2276 5029 potentia
2319 4964 2476 5020 erat,
2526 4954 2901 5010 sanctificatus
2945 4967 3076 5008 vero
3113 4951 3220 5006 fuit
3264 4953 3604 5009 habitatione

2032 5051 2199 5109 Verbi
2245 5051 2302 5105 in
2329 5063 2494 5104 carne
2534 5045 2853 5110 habitantis,
2884 5059 2914 5098 a
2955 5059 3067 5114 quo
3115 5045 3191 5098 ita
3229 5043 3389 5113 panis
3418 5045 3512 5114 qui
3546 5045 3602 5099 in

2031 5143 2125 5198 illo
2154 5155 2383 5210 corpore
2407 5147 2546 5204 erat,
2572 5135 3128 5190 transsubstantiatus
3154 5135 3260 5188 fuit
3280 5135 3336 5187 in
3361 5133 3602 5189 divinam

2031 5232 2353 5304 potentiam,
2379 5244 2477 5303 per
2505 5243 2629 5282 eum
2664 5240 2812 5280 nunc
2842 5241 3059 5296 quoque
3100 5224 3385 5293 aequaliter
3415 5225 3473 5280 lit
3499 5241 3515 5290 ;
3547 5233 3603 5280 et

2031 5329 2108 5382 ibi
2153 5325 2298 5381 enim
2333 5323 2507 5395 gratia
2558 5320 2718 5374 Verbi
2760 5328 3007 5373 sanctum
3052 5317 3259 5370 fecerat
3307 5306 3440 5370 illud
3476 5331 3602 5371 cor-

2031 5437 2135 5492 pus
2179 5419 2325 5488 quod
2359 5433 2425 5472 ex
2472 5429 2610 5484 pane
2655 5410 3010 5468 consistebat.
3057 5407 3122 5462 Et
3169 5409 3303 5462 illud
3335 5411 3601 5477 quodam.

2033 5512 2194 5565 modo
2218 5511 2381 5562 etiam
2409 5507 2564 5577 panis
2582 5515 2719 5564 erat.
2748 5514 2802 5558 et
2834 5503 2922 5556 hic
2946 5502 3198 5558 similiter
3220 5503 3378 5572 panis
3405 5517 3601 5570 quem-

2032 5601 2326 5654 admodum
2362 5600 2657 5667 Apostolus
2693 5597 2805 5661 ait,
2842 5592 3222 5660 Sanctiﬁcatur
3265 5603 3358 5662 per
3385 5593 3599 5648 verbum

2037 5695 2130 5748 Dei
2158 5704 2204 5747 et
2240 5693 2533 5746 orationem
2565 5690 2605 5756 ¹,
2639 5704 2745 5743 non
2775 5686 3189 5752 comestionem,
3225 5684 3290 5738 ad
3328 5689 3427 5740 hoc
3465 5699 3599 5754 pro-
