3990 6212
416 299 513 367 511

1357 278 1864 345 BESSARIONIS
1895 278 1966 341 ,S.
2009 276 2082 337 Β.
2125 276 2192 338 Ε.
2237 273 2702 336 CARDINALIS

3549 267 3649 330 5:2

414 411 634 472 cedens,
681 414 742 459 ut
788 417 988 473 corpus
1020 397 1172 455 verbi
1213 397 1324 462 fiat,
1367 394 1462 450 sed
1505 409 1631 448 mox
1667 392 1732 447 ad
1783 404 1982 460 corpus
2013 395 2056 450 Λ
2083 387 2249 458 hujus
2291 387 2616 442 sacramenti
2676 382 2997 454 mysterium
3056 378 3198 443 fieri,
3238 386 3294 433 et
3340 377 3554 448 accepit
3598 388 3654 433 et

414 518 514 572 per
546 499 775 554 verbum
815 499 1238 551 transmutatur,
1270 483 1732 557 quemadmodum
1765 483 1832 537 ab
1865 483 1982 550 ipso

419 591 595 647 Verbo
624 590 828 644 dictum
849 592 955 647 .cst,
992 583 1098 636 Hoc
1128 588 1201 634 est
1234 593 1420 650 corpus
1462 592 1654 630 meum.
1695 574 1833 640 Quid
1868 574 1981 627 cla-

417 686 532 738 rius
556 683 828 738 certiusve
871 677 937 730 iis
966 673 1158 728 audire
1188 669 1504 726 desideras?
1550 667 1739 728 Panis,
1781 664 1982 734 inquit,

427 775 590 829 Verbo
625 773 717 826 Dei
743 767 1132 836 sanctiﬁcatur.
1175 765 1287 818 Hoc
1329 763 1382 816 in
1414 761 1605 831 primis
1634 759 1829 827 probat
1869 771 1984 809 ma-

429 864 643 924 nifeste,
667 859 834 913 verbo
857 857 952 910 Dei
979 862 1376 910 sacramentum
1401 851 1505 903 hoc
1531 848 1748 902 confici.
1780 845 1986 900 Deinde

419 955 614 1010 modus
646 949 985 1020 probationis
1018 947 1161 1000 idem
1196 942 1440 1011 apertius
1467 942 1726 994 ostendit.
1751 938 1985 1005 Corpus,

419 1049 514 1109 ait,
549 1043 791 1114 potentia
824 1040 982 1110 panis
1013 1047 1098 1092 est
1130 1037 1254 1107 quia
1303 1049 1442 1102 pane
1473 1041 1708 1087 constat.
1742 1032 1989 1085 Alimen-

422 1150 531 1192 tum
558 1136 704 1189 enim
734 1133 815 1201 (ut
840 1129 1160 1186 Aristoteles
1195 1127 1378 1194 docet)
1409 1124 1590 1194 primo
1620 1123 1838 1190 quidem
1872 1121 1986 1175 dis-

418 1228 617 1290 simile,
656 1233 844 1294 postea
891 1235 1022 1274 vero
1074 1217 1250 1272 simile
1298 1216 1357 1269 fit
1399 1219 1518 1282 ejus
1553 1213 1708 1282 cujus
1755 1221 1840 1265 est
1887 1210 1986 1264 ali-

419 1327 687 1373 mentum.
717 1312 932 1381 Corpus
963 1311 1126 1381 igitur
1156 1307 1302 1378 quod
1349 1321 1416 1360 ex
1461 1304 1683 1373 Virgine
1727 1303 1988 1358 Dominus

420 1407 741 1476 assumpsit,
777 1405 1019 1474 potentia
1061 1401 1223 1471 panis
1255 1405 1392 1452 erat.
1435 1397 1503 1449 At
1543 1396 1647 1448 tale
1688 1410 1886 1462 corpus
1918 1409 1985 1448 ex

421 1499 643 1572 Virgine
674 1504 1018 1566 assumptum
1051 1492 1195 1562 quod
1233 1489 1472 1559 potentia
1499 1489 1658 1556 panis
1695 1495 1836 1548 erat,
1878 1501 1985 1539 non

423 1593 616 1648 fuisset
641 1590 802 1643 aliter
833 1586 1260 1644 sanctificatum,
1296 1582 1396 1635 nisi
1429 1580 1668 1634 Verbum
1701 1576 1833 1630 illud
1867 1593 1982 1630 car:

424 1697 547 1737 nem
603 1681 748 1735 illam
802 1678 1188 1732 inhabitasset.
1247 1672 1323 1727 Ita
1374 1686 1520 1724 nunc
1566 1670 1723 1736 panis
1764 1683 1984 1737 quoque

2089 476 2334 531 tradidit.
2355 477 2578 546 Accepit
2612 485 2793 529 autem
2834 473 2973 534 huic,
3005 472 3146 540 quod
3177 467 3370 524 scilicet
3402 468 3654 522 Dominus

2084 567 2234 622 Jesus
2255 586 2360 637 qua
2393 578 2537 622 nocte
2564 567 2893 629 tradebatur,
2914 565 3109 636 accepit
3139 577 3352 632 panem.
3379 568 3428 613 et
3450 560 3658 628 gratias

2087 677 2246 729 agens
2277 661 2454 730 fregit,
2503 669 2551 713 et
2587 660 2718 713 dixit
2754 675 2774 712 :
2809 655 3037 725 Accipite
3082 663 3130 708 et
3164 648 3500 706 manducate.
3550 648 3661 702 Hoc

2085 761 2160 806 est
2192 769 2379 822 corpus
2405 768 2576 806 meum
2597 751 2733 820 quod
2757 765 2850 820 pro
2882 749 3020 802 vobis
3055 745 3328 817 frangitur
3347 757 3365 794 :
3392 743 3484 794 hoc
3505 741 3664 810 facite

2086 847 2140 898 in
2191 861 2360 898 meam
2415 842 2983 896 commemorationem.
3040 837 3300 892 Similiter
3345 845 3395 889 et
3440 835 3662 888 calicem

2088 949 2364 1007 postquam
2414 936 2656 996 ccenavit,
2694 935 2913 986 dicens:
2945 931 3040 984 llic
3080 930 3221 983 calix
3263 945 3452 982 novum
3492 937 3662 981 testa-

2089 1040 2318 1083 mentum
2345 1037 2418 1082 est
2455 1029 2507 1079 in
2541 1042 2652 1079 meo
2689 1025 2947 1093 sanguine
2977 1039 2993 1076 :
3025 1024 3117 1075 hoc
3146 1022 3298 1090 facite
3329 1021 3666 1088 quotiescun-

2089 1137 2188 1191 que
2221 1121 2451 1174 bibcritis
2475 1122 2531 1172 in
2567 1135 2735 1170 meam
2767 1115 3315 1169 commemorationem
3346 1112 3390 1165 ¹.
3421 1110 3488 1164 Ει
3521 1110 3617 1163 nili
3647 1108 3665 1164 l

2091 1221 2353 1280 praeterea
2394 1210 2603 1263 addidit
2641 1225 2656 1262 :
2695 1209 2832 1273 Quia
2874 1206 3020 1258 enim
3051 1203 3186 1256 nihil
3231 1200 3465 1269 amplius
3501 1214 3664 1252 acce-

2089 1313 2266 1376 perat.
2315 1303 2453 1357 nihil
2495 1301 2729 1368 amplius
2783 1298 3029 1353 tradidit.
3077 1296 3143 1350 Et
3186 1293 3396 1348 addidit
3435 1293 3660 1346 modum

2095 1396 2524 1452 consecrationis
2558 1392 2728 1447 divini
2773 1390 3024 1459 corporis
3057 1398 3112 1442 ct
3157 1386 3476 1448 sanguinis,
3505 1382 3660 1438 omni

2091 1505 2154 1544 ex
2191 1498 2343 1557 parte
2385 1486 2745 1540 sufficientem
2777 1493 2941 1550 atque
2981 1479 3309 1549 perfectum.
3335 1476 3482 1546 quali
3523 1489 3658 1528 usus

2091 1581 2481 1644 fnithristus,
2518 1578 2737 1648 qualem
2770 1577 2837 1630 ab
2865 1589 2930 1628 eo
2961 1573 3079 1641 ipso
3110 1570 3321 1639 accepit
3357 1581 3372 1621 :
3404 1567 3658 1637 accipere

2089 1672 2298 1726 scilicet
2334 1686 2552 1741 panem,
2587 1669 2786 1737 gratias
2824 1681 3008 1735 agere,
3039 1664 3289 1730 frangere
3327 1670 3383 1715 et
3418 1661 3606 1714 dicere
3640 1675 3659 1715 :

421 1774 608 1830 altaris
638 1787 747 1825 non
791 1769 949 1823 aliter
983 1781 1144 1836 quam
1178 1779 1271 1833 per
1300 1763 1527 1817 verbum
1565 1761 1658 1814 Dei
1697 1771 1754 1812 et
1784 1760 1987 1813 oratio-

2092 1763 2320 1834 Accipite
2345 1771 2395 1816 ct
2434 1761 2770 1824 manducata,
2805 1761 2898 1811 hoc
2924 1767 2999 1810 est
3025 1771 3214 1823 corpus
3243 1768 3438 1815 meum,
3467 1760 3524 1804 ct
3557 1753 3660 1804 hoc

421 1881 544 1920 nem
579 1863 971 1918 sanctificatur.
1010 1857 1180 1925 Cujus
1206 1855 1284 1909 rei
1334 1862 1524 1908 testem
1559 1851 1789 1904 Paulum
1819 1851 1984 1918 icitat.

319 2015 328 2024 ,
422 1956 575 2024 Quod
625 1965 809 2009 autem
851 1953 948 2013 ait,
993 1964 1088 2018 per
1120 1946 1436 2006 orationem,
1487 1942 1624 1995 nihil
1671 1940 1988 1995 corroborat

421 2047 863 2104 adversariorum
912 2039 1213 2094 rationem.
1271 2034 1554 2104 Siquidem
1603 2033 1656 2086 in
1702 2034 1876 2102 prima
1920 2030 1988 2084 ad

397 2139 769 2200 ,Timotbeum
801 2134 1041 2204 Epistola
1074 2130 1179 2184 hoc
1208 2129 1275 2184 de
1300 2126 1682 2184 communibus
1735 2125 1871 2179 cibis
1899 2123 1987 2176 di-

423 2236 518 2290 cit.
549 2231 649 2288 llic
681 2245 810 2284 vero
849 2228 1044 2282 doctor
1078 2239 1184 2278 non
1223 2221 1289 2276 de
1319 2220 1700 2274 communibus
1729 2233 1849 2286 quae
1875 2216 1988 2269 illic

422 2328 707 2388 dicuntur,
744 2321 894 2375 illius
925 2332 1058 2372 usus
1107 2323 1189 2371 est
1219 2313 1549 2374 testimonio,
1587 2310 1681 2365 sed
1723 2310 1988 2362 duntaxat

420 2426 686 2491 quantum
717 2413 782 2468 ad
817 2409 1294 2466 confirmationem
1324 2403 1591 2476 prepositi
1638 2402 1722 2455 sui
1757 2407 1987 2471 spectat,

423 2490 489 2567 de
519 2505 978 2566 transmutatione
1021 2513 1143 2569 quae
1177 2499 1247 2552 sit
1269 2511 1369 2567 per
1393 2494 1628 2548 verbum
1667 2491 1785 2546 Dei.
1834 2490 1989 2546 Unde

421 2604 583 2672 paulo
609 2609 730 2670 post
756 2593 1108 2654 concludens,
1143 2591 1216 2644 ait
1249 2607 1264 2644 :
1304 2588 1424 2642 Mox
1454 2585 1519 2639 ad
1553 2597 1772 2638 carnem
1811 2590 1991 2634 trans-

422 2671 686 2748 mutatur.
739 2686 806 2741 Et
846 2688 911 2740 ad
953 2684 1117 2754 hujus
1168 2677 1639 2733 conﬁrmationem
1687 2671 1989 2743 subjungit,

375 2821 377 2823 ι
423 2783 690 2851 Quoniam
713 2779 831 2847 ipse
853 2777 992 2832 dixit
1018 2794 1032 2829 :
1063 2773 1174 2828 Hoc
1201 2781 1275 2824 est
1302 2785 1487 2839 corpus
1512 2782 1704 2819 meum.
1733 2765 1988 2829 Adverte,

426 2892 636 2950 quaeso,
679 2887 802 2930 eum
839 2871 1036 2928 caetera
1067 2865 1276 2929 omnia,
1307 2874 1419 2918 tum
1454 2852 1608 2932 quod
1657 2861 1714 2914 in
1757 2859 1863 2914 fine
1892 2857 1988 2920 ait.

424 2969 570 3041 quod
605 2982 728 3022 mox
758 2980 861 3036 per
889 2962 1118 3017 verbum
1149 2963 1567 3013 transmutatur.
1593 2951 1831 3006 Verbtim
1861 2964 1992 3004 vero

2088 1855 2252 1908 modo
2281 1853 2552 1908 conficere
2598 1859 3028 1904 sacramentum.
3062 1845 3228 1912 Quid,
3267 1843 3523 1906 obsecro,
3562 1841 3659 1895 ho-

2088 1959 2209 1997 rum
2267 1951 2552 1998 consecrat
2597 1940 3008 1995 divinissimum
3061 1936 3194 1990 illud
3234 1934 3476 1989 munus?
3525 1932 3659 1988 Pro-

2088 2037 2232 2092 fecto
2261 2053 2369 2091 non
2402 2037 2650 2106 acceptio
2679 2034 2840 2104 panis
2866 2051 2882 2101 ;
2924 2035 3026 2086 hoc
3051 2032 3197 2087 enim
3229 2030 3540 2098 subjectum
3575 2036 3660 2082 est

2089 2129 2538 2190 consecrationis.
2585 2129 2732 2198 qttod
2779 2129 2832 2182 itt
2871 2142 3072 2196 corpus
3109 2123 3326 2180 Domini
3372 2121 3657 2177 transsub-

2089 2221 2336 2276 stantiari
2365 2229 2603 2290 oportet,
2628 2236 2734 2273 non
2761 2220 3058 2289 gratiarum
3087 2217 3255 2280 actio,
3291 2230 3397 2270 non
3436 2214 3654 2279 fractio,

2089 2328 2321 2381 quarum
2355 2313 2526 2366 altera
2569 2311 2633 2366 ad
2669 2311 3243 2366 commemorationem
3289 2297 3654 2363 ineﬂ‘abiiinm

2088 2420 2214 2475 erga
2242 2419 2341 2458 nos
2365 2404 2760 2459 beneficiorum
2782 2403 2898 2466 Dei,
2925 2403 3092 2457 altera
3119 2402 3185 2456 ad
3209 2401 3660 2457 distributionem

2090 2497 2396 2556 necessaria
2443 2509 2545 2551 est.
2595 2496 2861 2567 Superest
2897 2497 3062 2566 igitur
3097 2506 3158 2550 ut
3200 2496 3368 2550 verba
3403 2496 3506 2550 ista
3548 2495 3660 2550 sint

2089 2604 2209 2659 quae
2235 2599 2556 2644 consecrent
2587 2607 2601 2642 :
2635 2590 2743 2644 Hoc
2779 2598 2852 2643 est
2885 2607 3070 2659 corpus
3097 2605 3268 2642 meum
3293 2606 3310 2653 ;
3337 2598 3415 2654 et,
3448 2586 3548 2642 Hic
3580 2597 3660 2641 est

2088 2681 2303 2751 sanguis
2351 2697 2514 2735 meus.
2561 2682 2628 2735 Et
2683 2683 2757 2736 ita
2803 2682 3228 2736 existimandum
3273 2690 3375 2746 est,
3430 2691 3484 2735 et
3529 2690 3663 2734 tunc

2089 2771 2258 2827 fuisse
2294 2782 2694 2838 consecratum,
2743 2783 2798 2828 et
2843 2788 2990 2826 nunc
3023 2773 3361 2833 consecrari,
3405 2786 3660 2825 concur-

2091 2863 2341 2918 rentibus
2384 2863 2617 2927 scilicet,
2647 2873 2706 2916 ut
2733 2864 2941 2918 dictum
2981 2855 3088 2921 est.
3135 2870 3191 2916 et
3235 2862 3416 2921 Patre,
3450 2870 3508 2914 et
3539 2859 3666 2929 Spi-

2091 2954 2198 3008 ritu
2226 2965 2438 3020 sancto,
2469 2969 2592 3009 cum
2613 2955 2794 3010 omnia
2823 2955 2878 3009 in
2909 2965 3158 3010 creatura
3185 2968 3350 3023 opera
3379 2954 3446 3007 iis
3471 2952 3662 3007 tribus
3686 3001 3693 3008 .

425 3059 603 3130 inquit
636 3072 757 3111 esse
791 3071 804 3108 :
848 3053 956 3106 Hoc
994 3062 1066 3104 est
1092 3064 1278 3118 corpus
1307 3061 1500 3100 meum.
1531 3043 1747 3104 Nonne,
1779 3057 1879 3096 oro
1917 3051 1988 3105 te,
2017 3078 2060 3136 ο
2095 3046 2402 3100 communia
2459 3047 2595 3101 sim,
2659 3044 2856 3101 verum
2913 3045 3184 3100 Salvator.
3238 3044 3461 3113 quidem
3516 3043 3664 3098 haud

425 3151 650 3206 verbum
698 3146 833 3200 illud
883 3158 1023 3205 mox,
1067 3155 1176 3194 non
1216 3137 1476 3206 relinquit
1506 3135 1684 3188 locum
1725 3131 1989 3186 orationi-

427 3242 570 3298 bus?
600 3239 656 3295 Si
686 3239 852 3309 igitur
873 3235 1100 3290 verbum
1127 3230 1259 3286 illud
1294 3245 1309 3282 :
1341 3232 1453 3283 Hoc
1477 3235 1549 3279 est
1575 3242 1762 3295 corpus
1797 3239 1988 3290 meum,

426 3351 551 3390 mox
587 3336 938 3391 transmutat,
973 3324 1325 3379 manifestum
1361 3319 1494 3373 illud
1529 3318 1705 3372 solum
1735 3331 1854 3370 esse
1885 3323 1988 3377 est.

423 3426 568 3497 quod
600 3429 946 3485 transmutat,
983 3418 1143 3472 aliter
1171 3415 1319 3469 enim
1365 3426 1474 3465 non
1503 3426 1650 3471 mox,
1683 3410 1776 3464 scd
1807 3408 1993 3476 aliquo

421 3528 636 3573 etnon
704 3529 873 3584 parvo
939 3509 1227 3578 interiecto
1291 3516 1538 3573 tempore
1603 3501 1992 3556 transmutatio

425 3611 599 3663 fieret.
635 3604 708 3658 Ita
758 3611 908 3658 certe
943 3600 1086 3653 inter
1120 3613 1180 3653 se
1229 3596 1564 3650 conveniunt
1602 3594 1771 3648 sancti
1806 3593 1994 3646 Patres

421 3707 479 3754 et
508 3699 762 3753 doctores
791 3691 965 3747 nostri
989 3709 1003 3755 ;
1029 3690 1102 3744 ita
1132 3687 1235 3742 sibi
1265 3687 1499 3740 invicem
1523 3684 1874 3740 consentanei
1911 3683 1995 3735 lo-

421 3801 696 3863 quuntur,
720 3787 834 3842 sive
860 3783 1195 3844 Orientales,
1223 3785 1338 3836 sive
1361 3778 1757 3837 Occidentales.
1783 3777 1994 3846 Quippe

425 3883 790 3936 Damascenus
822 3879 878 3930 in
905 3877 1046 3930 libro
1077 3873 1473 3929 Sententiarum
1498 3887 1548 3926 c.
1572 3871 1644 3924 25
1666 3871 1741 3924 ita
1773 3869 1948 3937 inquit
1976 3885 1991 3921 :

425 3973 542 4028 Non
576 3981 661 4026 est
689 3971 844 4040 panis
880 3970 1048 4039 figura
1080 3967 1330 4038 corporis
1358 3976 1414 4021 et
1448 3963 1731 4035 sanguinis
1761 3961 1992 4022 Christi,

423 4064 589 4128 absit,
633 4063 727 4117 sed
783 4063 959 4132 ipsum
1017 4074 1220 4128 corpus
1272 4057 1476 4112 Christi
1528 4055 1867 4110 deificatum.
1925 4053 1995 4107 Et

427 4155 570 4210 unde
625 4154 748 4218 hoc,
786 4151 1129 4206 sanctissime
1175 4147 1405 4202 doctor?
1454 4144 1566 4199 lloc
1613 4145 1883 4198 habemus
1925 4143 1992 4196 ab

425 4249 566 4317 ipso,
595 4247 795 4314 inquit,
834 4243 1086 4306 Domino,
1114 4239 1350 4302 dicente,
1385 4252 1532 4291 non:
1565 4234 1682 4288 Hoc
1714 4243 1798 4291 est
1821 4235 1994 4305 figura

425 4339 692 4406 corporis,
740 4334 832 4390 sed
869 4334 1049 4402 ipsum
1097 4345 1282 4400 corpus
1334 4344 1529 4394 meum,
1566 4336 1621 4382 et
1661 4343 1774 4384 non
1823 4328 1994 4397 figura

2095 3153 2316 3192 necesse
2367 3137 2490 3202 fuit,
2534 3136 2747 3191 Patrem
2789 3146 2843 3192 et
2887 3135 3149 3205 Spiritum
3186 3145 3436 3202 sanctum
3485 3135 3666 3202 palam

2095 3229 2161 3283 ad
2195 3230 2296 3283 hoc
2327 3245 2462 3298 opus
2487 3229 2766 3292 invocare,
2798 3244 2920 3282 cum
2955 3242 3097 3281 unus
3133 3226 3386 3295 idemque
3419 3235 3473 3278 et
3497 3227 3664 3281 unius

2095 3336 2216 3375 cum
2244 3320 2352 3374 illis
2385 3321 2705 3375 substantia:
2736 3321 2828 3384 sit,
2860 3329 3083 3388 propter
3116 3317 3262 3387 quod
3299 3317 3567 3386 quidquid
3593 3317 3660 3371 ab

2095 3429 2160 3466 co
2191 3413 2273 3465 vel
2321 3411 2500 3474 fiebat,
2535 3411 2618 3466 vel
2650 3411 2953 3474 dicebatur,
3001 3411 3142 3464 idem
3189 3410 3258 3464 ab
3289 3410 3412 3464 aliis
3444 3425 3664 3478 quoque

2096 3501 2258 3557 fiebat
2281 3502 2692 3571 dicebaturque.
2721 3501 2830 3556 Nos
2858 3517 2988 3556 vero
3021 3500 3103 3555 fas
3133 3510 3218 3556 est
3244 3511 3302 3556 et
3335 3501 3674 3554 nominatim.

2099 3597 2221 3648 illos
2267 3594 2544 3656 invot-are,
2580 3605 2635 3649 et
2686 3605 2743 3648 ut
2793 3611 3019 3650 munera
3068 3607 3256 3648 nostra
3297 3595 3663 3653 sanetificent.

2097 3687 2303 3756 precari
2339 3705 2351 3739 :
2389 3702 2576 3740 verum
2605 3685 2655 3740 id
2686 3702 2793 3740 non
2821 3688 2927 3741 alio
2954 3699 3115 3757 atque
3139 3687 3245 3741 alio
3279 3688 3443 3740 modo
3474 3702 3659 3757 agere,

2096 3795 2198 3833 nec
2229 3779 2335 3832 alio
2372 3791 2537 3849 atque
2569 3779 2675 3833 alio
2723 3788 2987 3849 tempore.
3027 3779 3142 3834 sed'
3166 3788 3220 3833 et
3263 3795 3371 3848 quo
3417 3787 3664 3847 tempore

2094 3871 2308 3925 Domini
2362 3871 2781 3938 pronuntiamus
2827 3871 3019 3931 verba.
3061 3878 3117 3924 et
3162 3870 3437 3939 quomodo
3495 3870 3664 3924 verba

2095 3947 2421 4034 significant.
2461 3962 2614 4029 Quod
2649 3962 2691 4016 si
2729 3962 2879 4016 illum
2916 3972 3174 4032 tanquam
3205 3964 3484 4018 hominem
3511 3963 3662 4018 dice-

2096 4069 2322 4118 remus,
2375 4053 2504 4107 dum
2558 4055 2759 4124 gratias
2811 4054 3005 4122 agebat
3061 4054 3342 4109 beneficiis
3400 4056 3660 4125 acceptis,

2096 4159 2278 4199 orasse
2311 4146 2475 4199 etiam
2524 4145 2686 4198 tacite
2735 4144 2954 4198 Patrem
2987 4154 3042 4199 et
3089 4144 3352 4214 Spiritum
3387 4157 3660 4212 sanctum,

2097 4243 2158 4288 ut
2216 4236 2282 4289 ad
2318 4247 2440 4290 eam
2487 4237 2954 4291 consecrationem
2992 4250 3411 4301 concurrerent,
3463 4239 3664 4295 deinde

2097 4326 2283 4381 verbis
2337 4328 2487 4382 illum
2543 4327 2769 4396 prolatis
2820 4330 3142 4399 mysterium
3197 4335 3496 4400 peregisse,
3554 4348 3662 4386 non

426 4429 729 4499 sanguinis,
755 4427 849 4481 sed
879 4427 996 4494 ipse
1017 4423 1233 4492 sanguis
1256 4437 1420 4475 meus.
1453 4420 1628 4474 Verba
1656 4419 1826 4491 igitur
1856 4421 1947 4474 illa
1974 4438 1988 4475 :
2024 4409 2068 4467 υ
2095 4419 2212 4474 sine
2241 4421 2450 4473 ratione
2476 4419 2805 4474 diceremus.
2845 4421 3049 4476 Eodem
3088 4423 3255 4492 igitur
3291 4426 3452 4478 modo
3486 4433 3542 4479 et
3566 4440 3662 4480 nos

427 4522 536 4576 Hoc
565 4530 638 4574 est
663 4535 851 4589 corpus
876 4533 1070 4580 meum,
1106 4517 1270 4570 etiam
1299 4515 1452 4584 juxta
1480 4513 1807 4568 sententiam
1843 4513 1993 4568 illius

425 4613 667 4668 doctoris
714 4609 960 4670 faciunt,
1008 4605 1070 4660 ut
1125 4607 1282 4676 panis
1321 4605 1509 4659 altaris
1545 4620 1734 4658 verum
1785 4605 1993 4660 Christi

426 4715 626 4771 corpus
652 4699 722 4754 sit
754 4698 1138 4766 credaturque.
1174 4695 1281 4750 Sed
1312 4695 1376 4748 iis
1398 4694 1656 4748 omnibus
1680 4709 1801 4763 qua:
1826 4708 1993 4762 supra

427 4794 897 4855 memoravimus,
947 4788 1104 4856 quasi
1171 4787 1418 4839 ultimam
1472 4800 1694 4838 manum
1760 4786 1993 4854 imponit

425 4885 663 4948 Epistola
693 4881 932 4935 doctoris
972 4879 1218 4949 gentium
1251 4878 1315 4930 ad
1371 4875 1692 4931 Corinthios
1727 4875 1794 4930 de
1828 4877 1993 4944 hujus

421 4975 777 5030 sacratissimi
837 4969 1081 5041 mysterii
1138 4967 1436 5022 traditione
1481 4967 1839 5037 Speculantis.
1879 4966 1991 5039 Ego

421 5069 581 5134 enim,
608 5068 804 5136 inquit,
823 5064 1000 5133 accepi
1021 5079 1050 5116 a
1075 5061 1306 5118 Domino
1327 5061 1464 5130 quod
1484 5069 1530 5114 et
1560 5061 1758 5113 tradidi
1785 5061 1927 5115 vobis
1947 5062 1990 5116 ¹.

422 5161 632 5216 Deinde
663 5165 950 5214 enumerat
970 5172 1091 5225 quae
1117 5157 1349 5223 accepit.
1380 5154 1564 5208 Primo
1592 5153 1775 5222 itaque
1801 5153 1988 5208 videa-

347 5283 354 5294 -
422 5268 565 5314 mus.
604 5252 650 5305 si
683 5250 841 5314 libet,
877 5264 947 5302 an
996 5247 1335 5302 sufficienter
1379 5244 1684 5298 tradiderit.
1723 5243 1876 5299 Patet
1921 5245 1994 5298 si-

421 5344 644 5415 quidem
675 5342 965 5396 manifeste
992 5354 1116 5393 eum
1147 5337 1473 5392 tradidisse:
1504 5349 1682 5404 neque
1707 5336 1855 5390 enim
1891 5336 1988 5389 int-

423 5439 664 5507 perfecte
715 5433 949 5502 accepit,
997 5447 1174 5500 neque
1226 5430 1407 5483 minus
1451 5442 1618 5497 quam
1679 5437 1986 5496 acceperat,

424 5527 671 5592 tradidit,
697 5526 794 5580 sed
813 5523 1082 5594 quidquid
1107 5522 1339 5577 decebat
1371 5531 1425 5575 et
1454 5534 1679 5576 necesse
1701 5530 1822 5574 erat
1839 5522 1986 5578 circa

487 5714 506 5742 ⁸
537 5713 554 5765 ι
585 5713 709 5765 Cor.
742 5727 816 5777 ιι,
847 5713 934 5765 23.
1024 5713 1044 5742 ⁹
1071 5711 1202 5766 ibid.
1236 5709 1325 5766 24.

2096 4525 2256 4580 agere
2283 4525 2508 4564 necesse
2539 4522 2644 4575 est,
2676 4512 2926 4567 invocato
2954 4513 3171 4570 scilicet
3201 4516 3382 4580 Patre,
3412 4527 3468 4572 et
3500 4517 3660 4583 Filio,

2091 4609 2148 4654 et
2197 4600 2404 4671 Spiritu
2458 4615 2672 4667 sancto,
2713 4604 3032 4658 nominatim
3066 4611 3139 4672 ,et
3189 4609 3494 4672 manifeste,
3547 4609 3660 4663 sive

2093 4705 2219 4748 ante
2254 4694 2416 4750 verba
2447 4696 2708 4750 Dominus
2741 4699 2855 4752 sive
2885 4708 3029 4766 post,
3069 4713 3164 4753 seu
3197 4711 3429 4769 utroque
3457 4705 3658 4768 modo;

2094 4786 2232 4840 nihil
2261 4786 2406 4840 enim
2449 4787 2700 4850 interest,
2735 4798 2793 4842 ιιι
2833 4800 3025 4857 postea
3061 4791 3419 4857 disseremus,
3456 4793 3529 4846 ita
3560 4793 3657 4847 de-

2100 4893 2247 4932 mum
2279 4877 2508 4947 prolatis
2553 4878 2769 4933 Domini
2813 4883 3018 4946 verbis,
3063 4898 3277 4938 sacrum
3315 4884 3417 4940 hoc
3460 4897 3662 4957 myste-

2101 4971 2241 5022 rium
2270 4968 2563 5022 conficere.
2593 4970 2670 5022 Ita
2705 4974 2916 5041 accepit
2939 4973 3163 5040 Paulus,
3196 4976 3270 5028 ita
3301 4975 3462 5030 nobis
3495 4977 3663 5030 tradi-

2101 5059 2218 5125 dit;
2279 5061 2585 5129 transgredi
2647 5071 2830 5116 autem
2893 5065 3241 5142 traditionem
3301 5050 3425 5135 ejus
3483 5085 3660 5139 neque

2102 5167 2415 5222 possumus,
2454 5169 2634 5223 neque
2674 5155 2958 5220 debemus,
3006 5156 3051 5210 si
3088 5159 3343 5227 discipuli
3372 5161 3520 5229 ejus,
3551 5162 3659 5214 imo

2093 5262 2227 5301 vero
2274 5246 2502 5312 Christi,
2542 5259 2596 5300 et
2639 5263 2758 5302 esse
2791 5258 2847 5302 et
2881 5249 3062 5304 vocari
3100 5252 3376 5320 cupimus.
3426 5253 3658 5306 Abunde

2091 5357 2224 5395 vero
2253 5340 2508 5410 superius
2549 5339 2988 5395 demonstratum
3019 5351 3124 5403 est,
3157 5343 3414 5413 quoniam
3459 5345 3658 5399 Paulus

2092 5435 2235 5491 hanc
2268 5433 2619 5488 traditionem
2658 5447 2766 5486 non
2813 5449 2842 5486 a
2878 5433 3120 5500 Christo,
3153 5437 3248 5489 sed
3299 5436 3366 5490 ab
3395 5435 3654 5505 apostolis

2093 5527 2331 5597 accepit,
2375 5540 2483 5579 non
2524 5526 2684 5580 modo
2716 5527 2884 5582 verbo
2911 5526 3036 5597 hoc,
3063 5527 3156 5582 sed
3196 5543 3362 5598 opere
3387 5529 3550 5584 etiam
3581 5528 3650 5580 ita
