3990 6212
369 293 476 362 513

1355 294 1452 352 DE
1493 279 2001 350 SACRAMENTOS
2039 286 2608 348 EUCIIARISTIE.

3494 280 3596 344 514

365 404 718 487 facientibus,
746 401 1101 458 manifestum
1127 415 1248 456 esse
1279 415 1388 455 non
1419 399 1543 454 aliis
1577 413 1742 467 quam
1774 395 1934 452 Chri-
1956 397 2006 455 Α
2036 410 2162 449 vero
2208 395 2324 464 ipsa
2374 402 2501 450 sunt
2549 391 2710 445 verba
2756 387 3079 451 Salvatoris,
3120 403 3240 456 quae
3290 389 3433 457 apud
3481 404 3600 444 om-

365 502 437 556 sti
472 497 656 552 verbis
677 495 826 564 ipsos
854 493 1018 549 etiam
1041 492 1319 562 apostolos
1346 500 1468 561 post
1490 490 1770 546 Christum
1801 503 1934 544 con-

365 602 636 653 secrasse,
667 592 724 640 et
750 582 966 639 caeteris
991 580 1242 636 eumdem
1278 581 1522 652 mysterii
1563 580 1728 634 ritum
1765 578 1936 634 tradi-

364 680 533 734 disse.
563 675 835 730 Praeterea
868 670 975 725 hoc
1011 669 1157 724 idem
1202 668 1504 724 ostendunt
1553 668 1740 738 populi
1768 667 1836 721 ad
1868 681 1934 721 ea

369 767 538 822 verba
568 760 980 834 responsiones.
1016 758 1312 815 Sacer-dote
1343 759 1488 815 enim
1517 757 1682 811 verba
1711 756 1801 810 illa
1825 754 1934 809 alta

365 873 522 924 voce,
552 865 613 910 ut
637 870 736 910 vos
769 852 941 908 Graeci
975 851 1188 915 soletis,
1219 851 1637 921 pronuntiante,
1673 849 1936 903 assistens

371 949 608 1017 populus
641 947 696 1000 in
725 955 957 1014 utraque
1000 953 1154 1012 parte
1189 943 1518 1011 respondet,
1550 941 1747 1002 Amen,
1779 937 1936 1008 quasi

367 1042 529 1102 dicat,
574 1039 709 1093 Vere
757 1036 830 1090 ita
859 1043 967 1098 est,
1011 1042 1070 1088 ut
1117 1043 1174 1087 tu
1222 1033 1383 1087 dicis.
1429 1034 1594 1086 Amen
1627 1032 1774 1087 enim
1809 1046 1936 1086 cum

366 1128 668 1183 allirmandi
726 1125 869 1193 apud
924 1124 1180 1178 Hebraeos
1223 1122 1546 1176 adverbium
1591 1122 1698 1187 sit,
1747 1121 1938 1177 Graece

371 1220 512 1272 idem
534 1217 681 1286 quod
714 1233 832 1270 vere
859 1215 1146 1284 signiﬁcat.
1177 1216 1350 1268 Amen
1386 1213 1553 1284 igitur
1584 1213 1652 1266 ad
1680 1227 1745 1266 ea
1773 1210 1938 1267 verba

371 1307 712 1378 respondens
771 1307 1030 1376 populus,
1060 1304 1240 1368 Certe,
1271 1304 1470 1372 inquit,
1506 1319 1705 1372 corpus
1736 1312 1793 1359 et
1818 1319 1942 1358 san-

365 1402 491 1468 guis
515 1398 714 1454 Christi
755 1405 885 1451 sunt
927 1410 1152 1449 munera
1184 1395 1286 1450 ista
1320 1395 1627 1464 proposita,
1659 1395 1730 1449 ita
1759 1394 1938 1449 credi-

370 1504 513 1552 mus,
556 1487 629 1540 ita
673 1486 1025 1540 cenﬁtemur.
1060 1485 1125 1538 Et
1157 1485 1452 1553 quomodo,
1497 1500 1684 1554 quaeso
1714 1493 1786 1551 te,
1830 1500 1939 1540 non

367 1585 519 1631 esset
547 1585 705 1644 turpe
737 1574 1040 1643 putandum
1070 1587 1164 1628 eos
1195 1573 1287 1643 qui
1317 1573 1596 1629 doctiores
1623 1572 1815 1628 haberi
1845 1588 1939 1627 vo-

370 1668 510 1729 lunt,
529 1681 590 1720 ea
621 1669 868 1736 ignorare
900 1679 1021 1734 qua;
1044 1656 1336 1718 saeculares
1362 1673 1418 1716 et
1451 1678 1734 1718 sacrarum
1760 1663 1940 1718 Litte-

2034 501 2132 540 nes
2183 497 2313 542 sunt
2356 486 2569 547 eadem,
2595 484 2740 551 quod
2784 481 3008 534 minime
3034 480 3239 536 habent
3289 487 3600 534 sanctorum

2035 592 2247 648 preces,
2273 592 2396 630 cum
2429 576 2595 629 aliter
2627 581 2682 628 et
2710 573 2868 626 aliter
2902 580 2957 626 et
2985 571 3108 624 aliis
3136 579 3299 639 atque
3329 570 3452 624 aliis
3485 586 3604 623 ver-

2037 669 2124 723 bis
2159 668 2357 722 diversi
2393 665 2724 734 supplicent.
2764 663 2922 717 llunc
2955 660 3176 716 modum
3209 671 3266 715 et
3301 659 3537 729 apostoli
3572 677 3604 714 a

2042 763 2348 822 Salvatore,
2376 767 2433 811 ut
2461 756 2796 812 credendum
2831 764 2939 819 est,
2961 763 3016 810 et
3043 752 3110 810 ab
3140 752 3403 822 apostolis
3427 751 3607 808 sancti

2039 851 2226 905 Patres
2255 856 2443 919 postea
2468 855 2766 909 sumentes,
2795 846 2848 899 in
2875 843 3102 913 singulis
3126 840 3387 898 Ecclesia:
3415 856 3604 895 sacra-

2042 940 2268 1001 mentis,
2312 937 2770 1008 quemadmodum
2827 935 3108 990 materiam
3162 934 3438 1002 pr0priam
3487 932 3610 987 sine

2042 1049 2147 1100 qua
2187 1030 2337 1083 nullo
2375 1028 2538 1082 modo
2593 1027 2745 1082 ﬁeret
2775 1026 2920 1096 quod
2953 1025 3300 1096 proponitur,
3338 1025 3410 1079 ita
3443 1025 3608 1078 etiam

2043 1125 2322 1192 propriam
2372 1121 2599 1174 formam
2650 1123 2988 1173 statuerunt.
3029 1117 3144 1172 Hoc
3175 1116 3446 1172 catholica
3485 1116 3611 1183 qui-

2043 1213 2166 1265 dem
2195 1211 2513 1266 Latinorum
2539 1209 2782 1264 Ecclesia
2816 1221 2985 1277 usque
3013 1207 3067 1261 in
3102 1217 3428 1276 praesentem
3461 1207 3607 1261 diem

2043 1301 2316 1355 observat.
2346 1300 2413 1354 Et
2444 1299 2608 1353 verba
2647 1299 2759 1360 illa,
2791 1299 2994 1367 quibus
3024 1297 3453 1367 unumquodque
3488 1305 3610 1352 tan-

2043 1406 2203 1458 quam
2245 1407 2344 1461 per
2385 1390 2673 1445 materiam
2707 1389 3010 1459 perﬁcitur,
3045 1389 3179 1446 nulli
3209 1404 3318 1442 non
3347 1386 3611 1443 sacerdo-

2046 1491 2160 1536 tum
2193 1483 2338 1550 apud
2369 1497 2465 1536 eos
2507 1481 2793 1536 notissima
2825 1487 2975 1535 sunt.
3024 1480 3209 1535 Nostri
3255 1495 3410 1543 vero,
3440 1477 3612 1531 multa

2045 1573 2149 1626 alia
2179 1588 2301 1642 qua:
2346 1575 2582 1642 primum
2617 1574 2757 1643 apud
2809 1583 3030 1628 nostros
3057 1583 3238 1625 ortum
3272 1571 3610 1631 habuerunt,

2047 1671 2269 1732 prepter
2301 1663 2640 1718 calamitates
2672 1671 2980 1737 temporum
3012 1662 3322 1731 perdidere,
3349 1665 3422 1715 ita
3447 1659 3614 1714 etiam

371 1772 556 1809 rarum
608 1731 802 1824 ignari,
852 1731 1238 1823 respondendo
1289 1755 1489 1817 Amen,
1537 1753 1828 1810 manifeste
1881 1769 1940 1810 se
1976 1731 2014 1784 Β
2045 1731 2240 1807 horum
2283 1754 2488 1808 rituum
2521 1763 2652 1809 sunt
2681 1753 2865 1808 obliti.
2906 1731 3062 1820 Quod
3110 1753 3459 1808 manifestum
3495 1752 3609 1814 ﬁet,

373 1848 520 1901 scire
553 1844 897 1916 signiﬁcant?
933 1845 1098 1911 Quid,
1129 1859 1314 1900 nonne
1354 1844 1619 1899 assistens
1666 1847 1941 1901 sacerdoti

370 1935 638 1988 diaconus
666 1933 826 2002 eique
853 1933 1190 1997 ministrans,
1214 1931 1346 1985 dum
1383 1934 1642 1987 sacerdos
1667 1934 1776 1987 alta
1809 1949 1943 1988 voce

374 2026 545 2094 (juxta
587 2023 886 2078 Orientalis
930 2023 1187 2077 Ecclesiae
1227 2023 1415 2092 ritum)
1463 2024 1630 2079 verba
1679 2024 1773 2079 illa
1818 2040 1944 2093 pro-

371 2113 612 2176 nuntiat,
651 2111 765 2166 Hoc
803 2121 878 2166 est
910 2128 1095 2180 corpus
1143 2127 1340 2174 meum,
1375 2121 1448 2178 et,
1487 2111 1584 2166 Hic
1621 2122 1698 2168 est
1727 2115 1942 2182 sanguis

373 2220 549 2268 meus,
613 2203 729 2272 ipse
782 2203 1002 2272 propria
1057 2201 1196 2256 stola
1251 2202 1467 2257 duobus
1516 2204 1710 2272 primis
1756 2205 1943 2275 digitis

373 2304 540 2356 tacta,
570 2309 766 2363 panem
799 2304 855 2349 et
878 2295 1104 2348 calicem
1137 2293 1411 2348 ostendit?
1455 2296 1593 2350 nihil
1622 2307 1770 2351 certe
1794 2295 1942 2351 aliud

372 2385 711 2454 signiﬁcans,
743 2385 849 2439 nisi
892 2401 1087 2454 panem
1137 2385 1292 2440 illum
1329 2387 1532 2444 Christi
1565 2402 1688 2442 esse
1719 2403 1942 2458 corpus,

374 2484 427 2528 et
455 2473 603 2543 quod
635 2475 691 2529 in
722 2475 890 2529 calice
924 2483 1031 2538 est,
1065 2489 1187 2530 esse
1220 2476 1546 2546 sanguinem
1576 2477 1714 2548 ejus,
1755 2493 1944 2546 quem-

369 2565 668 2620 admodum
697 2566 883 2620 verbis
915 2565 1022 2620 illis
1043 2566 1330 2621 asseritur.
1371 2567 1436 2623 Et
1460 2568 1576 2622 haec
1599 2582 1729 2624 sane
1759 2579 1945 2623 osten-

369 2659 511 2712 dens
549 2656 812 2712 diaconus
835 2673 943 2712 non
973 2658 1261 2722 mentitur,
1290 2667 1347 2714 et
1379 2673 1488 2713 non
1517 2659 1790 2714 mentiens
1817 2674 1943 2714 cum

370 2748 442 2822 iis
472 2750 638 2802 sentit
671 2748 764 2816 qui
805 2748 920 2802 sola
952 2747 1166 2803 Domini
1211 2749 1378 2804 verba
1406 2750 1564 2804 aiunt
1593 2749 1699 2806 hoc
1728 2766 1944 2806 sacrum

368 2836 642 2905 perﬁcere
692 2849 1120 2894 sacramentum.
1160 2839 1350 2910 Neque
1384 2840 1532 2894 enim
1571 2839 1780 2896 frustra
1810 2843 1946 2898 tales

369 2931 640 2985 instituta:
666 2941 792 2986 sunt
813 2931 881 2986 ab
901 2932 1147 2986 Ecclesia
1171 2933 1534 2988 caeremonim.
1561 2932 1697 2987 lllud
1719 2949 1944 3004 quoque

370 3025 519 3078 haud
572 3024 1030 3119 contemnendum
1063 3023 1304 3088 videtur,
1349 3023 1500 3119 quod
1546 3039 1670 3080 cum
1713 3025 1825 3080 duo
1862 3042 2017 3119 sa-C

367 3123 654 3190 oramenta
685 3115 845 3170 nobis
873 3129 904 3169 a
937 3114 1220 3170 Salvatore
1252 3115 1448 3170 tradita
1479 3115 1706 3179 fuerint,
1732 3117 1945 3187 baptis-

371 3221 497 3261 unus
561 3215 618 3259 et
640 3205 1010 3273 Eucharistia,
1047 3218 1340 3276 utrumque
1373 3208 1556 3262 verbis
1595 3209 1710 3264 suis
1750 3208 1947 3264 conﬁci

360 3297 553 3368 jussit.
608 3298 825 3352 Etenim
875 3297 1218 3366 baptismus,
1265 3299 1731 3369 quemadmodum
1785 3315 1946 3370 supra

320 3426 329 3433 -
367 3390 818 3453 memoravimus,
868 3403 968 3456 per
997 3388 1162 3442 verba
1196 3388 1286 3442 illa
1322 3387 1634 3454 conﬁcitur,
1666 3387 1949 3461 Baptizats

365 3495 458 3535 eos
499 3482 557 3532 in
601 3481 809 3533 nomine
856 3478 1064 3544 Patris,
1117 3488 1166 3542 et
1215 3477 1370 3540 Filii,
1399 3489 1448 3533 et
1479 3478 1708 3547 Spiritus
1750 3482 1944 3536 sancti.

362 3569 541 3640 Cujus
589 3570 670 3624 rei
730 3571 1112 3624 testimonium
1161 3579 1284 3638 est,
1336 3571 1484 3640 quod
1516 3570 1710 3627 Patres
1757 3573 1936 3628 nostri

361 3662 543 3715 sancti
577 3660 829 3716 Ecclesiae
854 3663 1108 3717 doctores
1141 3663 1234 3732 qui
1272 3671 1604 3727 statuerunt,
1628 3665 1850 3734 quinam
1880 3680 1947 3719 ex

367 3751 440 3806 iis
470 3750 566 3820 qui
590 3751 659 3804 ab
688 3751 961 3806 haereticis
998 3753 1065 3805 ad
1096 3751 1422 3806 catholicam
1456 3762 1810 3807 revertuntur
1841 3752 1947 3808 Ec-

364 3843 622 3908 clesiam,
648 3841 1026 3913 rebaptizandi
1063 3844 1198 3902 sint.
1227 3842 1320 3912 qui
1355 3859 1464 3897 non
1496 3858 1592 3898 eos
1621 3844 1763 3898 haud
1789 3844 1949 3899 reba-

365 3937 660 4007 ptizandns
696 3950 818 3991 esse
863 3945 1116 3998 censent,
1164 3934 1260 4004 qui
1293 3935 1349 3989 in
1386 3935 1610 3988 nomine
1651 3934 1941 3990 Trinitatis

365 4029 539 4084 semel
571 4029 776 4082 fuerint
804 4027 1083 4097 baptizati.
1103 4025 1261 4092 Quod
1283 4027 1447 4081 etiam
1473 4026 1756 4096 cxpositor
1781 4042 1942 4098 syno-

369 4121 581 4175 dalium
613 4133 884 4173 canonum
921 4118 1064 4187 apud
1097 4119 1318 4173 Graecos
1344 4117 1563 4174 videtur
1595 4118 1943 4182 conﬁrmare.

373 4214 426 4267 ls
477 4213 623 4267 enim
673 4212 730 4264 in
774 4210 1194 4281 quadragesimo
1252 4209 1491 4280 septimo
1563 4210 1944 4278 apostolorum

370 4319 586 4357 canone
633 4302 709 4356 ita
756 4302 934 4371 inquit
965 4301 1142 4356 :Vere
1202 4301 1512 4370 baptizatur
1553 4300 1774 4369 aliquis,
1818 4313 1942 4354 cum

2047 1847 2094 1900 si
2123 1847 2251 1915 quis
2283 1847 2350 1900 ad
2398 1845 2721 1901 chrismatis
2763 1855 3168 1900 sacramentum
3205 1853 3442 1897 mentem
3474 1857 3612 1896 con-

2049 1938 2295 1994 verterit.
2319 1937 2535 1994 Etenim
2554 1937 2795 1992 secunda
2817 1936 3158 1991 oecumenica
3180 1935 3424 2001 synodus
3450 1931 3616 1986 verba

2046 2045 2168 2097 quae
2201 2043 2419 2082 sacrum
2473 2028 2720 2083 chrisma
2767 2027 3078 2096 perﬁciunt,
3120 2026 3363 2091 tradens,
3423 2024 3478 2078 in
3532 2037 3622 2076 se-

2047 2120 2219 2188 ptimo
2267 2134 2478 2174 canone
2534 2119 2608 2173 ita
2663 2117 3300 2188 inquit:0bsignantes,
3357 2115 3462 2170 hoc
3509 2122 3614 2178 est,

2046 2212 2414 2267 sacratissimo
2447 2211 2748 2265 chrismate
2793 2224 2890 2264 eos
2939 2209 3325 2282 chrismantes,
3381 2205 3620 2260 dicimus

2047 2303 2261 2372 signum
2297 2300 2428 2356 doni
2460 2300 2700 2370 Spiritus
2729 2297 2926 2354 sancti.
2964 2297 3030 2351 Et
3060 2298 3176 2352 haec
3213 2296 3380 2350 verba
3413 2297 3614 2348 secun-

2046 2394 2176 2449 dum
2212 2407 2308 2449 eos
2344 2389 2662 2446 chrismatis
2689 2400 3096 2445 sacramentum
3140 2386 3457 2458 perﬁciunt.
3501 2384 3620 2440 Hoc

2048 2486 2189 2538 idem
2217 2484 2273 2538 in
2299 2482 2514 2538 caeteris
2544 2480 2780 2550 diligens
2811 2480 3169 2549 investigator
3194 2477 3461 2532 inveniet.
3487 2476 3620 2544 Quae

2046 2575 2212 2644 igitur
2240 2573 2308 2627 de
2330 2573 2512 2627 divino
2538 2573 2893 2627 Eucharistize
2919 2580 3264 2626 sacramento
3296 2579 3616 2625 sanctorum

2047 2662 2238 2731 opinio
2270 2661 2360 2726 sit,
2393 2677 2515 2730 qua:
2554 2660 2782 2726 Christi,
2814 2676 2936 2729 qua:
2973 2659 3132 2714 Pauli
3171 2659 3396 2714 traditio
3422 2659 3611 2726 fuerit,

2047 2755 2198 2819 satis,
2248 2753 2354 2808 nisi
2390 2768 2477 2808 me
2506 2755 2726 2808 animus
2770 2752 2928 2819 fallit,
2981 2767 3147 2822 supra
3178 2753 3618 2807 demonstratum

2047 2855 2151 2900 est.
2182 2845 2463 2901 Manifeste
2500 2845 2646 2900 enim
2675 2855 2922 2915 apparet,
2965 2843 3272 2903 Orientales
3310 2855 3476 2916 atque
3506 2847 3620 2902 Oc-

2049 2936 2353 2993 cidentales
2377 2950 2569 2992 omnes
2598 2935 2846 3006 ejusdem
2895 2936 2951 2991 in
2985 2936 3091 3004 hoc
3137 2951 3261 2992 esse
3305 2940 3616 3005 sententiae,

2051 3036 2113 3082 ut
2141 3027 2353 3083 scilicet
2388 3026 2550 3080 verba
2585 3025 2804 3080 Domini
2847 3027 2978 3092 sint,
3023 3041 3145 3097 quas
3175 3043 3390 3083 sacrum
3409 3043 3622 3098 corpus

2048 3116 2253 3174 Christi
2309 3117 2743 3186 sanguinemque
2794 3117 3116 3174 conﬁciant.
3164 3119 3312 3174 ldem
3363 3119 3618 3188 afﬁrmat,

2049 3208 2195 3265 idem
2230 3208 2346 3277 ipse
2385 3208 2652 3263 Dominus
2693 3220 2990 3266 asseverat.
3023 3209 3179 3265 Nunc
3212 3210 3480 3278 reliquum
3534 3221 3624 3268 est

2049 3309 2112 3356 ut
2140 3301 2360 3355 tertiam
2389 3299 2773 3370 aggrediamur
2807 3309 3043 3370 partem,
3070 3310 3127 3356 et
3160 3302 3471 3358 rationibus
3497 3319 3624 3374 quas

2047 3389 2102 3443 in
2143 3389 2484 3444 contrarium
2529 3388 2726 3449 adduci
2767 3389 2948 3444 solent
2994 3390 3211 3457 solutis,
3266 3391 3431 3448 ﬁnem
3464 3393 3622 3463 operi

2050 3479 2416 3548 imponamus.
2471 3479 2613 3535 Sunt
2664 3491 2844 3535 autem
2899 3494 3010 3538 tres
3043 3483 3350 3552 praecipuae,
3397 3500 3506 3540 una
3537 3495 3624 3542 est

2047 3569 2349 3624 auctoritas
2375 3578 2694 3624 sanctorum
2723 3571 2980 3628 Ecclesia:
3013 3573 3327 3639 doctorum,
3361 3573 3624 3629 Clemen-

2051 3659 2142 3724 tis,
2187 3658 2397 3726 Jacobi,
2443 3659 2630 3714 Basilii
2659 3669 2716 3716 et
2747 3661 3148 3733 Chrysostomi,
3195 3663 3292 3733 qui
3341 3679 3536 3721 omnes
3565 3665 3623 3721 in

2049 3748 2250 3815 missis,
2273 3764 2409 3819 quas
2431 3749 2535 3821 ipsi
2559 3765 2942 3822 composuere,
2970 3765 3094 3823 post
3120 3753 3286 3809 verba
3312 3753 3620 3820 Dominica,

2049 3837 2357 3893 sacerdotis
2401 3838 2683 3907 precibus,
2742 3841 2844 3895 hoc
2892 3852 3305 3897 sacramentum
3347 3844 3624 3902 conﬁcere

2047 3927 2322 3995 videntur,
2357 3926 2632 3997 siquidem
2679 3929 2842 3984 etiam
2873 3938 3002 3998 post
3031 3931 3198 3986 verba
3235 3932 3448 3988 Domini
3489 3949 3627 4004 pro-

2047 4019 2177 4086 lata,
2203 4035 2312 4075 non
2337 4034 2542 4090 corpus
2563 4028 2620 4075 et
2641 4020 2987 4090 sanguinem,
3015 4019 3114 4078 sed
3135 4039 3333 4093 panem
3357 4036 3414 4082 et
3435 4027 3622 4084 vinum

2048 4110 2355 4166 nominant.
2386 4109 2638 4165 Secunda
2669 4125 2801 4166 vero
2823 4120 2910 4166 est
2937 4115 3241 4171 auctoritas
3271 4116 3618 4186 Damasceni,

2049 4202 2286 4258 dicentis
2305 4202 2526 4257 beatum
2569 4203 2833 4260 Basilium
2871 4207 2987 4262 haec
3014 4225 3243 4264 munera
3277 4211 3402 4265 ideo
3440 4214 3630 4284 praeﬁ-’

2048 4293 2300 4363 gurativa
2363 4293 2716 4364 nominasse,
2787 4298 2918 4368 quia
2978 4300 3224 4356 nondum
3282 4306 3625 4362 sanctiﬁcata

370 4392 680 4448 secundum
715 4406 905 4445 vocem
942 4390 1156 4445 Domini
1195 4391 1364 4445 semel
1400 4391 1732 4460 baptizatur,
1764 4392 1820 4445 in
1849 4407 1945 4446 no-
1975 4393 2023 4452 D
2047 4396 2208 4442 erant
2243 4402 2258 4440 :
2288 4385 2362 4440 ita
2404 4401 2537 4442 vero
2584 4402 2648 4443 ea
2702 4391 3018 4446 nominasse
3062 4394 3235 4450 multo
3280 4406 3404 4464 post
3455 4400 3621 4454 verba

369 4485 522 4538 mine
554 4483 746 4547 Patris,
781 4491 839 4537 et
887 4482 1032 4546 Filii,
1062 4490 1118 4536 et
1163 4480 1402 4551 Spiritus
1435 4481 1635 4545 sancti,
1685 4490 1943 4550 tanquam

369 4573 823 4645 pronuntiatione
853 4572 1138 4626 Trinitatis
1176 4582 1231 4627 et
1262 4559 1390 4626 ﬁdei
1435 4573 1490 4626 in
1548 4587 1632 4636 ea,
1662 4573 1815 4641 juxta
1843 4568 1949 4622 Do-

374 4664 636 4718 minicam
693 4664 1068 4727 traditionem,
1124 4663 1444 4732 perﬁciatur
1507 4662 1836 4732 baptismus.
1889 4660 1946 4715 Si

373 4756 548 4824 igitur
576 4755 696 4808 hare
735 4755 845 4807 duo
875 4755 991 4808 sola
1034 4763 1374 4808 sacramenta
1405 4753 1459 4807 in
1489 4753 1799 4823 Evangeliis
1833 4767 1947 4805 ma-

372 4846 575 4900 nifeste
617 4843 818 4898 tradita
849 4844 1082 4914 legimus
1114 4863 1129 4898 :
1157 4845 1394 4898 alterum
1436 4859 1566 4899 vero
1599 4859 1814 4910 eorum,
1845 4844 1950 4898 hoc

369 4946 457 4988 est
484 4934 810 5002 baptismus,
835 4932 1130 4987 Dominicis
1154 4931 1433 4999 perﬁcitur
1463 4931 1674 4996 verbis,
1708 4931 1950 5001 profecto

372 5037 429 5079 et
455 5025 589 5078 illud
617 5039 857 5092 quoque,
892 5024 994 5077 hoc
1026 5032 1110 5076 est
1143 5022 1568 5086 Eucharistiam,
1604 5024 1808 5079 divinis
1841 5026 1952 5082 illis

373 5127 432 5171 et
465 5131 496 5169 a
540 5115 650 5170 Deo
691 5114 906 5169 traditis
927 5114 1110 5168 verbis
1143 5114 1340 5168 conﬁci
1373 5113 1802 5170 existimandum
1835 5126 1944 5173 est.

375 5210 658 5279 Siquidem
681 5211 735 5264 in
757 5209 909 5264 omni
932 5223 1132 5279 genere
1154 5222 1338 5263 rerum
1360 5214 1600 5277 quatuor
1615 5222 1740 5264 esse
1756 5223 1954 5265 causas

372 5307 592 5368 oportet
617 5316 630 5351 :
657 5296 982 5362 eﬁ‘ectivam,
1005 5295 1314 5362 formalem,
1342 5296 1558 5351 ﬁnalem
1610 5306 1668 5352 et
1693 5298 1949 5353 materia-

377 5391 507 5445 lem.
549 5389 746 5444 Forma
799 5397 983 5442 autem
1034 5386 1198 5454 hujus
1245 5386 1578 5442 sacramenti
1609 5386 1775 5443 verba
1819 5399 1954 5445 sunt

379 5481 684 5544 Dominica,
708 5491 766 5533 et
794 5479 930 5533 nihil
951 5477 1125 5533 aliud.
1153 5477 1384 5546 Propter
1407 5477 1555 5547 quod
1586 5493 1755 5534 unum
1780 5481 1952 5534 idem-

377 5589 482 5642 que
510 5588 632 5627 essc
675 5571 832 5625 decet
886 5569 1335 5638 unumquodque,
1363 5583 1490 5622 cum
1534 5582 1590 5623 et
1630 5568 1804 5625 l‘orma
1842 5587 1950 5626 una

379 5666 471 5734 sit,
504 5676 728 5736 propter
749 5679 912 5733 quam
943 5671 1027 5717 est
1046 5660 1192 5732 quod
1220 5669 1305 5715 est
1330 5669 1386 5715 et
1413 5675 1535 5716 esse
1561 5661 1790 5718 dicitur.
1824 5662 1950 5719 llaec

705 5763 983 5823 Panos.
1025 5759 1144 5822 Gtt.
1191 5757 1398 5820 CLXI.

2049 4478 2357 4534 Dominica.
2389 4478 2575 4534 Tertia
2625 4482 2765 4536 ratio
2803 4491 2889 4537 est
2921 4484 3112 4552 opinio
3141 4487 3473 4544 sanctissimi
3520 4493 3626 4546 viri

2049 4571 2295 4641 Dionysii
2345 4571 2708 4640 Areopagitae,
2752 4573 2846 4642 qui
2879 4583 3070 4642 aperte
3114 4578 3324 4634 sentire
3377 4580 3622 4650 videtur,

2053 4673 2175 4732 post
2206 4661 2375 4716 verba
2409 4661 2620 4716 Domini
2656 4663 2761 4718 hoc
2791 4677 3192 4721 sacramentum
3226 4669 3444 4726 conﬁci.
3471 4673 3544 4728 lis
3568 4673 3624 4730 in
3685 4659 3690 4662 I

2053 4753 2346 4822 presentia
2380 4752 2686 4808 rationibus
2714 4768 2744 4806 a
2779 4754 2940 4816 nobis
2974 4759 3418 4827 respondendum
3447 4772 3557 4820 est.

2123 4843 2182 4897 ln
2214 4841 2404 4911 primis
2427 4851 2610 4896 autem
2643 4857 2829 4899 vernts
2854 4857 3172 4902 sanctorum
3215 4849 3503 4906 doctorum
3531 4857 3626 4925 qui

2053 4935 2249 4989 missas
2277 4942 2747 5002 composuerunt,
2782 4935 2941 4990 unica
2977 4937 3116 4993 ratio
3159 4939 3447 4998 satisfacit.
3489 4942 3626 5000 Cum

2053 5027 2158 5097 ipsi
2181 5035 2417 5096 quatuor
2442 5025 2632 5080 Patres
2658 5026 2801 5082 idem
2834 5028 2996 5096 plane
3018 5029 3222 5096 dicant,
3245 5045 3438 5088 eorum
3462 5035 3627 5090 verba

2053 5127 2184 5172 ante
2201 5118 2386 5173 omnia
2416 5117 2726 5172 audiamus.
2752 5115 3007 5174 Clemens
3027 5120 3216 5190 itaque
3239 5125 3474 5194 primus,
3500 5143 3627 5183 cum

2057 5209 2318 5264 miracula
2350 5207 2566 5263 Domini
2600 5219 2656 5263 et
2705 5224 2793 5265 res
2825 5220 3007 5280 gestas
3035 5211 3178 5282 ejus,
3221 5229 3288 5272 ac
3317 5230 3632 5275 sacramu-

2057 5308 2238 5354 torum
2272 5315 2304 5354 a
2326 5299 2561 5354 Domino
2589 5299 2941 5364 traditionem
2969 5315 3481 5373 commemorasset,
3501 5317 3630 5378 post

2054 5404 2116 5441 ea
2153 5388 2372 5458 inquit:
2423 5387 2694 5444 liemores
2727 5388 2914 5458 itaque
2942 5404 3042 5446 nos
3091 5392 3387 5460 passionis,
3435 5399 3630 5454 utortls

2054 5491 2110 5532 et
2140 5476 2562 5533 resurrectionis
2593 5477 2737 5547 ejus,
2782 5486 2917 5542 etc.,
2949 5476 3240 5536 oﬁ‘erimus
3270 5480 3370 5537 tibi
3411 5482 3544 5552 Regi
3573 5493 3631 5538 et
3694 5491 3702 5498 ’

2027 5568 2170 5623 Deo
2205 5567 2512 5624 secundum
2542 5568 2664 5640 ejus
2688 5579 2982 5638 prmeepta,
3003 5581 3113 5627 etc.
3148 5568 3426 5642 Rogamus
3477 5583 3530 5627 te
3570 5586 3632 5631 ut

2056 5663 2357 5718 clementer
2386 5659 2648 5731 inspicias
2698 5661 2815 5718 haec
2854 5663 3141 5736 proposita
3179 5678 3367 5722 coram
3415 5672 3468 5722 te
3499 5680 3631 5728 πως

2699 5778 2702 5780 ⁷
3130 5754 3199 5821 l7
