3990 6212
388 316 522 379 ’515

1366 306 1879 367 BESSARIONIS
1920 309 1979 369 S.
2022 311 2091 371 Β.
2134 310 2197 370 Ε.
2238 310 2708 370 CARDINALlS

3575 314 3675 377 5.16

418 441 574 489 nera,
612 433 668 479 tu
696 421 902 478 nullius
937 419 1186 491 indigens
1213 420 1380 486 Deus,
1405 429 1461 474 et
1488 418 1543 473 in
1575 418 1654 474 eis
1677 417 1817 474 bene
1848 433 1990 474 com-
2016 422 2064 479 Α
2092 434 2214 475 cum
2250 419 2469 476 Christo
2519 419 2765 491 corporis
2815 418 3154 475 eﬁiciuntur.
3189 421 3254 475 Et
3299 420 3406 477 hoc
3450 424 3673 494 quidem

420 518 662 587 placeas,
694 513 761 570 ad
786 513 1082 568 'honorem
1110 508 1317 566 Christi
1348 509 1450 575 tui,
1506 518 1560 565 et
1598 510 1782 564 mittas
1818 509 1996 580 Spiri-

423 621 538 662 tum
569 613 817 659 sanctum
850 612 1028 665 tuum,
1056 608 1249 655 testem
1276 599 1550 668 passionis
1574 600 1792 655 Domini
1823 601 1996 656 nostri

418 700 572 762 Jesu,
604 709 769 765 super
798 693 904 748 hoc
922 690 1233 757 ’sacriﬁcio,
1266 690 1359 761 qui
1382 692 1543 751 hunc
1576 706 1770 761 panem
1796 706 1997 761 corpus

420 790 623 847 Christi
657 788 759 852 tui,
786 795 842 841 et
885 784 1037 839 hunc
1064 784 1289 838 calicem
1324 782 1647 853 sanguinem
1679 783 1883 839 Christi
1916 785 1995 839 tui

420 881 639 938 eﬁiciat.
671 878 827 933 Licet
854 876 1002 932 enim
1039 876 1155 930 haec
1174 873 1476 929 Clementis
1507 874 1671 929 verba
1704 874 1848 930 inter
1870 890 1999 943 apo-

404 970 656 1041 cryphas
714 966 1017 1034 scripturas
1058 963 1483 1018 commemorari
1536 962 1769 1029 soleant,
1821 964 2000 1032 placet

422 1068 606 1112 tamen
651 1055 733 1109 eis
764 1052 1260 1122 impraesentiarum
1311 1060 1571 1121 tanquam
1618 1052 1762 1105 veris
1806 1066 1995 1106 assen-

392 1178 398 1188 ι
424 1150 647 1203 tiamur.
678 1146 914 1203 Jacobus
942 1158 1165 1214 quoque
1219 1142 1394 1197 multo
1423 1150 1548 1212 post
1574 1141 1742 1196 verba
1783 1142 1995 1202 Domini

388 1268 393 1269 ί
422 1238 701 1303 obsecrat,
730 1246 790 1290 ut
806 1236 1058 1290 mittatur
1084 1233 1326 1304 Spiritus
1352 1242 1600 1289 sanctus.
1635 1232 1710 1288 De
1736 1248 1846 1303 quo
1872 1249 1996 1289 cum

423 1332 594 1385 multa
621 1329 872 1391 dixisset,
898 1325 1218 1395 subjungit:
1249 1322 1322 1378 Ut
1344 1323 1644 1379 adveniens
1668 1323 1993 1390 sanctiﬁcet,

396 1432 478 1477 -et
504 1421 668 1475 faciat
692 1420 842 1473 hunc
866 1416 1088 1487 quidem
1119 1430 1313 1484 panem
1342 1428 1545 1483 corpus
1576 1413 1783 1469 Christi
1817 1416 1917 1477 fui,
1942 1425 1997 1471 et

424 1515 576 1567 hunc
606 1510 831 1566 calicem
884 1508 1185 1577 pretiosum
1218 1506 1539 1575 sanguinem
1564 1504 1768 1560 Christi
1804 1505 1906 1559 tui.
1929 1507 1999 1560 At

400 1617 659 1674 ‘magnus
698 1599 933 1655 Basilius
960 1596 1215 1653 similiter
1240 1603 1363 1664 post
1392 1594 1561 1650 verba
1592 1593 1890 1650 Salvatoris
1916 1596 1999 1649 in-

423 1703 583 1750 vocat
614 1700 865 1748 sanctum
894 1688 1180 1759 Spiritum,
1205 1695 1266 1741 ut
1291 1686 1356 1741 ad
1389 1686 1665 1756 proposita
1700 1685 1998 1741 descendat

2100 518 2286 580 petere
2317 512 2683 574 sacerdotem,
2714 526 2838 565 cum
2873 520 3052 581 rogat,
3095 521 3154 567 ut
3179 510 3520 570 descendens
3550 515 3682 586 Spw

2100 600 2240 655 ritus
2289 609 2549 665 sanctus,
2606 615 2801 670 panem
2841 600 3062 670 quidem
3121 603 3428 671 pretiosum
3480 595 3681 675 corpus

2098 689 2323 755 Christi,
2356 691 2580 745 calicem
2610 706 2741 745 vero
2770 691 3073 761 pretiosum
3098 693 3426 763 sanguinem
3472 693 3634 750 faciat
3663 740 3677 760 ,

2104 780 2207 834 hoc
2263 789 2370 843 est.
2417 791 2479 835 ut
2528 781 2740 835 ﬁdelem
2814 782 3078 851 populum
3131 786 3422 853 mysticum
3480 802 3684 856 corpus

2097 868 2301 925 Christi
2346 871 2777 940 sanguinemque
2812 870 2997 937 faciat,
3037 874 3146 942 quo
3178 876 3421 930 membra
3450 886 3504 931 et
3550 894 3683 946 par-

2100 966 2183 1014 tes
2209 974 2517 1029 corpusque
2546 961 2665 1030 ejus
2695 959 2903 1027 eﬁ'ecti,
2928 968 2985 1016 et
3018 963 3121 1017 sibi
3164 964 3301 1032 ipsis
3328 964 3594 1021 charitate
3627 975 3685 1020 et

2099 1047 2321 1104 Christo
2356 1049 2516 1114 uniti,
2556 1051 2745 1106 vivant
2776 1064 2901 1105 cum
2949 1066 3016 1106 eo
3052 1052 3221 1106 vitam
3269 1064 3532 1109 aeternam
3560 1097 3575 1117 ,
3627 1065 3686 1108 et

2102 1138 2431 1208 ﬁantipsius
2458 1140 2794 1195 cohznrcdes.
2834 1141 2946 1195 Nos
2976 1155 3108 1196 vero
3143 1152 3339 1212 praeter
3391 1145 3506 1199 haec
3547 1146 3684 1199 illud

2102 1230 2284 1300 p0tius
2330 1231 2621 1285 dicendum
2663 1232 3061 1294 existimamus.
3090 1236 3233 1302 quod
3263 1249 3389 1289 cum
3432 1236 3685 1289 divinum

2100 1320 2204 1374 hoc
2236 1331 2655 1377 sacramentum
2708 1321 2782 1376 sit
2834 1336 3141 1388 commune,
3194 1324 3268 1379 sit
3326 1341 3463 1394 opus
3510 1328 3684 1382 totius

2101 1410 2406 1476 Trinitatis,
2456 1424 2681 1465 necesse
2711 1420 2795 1466 est
2838 1427 2957 1475 nos,
3002 1413 3467 1482 quemadmodum
3510 1430 3678 1482 supra

2100 1501 2361 1565 diximus,
2390 1510 2443 1554 et
2463 1501 2679 1555 Patrem
2722 1510 2779 1556 et
2813 1500 3079 1572 Spiritum
3108 1512 3357 1557 sanctum
3388 1520 3513 1558 cum
3545 1503 3684 1559 Filio

2103 1593 2377 1658 invocare,
2414 1601 2474 1647 ut
2512 1592 2791 1662 proposita
2836 1608 3063 1648 munera
3097 1594 3403 1664 perﬁciant.
3432 1593 3587 1662 Quod
3625 1606 3683 1651 et

2101 1684 2306 1754 passim
2358 1700 2457 1754 per
2509 1693 2676 1739 totam
2728 1685 2947 1739 missam
3003 1684 3287 1751 facimus,’
3307 1696 3366 1741 et
3412 1704 3519 1742 non
3554 1680 3682 1742 ante

427 1797 678 1850 munera,
724 1790 778 1837 et
813 1779 1120 1835 sanctiﬁcet
1143 1816 1158 1841 ,
1201 1785 1257 1832 et
1303 1776 1467 1831 faciat
1524 1791 1721 1847 panem
1770 1776 1991 1845 quidem
2025 1765 2075 1826 Β
2103 1776 2270 1831 verba
2298 1774 2616 1841 Salvatoris,
2649 1775 2743 1831 sed
2775 1776 2940 1830 etiam
2973 1786 3095 1845 post
3125 1778 3307 1833 multis
3338 1793 3463 1833 cum
3499 1781 3681 1848 preci-

426 1876 723 1946 pretiosum
759 1884 960 1940 corpus
987 1867 1204 1924 Domini
1235 1865 1330 1921 Dei
1362 1877 1415 1921 et
1445 1866 1749 1922 Salvatoris
1781 1867 1995 1922 Domini

426 1968 600 2023 nostri
652 1965 777 2021 Jesu
823 1959 1070 2023 Christi,
1102 1967 1159 2013 et
1188 1957 1412 2012 calicem
1444 1955 1748 2026 pretiosum
1779 1957 1999 2027 sangui-

427 2074 551 2115 nem
581 2055 785 2113 Christi
818 2052 995 2108 nostri
1024 2049 1118 2121 qui
1149 2048 1354 2106 eﬁ‘usus
1383 2056 1466 2104 est
1494 2064 1596 2119 pro
1636 2048 1829 2103 mundi
1861 2050 1995 2103 vita.

427 2149 511 2205 Ad
543 2149 659 2202 haec
685 2145 1129 2214 Chrysostomus,
1152 2149 1277 2209 post
1297 2137 1465 2193 verba
1487 2136 1703 2192 Domini
1736 2145 1792 2192 et
1813 2152 1999 2192 rerum

431 2256 525 2308 per
556 2252 683 2294 eum
714 2244 990 2307 gestarum
1021 2230 1418 2294 narrationem,
1461 2227 1648 2283 subdit
1677 2244 1692 2282 :
1724 2226 1999 2297 Rogamus

426 2343 502 2395 te,
547 2326 738 2383 emitte
769 2325 1034 2395 Spiritum
1068 2330 1223 2376 tuum
1273 2328 1527 2375 sanctum
1570 2332 1737 2389 super
1778 2333 1900 2385 nos,
1943 2329 2000 2373 et

425 2434 590 2492 super
618 2422 735 2475 haec
769 2414 1054 2489 proposita
1102 2428 1359 2481 munera,
1393 2421 1447 2468 et
1474 2411 1561 2469 fac
1599 2412 1747 2467 hunc
1775 2411 1998 2483 quidem

427 2516 729 2584 pretiosum
763 2522 961 2578 corpus
1015 2505 1217 2561 Christi
1269 2505 1388 2569 tui,
1437 2504 1582 2574 quod
1615 2519 1748 2575 vero
1792 2505 1847 2558 in
1893 2503 2000 2558 hoc

426 2605 596 2660 calice
627 2610 736 2667 est,
769 2600 1072 2670 pretiosum
1114 2594 1437 2665 sanguinem
1476 2593 1685 2649 Christi
1733 2594 1836 2648 tui.
1869 2593 2001 2647 Post

395 2699 544 2752 etnec
571 2692 855 2765 subiungit
873 2710 887 2747 :
908 2691 1305 2745 Transmutans
1332 2700 1398 2741 ea
1425 2683 1632 2755 Spiritu
1667 2695 1860 2740 sancto
1879 2692 1997 2738 tuo.

396 2790 507 2843 εει
532 2785 749 2856 quibus
794 2780 1051 2837 omnibus
1075 2776 1237 2833 facile
1289 2785 1436 2832 esset
1479 2775 1658 2831 cuivis
1706 2789 1998 2844 argumen-

400 2876 532 2931 rtari
573 2872 689 2930 :iSi
741 2868 924 2927 verbis
970 2868 1084 2924 illis
1138 2864 1627 2929 Dominicis,~Hoc
1682 2874 1757 2920 est
1805 2882 1994 2936 corpus

399 2983 625 3032 .meum,
655 2972 731 3029 et,
783 2961 881 3017 Hic
909 2969 997 3016 este
1027 2961 1244 3031 sanguis
1291 2974 1457 3025 meus,
1485 2971 1701 3013 sacrum
1734 2956 1999 3011 Euchari-

399 3087 403 3091 -
426 3059 546 3114 s'tia:
576 3052 869 3111 conﬁcitur
891 3052 1221 3108 sacramenti
1248 3050 1592 3123 mysterium,
1615 3046 1789 3102 sancti
1814 3046 2001 3101 Eccle-

427 3148 523 3206 siae
547 3147 802 3203 doctores
829 3143 1057 3198 minime
1082 3150 1207 3213 post
1226 3154 1293 3196 ea
1322 3140 1488 3195 verba
1515 3138 1570 3195 id
1601 3137 1841 3208 propriis
1868 3150 1998 3206 sup-

425 3237 816 3310 plicationibus
850 3234 1073 3291 efﬁcere
1108 3240 1461 3295 conarentur,
1513 3245 1616 3285 nec
1648 3229 1850 3284 deinde
1899 3242 1998 3296 pa-

402 3345 552 3386 rnem
585 3337 642 3384 et
663 3328 850 3382 vinum
881 3323 1247 3380 nominarent.
1273 3321 1411 3377 Cum
1438 3334 1569 3377 vero
1598 3320 1650 3375 id
1681 3328 1865 3390 agant,
1894 3332 1999 3373 nec

424 3422 626 3476 frustra
667 3427 888 3474 sanctos
924 3416 1075 3471 viros
1105 3415 1179 3470 sit
1205 3413 1660 3479 existimandum,
1710 3410 1887 3480 palam
1936 3409 1997 3464 ﬁt

408 3509 573 3581 quod
598 3508 704 3565 hoc
734 3520 952 3565 sacrum
988 3503 1310 3576 mysterium
1346 3502 1658 3558 Dominicis
1687 3501 1870 3556 verbis
1899 3515 1997 3555 ne-

401 3615 699 3673 ‘rquaquam
732 3598 929 3654 conﬁci
961 3595 1370 3652 existimabant.
1418 3592 1560 3649 Huic
1614 3593 1783 3663 igitur
1831 3607 1994 3660 argu-

406 3698 610 3746 tmento
636 3687 970 3758 respondere
995 3683 1263 3749 volentes,
1294 3682 1470 3752 primo
1499 3681 1720 3752 quidem
1753 3679 1806 3734 id
1841 3694 1995 3749 repe-

406 3781 594 3835 atimus
621 3777 766 3849 quod
793 3791 959 3847 supra
989 3775 1280 3846 probatum
1313 3784 1421 3838 est,
1446 3786 1640 3828 omnes
1666 3779 1771 3826 tam
1802 3769 1995 3825 Orien-

408 3868 558 3924 tales
580 3883 744 3938 quam
771 3864 1157 3922 Occidentales
1177 3863 1432 3919 doctores
1458 3864 1511 3919 in
1541 3863 1650 3917 hoc
1674 3859 1988 3923 convenire,

412 3967 483 4014 ‘ut
510 3956 882 4014 sacrosanctis
919 3955 1136 4011 Domini
1166 3954 1348 4009 verbis
1394 3951 1752 4007 Eucharistiae
1794 3957 1993 4020 myste-

418 4052 563 4103 rium
600 4048 944 4105 conﬁciatur.
992 4047 1201 4103 Deinde
1248 4044 1520 4109 audimus,
1570 4057 1681 4098 non
1723 4055 1844 4096 esse
1876 4040 1991 4093 haec

418 4155 541 4210 quite
575 4138 737 4194 modo
767 4139 1077 4204 retulimus,
1111 4135 1496 4205 superioribus
1535 4132 1644 4187 illis
1691 4131 1989 4195 contraria,

420 4247 523 4286 nec
557 4231 707 4285 aliud
763 4229 871 4295 hic,
908 4227 1056 4281 aliud
1104 4226 1214 4280 illic
1244 4234 1467 4280 sanctos
1500 4221 1649 4276 viros
1683 4220 1768 4274 vel
1808 4218 1991 4274 dicere

424 4324 509 4377 vel
541 4322 770 4386 sentire,
800 4332 905 4374 nec
958 4332 1080 4372 esse
1102 4313 1537 4371 Occidentalium
1565 4310 1888 4366 sententiam
1918 4308 1987 4362 ab

2099 1867 2204 1923 bus
2231 1868 2573 1932 invocantes,
2610 1869 3091 1938 supplicantcsque
3127 1880 3187 1924 ut
3235 1870 3388 1939 digni
3441 1872 3681 1925 ministri

2100 1968 2264 2016 tanta:
2293 1961 2367 2015 rei
2397 1958 2718 2028 efﬁciamur,
2740 1975 2849 2030 quo
2878 1960 3150 2030 possimus
3186 1961 3275 2015 illa
3302 1976 3529 2018 munera
3552 1977 3681 2032 per-

2099 2043 2286 2117 ﬁcere,
2314 2060 2373 2105 ut
2399 2062 2621 2121 accepta
2643 2052 2725 2107 eis
2758 2050 2910 2110 ﬁant.
2939 2059 2995 2106 et
3026 2052 3199 2121 gratia
3226 2051 3466 2122 Spiritus
3494 2056 3673 2110 sancti

2099 2156 2263 2212 super
2294 2158 2359 2198 ea
2405 2142 2726 2198 descendat.
2760 2142 2891 2208 Quae
2934 2144 3119 2198 omnia
3155 2159 3264 2199 non
3296 2152 3405 2198 tam
3438 2147 3677 2214 agimus.

2102 2243 2161 2287 ut.
2193 2233 2297 2304 ipsi
2332 2247 2393 2288 ea
2422 2233 2707 2299 faciamus,
2757 2249 2920 2303 quam
2965 2246 3024 2289 ut
3075 2235 3275 2304 populo
3320 2236 3679 2292 ostendamus

2100 2325 2408 2378 communia
2433 2339 2555 2379 esse
2594 2326 2649 2379 in
2677 2336 2923 2379 creatura
2951 2341 3117 2395 opera
3145 2326 3453 2383 Trinitatis.
3479 2329 3680 2394 Quem-

2100 2415 2395 2471 admodum
2452 2416 2597 2470 enim
2656 2416 3003 2487 beneplacito
3060 2418 3259 2485 Patris,
3318 2428 3376 2475 et
3440 2420 3721 2489 Spiritus

2100 2507 2275 2561 sancti
2320 2507 2625 2571 voluntate,
2674 2524 2818 2563 unus
2848 2509 2900 2562 in
2933 2508 3203 2565 Trinitate
3238 2520 3432 2566 natura
3474 2512 3573 2567 Dei
3624 2525 3682 2568 et

2100 2599 2277 2652 Patris
2326 2599 2517 2664 Filius,
2553 2614 2615 2654 ex
2670 2601 2880 2655 sanctis
2928 2608 2984 2656 et
3030 2600 3396 2658 immaculatis
3438 2603 3683 2672 Virginis

2100 2689 2460 2759 sanguinibus
2511 2705 2711 2760 corpus
2757 2693 3074 2762 assumpsit,
3124 2694 3199 2748 ita
3254 2703 3310 2747 et
3344 2695 3450 2750 hoc
3477 2712 3682 2767 corpus

2100 2778 2287 2833 altaris
2345 2779 2460 2850 ipsa
2504 2779 2747 2835 Trinitas
2794 2791 2967 2848 creat,
3009 2785 3123 2853 ipse
3160 2784 3400 2854 Spiritus
3451 2800 3685 2845 sanctus

2102 2870 2343 2938 potentia
2378 2884 2475 2925 sua
2503 2885 2569 2925 ex
2594 2873 2898 2927 substantia
2927 2874 2982 2927 in
3018 2874 3404 2941 substantiam,
3434 2877 3541 2933 hoc
3570 2889 3678 2943 est,

2099 2976 2165 3015 ex
2206 2977 2345 3030 pane
2391 2962 2446 3016 in
2478 2978 2680 3033 corpus
2728 2972 3077 3020 transmutat.
3109 2965 3242 3031 Quae
3293 2983 3381 3023 res
3430 2978 3490 3022 ut
3535 2969 3681 3025 ﬁdeli

2058 3068 2067 3121 ί
2100 3052 2303 3121 populo
2329 3053 2507 3122 palam
2540 3052 2651 3122 ﬁat,
2684 3055 2831 3110 illius
2858 3057 3023 3111 etiam
3071 3070 3174 3111 nos
3221 3060 3535 3117 meminisse
3579 3077 3679 3117 ne-

2101 3154 2254 3195 cesse
2280 3150 2385 3196 est.
2416 3141 2482 3195 Et
2510 3143 2616 3198 hoc
2654 3144 2791 3199 velle
2842 3144 2965 3198 illos
2995 3144 3250 3202 doctores
3298 3148 3392 3216 qui
3444 3164 3543 3218 per
3579 3149 3679 3203 ad-

2099 3240 2320 3286 ventum
2352 3231 2592 3302 Spiritus
2624 3237 2794 3288 sancti
2827 3244 3233 3291 sacramentum
3271 3237 3375 3292 hoc
3424 3238 3543 3293 ﬁeri
3592 3241 3678 3296 di-

2100 3331 2253 3377 cunt.
2282 3321 2421 3378 Sunt
2450 3338 2578 3378 vero
2619 3323 2783 3378 iidem
2819 3324 3001 3394 plane,
3024 3324 3131 3396 ‘qui
3174 3342 3242 3382 ex
3277 3330 3411 3385 solis
3459 3331 3695 3403 Domini

2098 3414 2283 3469 verbis
2307 3413 2665 3469 Eucharistia‘e
2685 3423 3091 3470 sacramentum
3121 3418 3437 3473 existimant
3460 3420 3680 3476 conﬁci.

2096 3503 2245 3560 Idem
2267 3505 2413 3559 enim
2445 3514 2738 3574 utrumque
2761 3504 2970 3570 dicunt,
2997 3522 3104 3561 non
3127 3511 3423 3575 contraria,
3451 3522 3547 3566 aut
3571 3513 3679 3567 sibi

2096 3595 2329 3649 invicem
2360 3596 2716 3664 repugnantia
2741 3635 2756 3659 ,
2789 3598 2885 3650 sed
2921 3597 3111 3652 eadem
3144 3597 3330 3652 dicere
3358 3600 3678 3656 existiman-

2096 3691 2181 3737 tes
2214 3700 2226 3736 :
2271 3667 2565 3752 utrumque
2599 3683 2747 3738 enim
2782 3699 2976 3739 verum
3009 3696 3115 3747 est.
3163 3686 3232 3743 Et
3264 3702 3386 3742 cum
3422 3706 3595 3745 unum
3626 3702 3678 3745 et

2098 3773 2240 3829 idem
2281 3773 2445 3829 ambo
2490 3775 2623 3837 sint.
2656 3789 2827 3829 unum
2874 3776 3126 3847 idemque
3171 3777 3437 3846 efﬁciunt,
3472 3791 3531 3834 et
3569 3797 3677 3835 uno

2095 3871 2258 3932 atque
2280 3862 2471 3918 eodem
2496 3873 2758 3935 tempore.
2774 3866 2835 3920 in
2855 3866 3080 3923 instanti
3108 3870 3254 3923 enim
3282 3870 3547 3938 temporis
3568 3884 3675 3924 non

2094 3955 2253 4009 aliter
2282 3964 2446 4024 atque
2474 3955 2656 4019 aliter,
2688 3972 2868 4026 neque
2913 3958 3021 4014 alio
3052 3967 3217 4029 atque
3240 3961 3347 4014 alio
3373 3972 3674 4023 momento,

2093 4045 2189 4100 sed
2220 4036 2412 4100 eadem
2448 4056 2745 4112 momento,
2780 4056 2856 4112 et,
2892 4050 2935 4103 si
2972 4050 3159 4105 dicere
3201 4050 3282 4105 fas
3330 4060 3435 4113 est,
3480 4052 3671 4105 eodem

2092 4150 2258 4211 nunc,
2294 4146 2588 4205 utrumque
2618 4138 2762 4192 idem
2793 4138 3058 4203 eﬁiciunt,
3088 4156 3209 4196 cum
3245 4149 3301 4195 et
3334 4142 3532 4195 divinae
3557 4140 3673 4215 Tri-

2091 4223 2282 4278 nitatis
2305 4239 2571 4293 personae,
2596 4241 2733 4294 quas
2763 4227 3105 4289 invocamus,
3139 4245 3307 4283 unum
3334 4240 3495 4299 atque
3526 4231 3668 4284 idem

2093 4313 2394 4368 substantia
2447 4324 2502 4369 et
2542 4317 2939 4384 iuseparabiles
2999 4319 3128 4372 sint.
3181 4318 3336 4385 Quod
3385 4320 3433 4375 si
3484 4337 3665 4375 rerum

400 4413 780 4469 sOrientallum
833 4407 1095 4479 opinione
1129 4406 1424 4461 diversam.
1473 4402 1582 4457 Nec
1615 4402 1763 4457 enim
1816 4402 1862 4454 si
1914 4400 1987 4453 ita
2020 4413 2065 4469 υ
2094 4412 2289 4459 natura
2321 4406 2426 4459 tale
2456 4406 2677 4475 aliquod
2708 4408 2938 4461 verbum
2987 4411 3096 4477 pati
3132 4419 3336 4477 posset,
3367 4413 3511 4480 quod
3545 4429 3664 4466 mox

402 4508 582 4572 deret,
606 4519 753 4559 unus
774 4511 832 4557 et
850 4500 1000 4556 idem
1033 4497 1257 4553 divinus
1287 4494 1548 4565 Spiritus,
1583 4493 1679 4549 sed
1710 4491 1982 4555 diversus,

420 4612 521 4652 uec
558 4594 832 4659 veritatis,
863 4592 966 4647 sed
1020 4586 1287 4645 mendacii
1334 4586 1518 4657 potius
1570 4594 1735 4654 atque
1781 4585 1987 4638 erroris

402 4689 650 4758 spiritus
686 4686 741 4740 in
771 4686 840 4740 iis
865 4684 1083 4739 locutus
1104 4679 1304 4736 fuisset
1335 4696 1349 4733 :
1382 4676 1531 4747 quod
1558 4675 1726 4732 etiam
1746 4675 1987 4745 cogitare

396 4781 625 4850 absque
657 4776 943 4846 impietate
983 4787 1092 4827 non
1112 4769 1272 4825 licet.
1330 4767 1566 4823 Necesse
1597 4777 1685 4848 est
1723 4765 1890 4836 igitur
1927 4770 1988 4817 ut

415 4872 512 4926 illa
542 4883 672 4925 vera
704 4867 839 4933 sint,
870 4874 926 4920 et
945 4864 1061 4918 haec
1088 4876 1186 4933 per
1210 4868 1413 4916 rectam
1443 4858 1844 4928 expositionem
1880 4857 1987 4910 illis

415 4967 784 5016 consentanea
813 4967 934 5010 esse
964 4954 1352 5008 ostendantur.
1401 4948 1597 5003 Dicere
1647 4947 1832 5016 itaque
1872 4940 1985 5001 non

400 5051 537 5105 sine
570 5047 785 5102 ratione
814 5045 1044 5101 fortasse
1087 5042 1357 5111 quispiam
1408 5046 1614 5110 posset,
1666 5037 1811 5106 quod
1859 5050 1983 5090 cum

398 5152 618 5209 corpus
648 5135 867 5195 Domini
899 5134 1101 5204 duplex
1129 5132 1209 5187 sit
1243 5128 1728 5200 tquemadmodum
1774 5128 1829 5181 in
1869 5127 1984 5197 pri-

402 5229 628 5284 mordio
652 5226 833 5283 uestri
854 5223 1126 5280 sermonis
1146 5219 1532 5290 ostendimus),
1555 5232 1746 5273 verum
1777 5218 1985 5273 scilicet

404 5331 467 5378 et
493 5321 805 5394 mysticum,
840 5316 983 5372 illud.
999 5314 1221 5386 quidem
1256 5311 1428 5383 ipsius
1448 5310 1662 5365 Domini
1682 5311 1866 5365 verbis
1890 5325 1985 5363 cu-

397 5417 497 5487 jus
526 5416 728 5484 corpus
752 5419 858 5478 est,
896 5408 1116 5474 conﬁci,
1137 5409 1251 5462 hoc
1282 5418 1434 5470 vero,
1465 5402 1613 5473 quod
1639 5402 1743 5473 ipsi
1769 5417 1980 5464 sumus,

406 5490 959 5561 sacrisisacerdotum
986 5498 1264 5569 precibus;
1287 5504 1346 5552 et
1362 5494 1531 5566 justis
1563 5494 1897 5559 actionibus,
1929 5503 1984 5548 et

407 5598 538 5652 vita
566 5611 632 5651 ac
657 5607 873 5650 morum
902 5588 1195 5647 honestate
1216 5585 1503 5656 compleri,
1540 5598 1664 5639 cum
1692 5585 1855 5654 digne
1882 5584 1984 5639 bo-

406 5686 587 5742 nincs
622 5696 836 5743 sacram
889 5679 1298 5739 ﬁucharistia'm
1341 5676 1589 5750 capiunt,
1634 5684 1692 5734 et
1737 5676 1981 5749 ejusdem

2088 4504 2144 4549 et
2186 4496 2306 4551 sine
2348 4496 2582 4567 alicujus
2637 4499 2899 4566 temporis
2952 4498 3242 4553 intervallo
3297 4515 3413 4554 rem
3452 4516 3664 4554 omnem

2089 4585 2444 4655 exprimeret,
2476 4588 2725 4656 profecto
2753 4603 2852 4641 nos
2897 4590 3057 4642 simul
3095 4597 3150 4642 et
3178 4589 3369 4644 eodem
3423 4600 3663 4659 tempore

2090 4692 2214 4731 cum
2256 4678 2443 4732 verbis
2470 4677 2688 4732 Domini
2720 4687 2914 4731 caetera
2944 4680 3128 4731 omnia
3164 4680 3665 4747 pronuntiaremus.

2088 4769 2183 4822 illa
2208 4768 2431 4838 quidem
2453 4769 2716 4823 duntaxat
2749 4768 3076 4824 sacramenti
3111 4770 3402 4825 efficientia
3437 4772 3666 4826 creden-

2092 4870 2193 4924 tes,
2223 4869 2278 4913 et
2307 4868 2487 4914 tamen
2518 4858 2696 4913 Patris
2722 4868 2778 4913 et
2809 4857 3050 4929 Spiritus
3082 4863 3255 4916 sancti
3279 4864 3510 4932 gratiam
3555 4878 3661 4917 non

2089 4947 2404 5003 dubitantes
2432 4948 2647 5012 adesse,
2676 4958 2732 5004 et
2764 4948 2869 5003 hoc
2901 4950 3149 5005 oratione
3176 4959 3232 5005 et
3263 4953 3516 5021 precibus
3552 4968 3663 5006 ma-

2089 5040 2428 5095 nifestautes.
2472 5040 2685 5094 Adsunt
2731 5040 2936 5096 etenim
2990 5041 3065 5095 illi
3114 5057 3331 5110 quoque
3376 5058 3499 5096 cum
3545 5044 3661 5097 istis

2089 5129 2308 5185 Domini
2339 5129 2545 5196 verbis,
2573 5130 2739 5184 etiam
2766 5130 2929 5186 nobis
2960 5131 3205 5186 nonnihil
3238 5131 3378 5187 ultra
3409 5131 3657 5203 ﬂagitan-

2088 5221 2256 5276 tibus.
2287 5219 2396 5276 Sed
2439 5235 2563 5276 cum
2610 5220 2869 5276 desiderii
2901 5222 3074 5276 nostri
3123 5236 3463 5292 nequeamus
3500 5224 3659 5276 ardo-

2089 5325 2205 5365 rem
2230 5313 2535 5378 continere,
2564 5311 2893 5367 nominatim
2921 5324 3137 5382 quoque
3162 5328 3291 5368 eum
3318 5314 3655 5373 invocamus,

2085 5412 2143 5457 et
2190 5405 2532 5472 praesentiam
2585 5404 2703 5472 ejus
2759 5404 2975 5473 populis
3028 5404 3327 5474 aperimus.
3388 5402 3654 5459 Caeterum

2087 5495 2343 5564 quoniam
2377 5505 2573 5549 natura
2606 5510 2789 5549 rerum
2815 5495 2869 5549 id
2898 5504 3067 5560 vetat,
3094 5510 3426 5566 necesseque
3450 5506 3533 5551 est
3562 5512 3655 5563 per

2087 5584 2374 5640 intervalla
2407 5586 2666 5656 temporis
2698 5601 2867 5640 unum
2924 5594 3046 5655 post
3090 5585 3236 5639 aliud
3272 5586 3496 5639 verbum
3534 5599 3652 5652 pro-

2087 5675 2362 5744 nuntiare,
2392 5687 2557 5746 atque
2588 5675 2662 5732 ita
2694 5684 2861 5733 totam
2893 5677 3177 5732 historiam
3205 5676 3535 5731 sacramenti
3571 5687 3652 5727 re-
