3990 6212
401 309 501 371 5η
1317 385 1325 390 _
1390 313 1487 371 DE
1530 307 2043 370 SACllAMENTO
2084 307 2659 374 EUCHARISTLE.
3537 308 3645 375 518

398 423 606 487 petere,
650 415 849 472 deinde
891 416 1108 473 Patrem
1150 429 1204 474 et
1244 417 1506 491 Spiritum
1537 432 1789 477 sanctum
1820 420 1973 474 invo-
2000 430 2046 484 Α
2076 431 2267 485 preces
2312 416 2430 470 illas
2455 457 2470 480 ,
2523 419 2727 487 quibus
2765 417 3014 472 nonnulli
3064 417 3384 472 existimant
3420 436 3638 477 sacrum

346 531 363 539 ο
398 523 543 573 care,
569 505 776 562 idcirco
802 507 871 564 iis
898 511 992 579 qui
1024 526 1133 566 non
1173 512 1311 567 bene
1339 527 1453 567 rem
1479 511 1846 571 considerant,
1884 508 1969 562 vi-
2072 506 2434 563 Eucharistiae
2471 509 2790 579 mysterium
2817 508 3034 563 conﬁci.
3070 508 3227 574 Quod
3261 509 3305 564 si
3344 509 3412 565 iis
3442 513 3646 579 priori-

398 599 514 654 deri
544 599 685 654 solet
716 600 868 654 aliud
893 615 1014 657 esse
1035 602 1181 671 quod
1204 613 1393 673 postea
1417 603 1763 658 invocatione
1790 599 1968 656 sancti
2073 599 2176 653 bus
2204 598 2388 653 verbis
2421 610 2477 652 et
2512 600 2612 654 hac
2640 599 3016 670 Cbrysostomi
3051 601 3301 656 oratione
3333 616 3647 657 sacramen-

399 689 637 758 Spiritus
685 689 909 756 dicitur,
940 690 1107 762 idque
1148 694 1492 749 solummodo
1538 694 1748 763 absque
1782 690 1969 746 verbis
2074 696 2188 742 tum
2218 704 2325 743 non
2357 689 2667 753 coniicitur,
2696 688 2940 757 profecto
2970 704 3072 743 nec
3096 691 3498 757 posterioribus
3526 708 3649 761 per-

316 806 319 809 ν
398 780 613 836 Domini
638 792 1041 837 sacramentum
1068 784 1363 840 coniicere.
1397 784 1554 850 Quod
1585 791 1733 838 certe
1764 799 1792 837 a
1825 782 1971 837 veri-
2073 780 2309 843 licietur,
2337 795 2459 848 quae
2486 795 2609 834 cum
2666 779 2772 834 illis
2819 779 3007 834 eadem
3062 789 3193 833 sunt
3224 796 3237 832 :
3264 780 3455 841 eadem
3501 781 3648 837 enim

399 880 505 926 tate
547 870 868 941 longissime
914 872 1091 927 abest.
1127 872 1358 944 Oportet
1389 874 1533 928 enim
1586 873 1704 928 haec
1753 873 1970 942 aliaque
2072 871 2395 925 eorumdem
2429 879 2555 924 sunt
2584 870 2898 925 eliicientia.
2925 868 3215 924 Perﬁcitur
3256 883 3438 926 autem
3465 875 3651 928 verbis

398 962 731 1033 huiusmodi,
759 977 869 1017 non
898 972 1153 1032 tanquam
1181 965 1235 1018 in
1267 972 1515 1034 tempore
1541 964 1598 1018 in
1630 979 1741 1033 quo
1775 962 1971 1019 dicun-
2074 960 2185 1015 illis
2215 976 2337 1030 qua:
2371 962 2514 1015 inter
2553 970 2781 1029 utraque
2806 962 3009 1021 media,
3051 960 3286 1015 maxime
3327 962 3651 1031 principalia

396 1063 505 1119 tur,
544 1054 642 1108 sed
675 1064 932 1123 tanquam
965 1056 1020 1109 in
1045 1064 1290 1124 tempore
1313 1070 1410 1125 pro
1438 1069 1548 1125 quo
1577 1054 1863 1117 dicuntur,
1892 1054 1968 1108 ita
2073 1043 2223 1116 sunt,
2258 1053 2359 1105 hoc
2386 1060 2471 1106 est
2502 1050 2798 1104 Dominicis
2838 1050 3040 1104 verbis.
3080 1050 3204 1105 Haec
3238 1061 3368 1105 sunt
3400 1068 3521 1121 quae
3572 1062 3655 1107 to-

397 1142 720 1211 intelligere,
752 1156 817 1196 ac
860 1142 906 1197 si
937 1152 1151 1213 tempus
1192 1143 1326 1199 illud
1357 1152 1603 1199 maneret
1632 1143 1969 1211 minimeque
2076 1152 2188 1195 tum
2219 1141 2482 1203 elliciunt,
2509 1141 2625 1195 haec
2668 1143 2734 1195 ad
2767 1156 2889 1210 qua:
2933 1142 3117 1195 omnia
3152 1142 3436 1198 referenda
3482 1154 3610 1199 sunt
3636 1184 3651 1209 ,

396 1229 686 1293 deﬂueret,
722 1231 817 1286 sed
846 1231 902 1284 in
936 1247 1045 1287 uno
1073 1222 1379 1302 eodemque
1406 1247 1554 1287 nunc
1595 1233 1689 1288 illa
1720 1231 1970 1286 dieeren-
2072 1236 2186 1290 sive
2216 1244 2401 1298 antea,
2434 1236 2549 1289 sive
2595 1244 2781 1303 postea
2810 1234 3083 1289 dicantur.
3118 1234 3234 1289 Hoc
3278 1236 3455 1305 ipsum
3497 1251 3653 1304 aper-

400 1329 526 1373 ιυτε
556 1320 801 1388 profecto
827 1321 972 1375 enim
1013 1323 1085 1377 ita
1106 1377 1111 1383 .
1132 1322 1472 1386 dicerentur,
1501 1322 1548 1378 si
1584 1321 1704 1377 ﬁeri
1740 1328 1926 1391 posset
1951 1360 1967 1384 .
2074 1326 2186 1381 tius
2210 1326 2375 1381 etiam
2405 1340 2475 1381 ex
2502 1325 2689 1380 Basilii
2722 1324 2903 1379 verbis
2946 1324 3000 1378 in
3032 1324 3224 1379 eodem
3275 1326 3396 1380 loco
3443 1326 3651 1395 percipi

394 1416 451 1461 et
500 1425 683 1463 rerum
739 1420 937 1464 natura
986 1411 1211 1467 minime
1259 1420 1604 1482 repugnaret.
1633 1411 1770 1466 Cum
1805 1410 1971 1480 igitur
2078 1426 2277 1486 potest.
2309 1416 2428 1470 Mox
2453 1417 2600 1469 enim
2627 1428 2751 1485 post
2785 1430 3075 1469 munerum
3118 1415 3451 1469 oblationem
3496 1434 3510 1469 :
3550 1417 3655 1471 Re-

400 1514 499 1566 pro
540 1509 785 1570 tempore
815 1501 872 1555 iu
915 1517 1027 1571 quo
1058 1501 1148 1557 illa
1176 1502 1461 1557 Dominica
1489 1502 1653 1557 verba
1687 1501 1966 1562 dicuntur,
2078 1506 2248 1571 Spit'e.
2280 1503 2478 1570 inquit,
2508 1517 2675 1572 super
2722 1519 2843 1567 nos,
2881 1504 3044 1567 Deus,
3075 1512 3131 1556 et
3163 1519 3326 1572 super
3363 1492 3503 1558 hanc
3551 1520 3653 1558 no-

400 1590 776 1645 invocationes
797 1591 963 1646 etiam
999 1593 1330 1661 posteriores
1361 1592 1512 1655 (iant,
1541 1600 1597 1646 et
1616 1591 1685 1646 ad
1717 1590 1853 1645 illud
1883 1606 1971 1645 re-
2076 1605 2248 1647 stram
2288 1594 2521 1656 latriam,
2558 1601 2615 1645 et
2655 1602 2935 1661 acceptam
2970 1608 3087 1647 eam
3124 1594 3349 1660 habeas,
3385 1595 3650 1664 quemad-

398 1679 651 1734 fcrantur
688 1691 923 1752 tempus,
959 1682 1202 1753 proiecto
1226 1692 1283 1737 et
1305 1682 1495 1739 eodem
1528 1683 1645 1738 haec
1677 1684 1794 1752 ipsa
1821 1682 1969 1741 dicta
2080 1684 2300 1736 modum
2333 1694 2554 1753 accepta
2588 1683 2832 1737 habuisti
2869 1698 3099 1737 munera
3127 1685 3297 1752 Abel,
3330 1687 3655 1742 immolatio-

401 1785 524 1825 esse
556 1779 798 1842 tempore
830 1773 1195 1829 existimanda
1222 1782 1373 1838 sunt,
1407 1773 1553 1844 quod
1584 1783 1731 1827 certe
1760 1772 1963 1828 factum
2002 1777 2041 1828 Β
2073 1788 2169 1825 nes
2198 1772 2498 1838 Abraham,
2522 1773 2691 1841 Moysi
2718 1784 2776 1827 et
2793 1774 2975 1829 Aaron
3014 1775 3403 1838 sacerdotium,
3429 1776 3659 1832 Samue-

398 1860 616 1928 fuisset,
645 1866 691 1919 si
720 1873 913 1919 natura
942 1879 1127 1920 rerum
1163 1876 1463 1933 pateretur.
1482 1864 1696 1919 Etenim
1716 1862 1978 1932 quemad-
2081 1863 2147 1917 lis
2213 1864 2489 1931 paciﬁcas.
2565 1863 3038 1930 Quemadmodum
3102 1867 3293 1936 cepisti
3362 1884 3393 1923 a
3446 1868 3654 1923 sanctis

403 1953 627 2007 modum
653 1954 700 2008 si
731 1955 855 2023 quis
883 1969 1193 2010 sermonem
1228 1955 1461 2025 alicujus
1499 1953 1728 2009 moleste
1775 1954 1975 2017 ferens,
2078 1954 2341 2023 apostolis
2394 1955 2503 2011 tuis
2552 1971 2741 2015 veram
2795 1958 2933 2013 hanc
2984 1957 3224 2022 latriam,
3280 1960 3353 2013 ita
3403 1975 3433 2013 a
3499 1961 3657 2016 nobis

400 2051 455 2097 et
488 2043 677 2098 audire
721 2044 899 2113 ipsum
951 2059 1237 2111 recusans,
1267 2046 1499 2109 diceret,
1531 2044 1716 2100 Clausi
1748 2044 1845 2098 tibi
1876 2059 1975 2096 au-
2079 2047 2481 2120 peccatoribus.
2513 2048 2877 2117 manibusque
2909 2050 3135 2116 nostris,
3168 2048 3357 2120 accipe
3387 2051 3505 2107 haec
3534 2067 3654 2106 mu-

401 2149 515 2197 res,
564 2148 691 2189 cum
744 2143 923 2189 tamen
970 2134 1214 2191 nondum
1263 2136 1583 2202 clausisset;
1628 2136 1717 2189 vel
1768 2133 1977 2203 aliquid
2080 2154 2233 2203 uera,
2264 2116 2511 2194 bonitate
2550 2150 2663 2204 tua,
2703 2116 2951 2197 Domine.
2987 2141 3220 2208 Videsne
3251 2116 3313 2199 ut
3341 2154 3465 2212 post
3486 2147 3655 2201 multa

398 2225 503 2279 sibi
537 2223 829 2279 molestum
863 2225 1052 2280 videre
1077 2227 1297 2292 nolens,
1320 2227 1570 2281 diceret:
1601 2225 1818 2282 Obduxi
1848 2239 1977 2280 ocu-
2078 2242 2200 2296 quae
2220 2243 2385 2283 orans
2410 2229 2565 2291 dicit,
2589 2239 2712 2298 post
2732 2233 3074 2301 propositum
3106 2236 3436 2290 sacriﬁcium
3461 2237 3654 2300 latriae,

398 2314 505 2379 los,
539 2329 664 2369 cum
696 2314 750 2369 id
783 2314 1051 2379 nondum,
1085 2326 1141 2370 et
1196 2315 1300 2369 alia
1343 2316 1413 2371 iis
1464 2315 1699 2380 similia;
1746 2315 1819 2368 ita
1871 2314 1977 2368 tale
2079 2320 2225 2384 quod
2259 2318 2362 2373 soli
2394 2319 2505 2372 Deo
2535 2330 2590 2373 et
2639 2321 2774 2374 nulli
2816 2322 2972 2375 alteri
3006 2324 3258 2387 debetur,
3292 2336 3415 2394 post
3445 2342 3654 2394 preces.

398 2414 589 2468 nescio
608 2413 741 2485 quid
766 2413 821 2469 in
847 2414 916 2468 iis
941 2412 1157 2469 Domini
1176 2410 1361 2466 verbis
1381 2406 1744 2463 animadverti
1771 2413 1974 2474 potest.
2078 2405 2280 2474 quibus
2314 2414 2374 2460 ut
2401 2418 2625 2476 accepta
2660 2409 2772 2462 Deo
2803 2409 3019 2474 tierent,
3055 2413 3216 2466 sicuti
3248 2414 3407 2474 Abel,
3432 2414 3569 2479 Noe,
3602 2424 3656 2467 et

396 2507 539 2562 Cum
573 2508 720 2562 enim
770 2508 845 2563 ita
883 2506 1035 2576 loqui
1103 2504 1407 2565 debuisset,
1458 2502 1647 2556 dicens
1689 2496 1978 2566 discipulis
2079 2506 2275 2553 caetera
2302 2498 2590 2564 sacriﬁcia,
2618 2509 2798 2554 tamen
2825 2516 2892 2555 ne
2910 2502 3109 2571 aliquis
3133 2503 3654 2560 contentionirelin-

397 2600 541 2665 suis,
576 2600 800 2667 Accipite
840 2607 889 2652 et
920 2599 1256 2661 manducata,
1302 2596 1395 2648 hoc
1443 2604 1519 2648 est
1564 2606 1749 2662 corpus
1782 2606 1975 2653 meum,
2078 2596 2346 2658 queretur
2374 2589 2553 2655 locus,
2593 2590 2877 2660 subiunxit
2913 2609 2926 2644 :
2963 2593 3437 2659 Quemadmodum
3463 2611 3496 2649 e
3538 2610 3653 2649 ma-

398 2691 584 2758 fregit,
612 2699 667 2744 et
691 2688 845 2744 dedit
883 2688 990 2743 eis.
1020 2687 1136 2743 Hoc
1169 2686 1315 2741 enim
1346 2685 1463 2755 ipse
1504 2682 1640 2738 ordo
1668 2696 1850 2736 rerum
1882 2695 1980 2751 pec
2078 2680 2242 2735 nibus
2269 2692 2585 2737 sanctorum
2621 2683 3000 2751 apostolorum
3032 2695 3247 2740 tuorum
3290 2686 3432 2741 hanc
3466 2702 3653 2742 veram

398 2783 608 2842 scebat.
646 2779 824 2848 primo
861 2791 1212 2840 consecrare,
1241 2776 1443 2831 deinde
1473 2775 1750 2843 frangere,
1788 2779 1976 2840 postea
2076 2771 2292 2826 latriam
2325 2774 2612 2841 accepisti,
2646 2776 2724 2827 ita
2757 2790 2787 2830 e
2830 2777 3085 2841 manibus
3134 2780 3337 2834 nostris
3384 2782 3497 2834 haec
3530 2795 3659 2833 mu-

398 2870 778 2937 distribuereJ‘,
802 2868 949 2938 quod
999 2882 1100 2923 nos
1155 2868 1208 2921 iu
1262 2865 1554 2936 praesentia
1599 2863 1856 2919 facimus.
1885 2863 1977 2916 Ille
2078 2877 2207 2917 nera
2236 2863 2472 2932 accipe?
2499 2865 2638 2930 Quid
2672 2882 2801 2935 ergo
2837 2869 3297 2938 tergiversamur?
3350 2870 3462 2925 Hoc
3496 2869 3661 2926 modo

398 2977 585 3019 tamen
617 2964 715 3025 ait,
742 2960 942 3030 Fregit,
964 2968 1021 3016 et
1056 2959 1227 3024 dedit,
1263 2958 1477 3020 dicens,
1516 2955 1626 3010 Hoc
1673 2960 1751 3009 est
1790 2969 1978 3024 corpus
2077 2967 2130 3009 et
2162 2954 2329 3013 verba
2358 2955 2473 3010 haec
2495 2958 2629 3011 satis
2650 2973 2769 3013 esse
2793 2958 2861 3012 ad
2884 2959 3356 3018 consecrationem
3388 2961 3659 3025 dicemus,

397 3072 598 3118 meum,
635 3054 866 3124 figurato
917 3065 1175 3108 sermone
1205 3065 1369 3119 quem
1412 3045 1839 3118 hysterologiam
1884 3058 1982 3098 vo-
2008 3096 2049 3124 η
2082 3059 2207 3098 cum
2239 3044 2384 3099 dicat
2414 3046 2653 3102 Basilius
2691 3064 2708 3103 :
2758 3048 2841 3103 ita
2894 3064 2925 3103 e
2976 3051 3232 3108 manibus
3286 3053 3494 3108 nostris
3545 3054 3663 3109 haec

398 3154 554 3209 cant,
581 3096 732 3198 usu;
755 3141 918 3197 Juxta
948 3139 1079 3195 illud
1114 3096 1306 3208 poetae,
1336 3096 1510 3192 Simul
1538 3133 1733 3189 nutriti
1758 3132 1982 3201 natiqm:
2007 3096 2051 3155 ϐ
2085 3154 2317 3194 munera
2372 3141 2580 3208 accipe,
2632 3141 3094 3209 quemadmodum
3149 3159 3180 3197 a
3242 3144 3350 3201 tuis
3398 3148 3663 3215 apostolis

395 3239 651 3293 fuerunt.
686 3235 753 3289 Et
780 3234 931 3297 alibi,
968 3233 1162 3288 Sonuit
1189 3230 1419 3286 cadens.
1469 3226 1656 3282 Primo
1709 3224 1859 3281 enim
1888 3238 1984 3278 na-
2086 3231 2226 3285 hanc
2257 3244 2441 3285 veram
2468 3230 2684 3286 latriam
2707 3233 2985 3300 accepisti.
3026 3233 3080 3287 Si
3112 3236 3258 3289 enim
3292 3240 3663 3306 apostolorum

396 3327 582 3383 scitur
604 3325 826 3395 aliquis,
859 3322 1059 3395 deinde
1089 3321 1349 3385 nutritur,
1397 3327 1452 3374 et
1497 3316 1647 3372 cadit
1672 3315 1794 3386 quis
1823 3321 1982 3367 ante-
2083 3319 2337 3384 manibus
2387 3334 2577 3374 verum
2605 3320 2812 3376 Christi
2853 3337 3054 3391 corpus
3085 3338 3464 3383 consecratum
3517 3330 3623 3384 luit
3644 3370 3661 3393 ,

396 3433 573 3491 quam
613 3432 807 3473 sonum
827 3414 1013 3470 faciat.
1042 3413 1209 3469 Decet
1237 3411 1405 3481 igitur
1432 3423 1535 3464 nos
1563 3418 1709 3463 recte
1735 3405 1985 3477 Judicare
2084 3409 2248 3480 idque
2273 3424 2422 3464 nunc
2450 3410 2505 3464 in
2528 3411 2783 3466 manibus
2814 3412 2930 3467 suis
2957 3414 3074 3468 ﬁeri
3105 3426 3257 3485 rogat
3279 3417 3532 3481 Basilius,
3564 3435 3665 3474 cur

398 3510 680 3570 volentes.
706 3505 922 3575 singula
941 3518 1171 3574 quaeque
1206 3500 1534 3571 intelligere.
1570 3504 1630 3554 ut
1660 3498 1716 3553 in
1747 3496 1984 3568 propriis
2082 3516 2193 3556 non
2228 3502 2313 3555 bis
2330 3504 2513 3559 verbis
2528 3503 2713 3559 subito
2737 3503 3020 3573 perﬁcitur
3040 3516 3451 3565 sacramentum
3474 3510 3496 3562 ?
3517 3509 3663 3564 Nihil

396 3602 555 3657 dicta
593 3606 724 3655 sunt
748 3596 907 3662 locis,
937 3610 1040 3651 nec
1080 3596 1133 3648 in
1166 3608 1297 3662 quo,
1328 3591 1432 3647 sed
1461 3605 1564 3661 pro
1594 3603 1706 3659 quo
1735 3597 1984 3658 tempore
2083 3590 2229 3646 enim
2256 3590 2371 3646 haec
2400 3591 2710 3647 diderunta
2741 3595 3142 3662 posterioribus
3161 3598 3440 3665 precibus,
3461 3600 3664 3668 quibus

400 3692 672 3747 dicuntur
732 3686 1288 3749 animadvertere;et
1312 3697 1437 3752 quae
1475 3681 1562 3736 vel
1590 3688 1719 3734 ante
1746 3678 1829 3733 vel
1861 3686 1984 3747 past
2084 3681 2336 3735 nonnulli
2366 3691 2563 3751 putant
2611 3684 2801 3751 perfici
2860 3700 3076 3739 sacrum
3126 3687 3467 3756 mysterium.
3520 3690 3662 3745 Audi

398 3783 593 3853 aliqua
631 3779 911 3844 dicuntur,
939 3775 1231 3846 aliquando
1269 3773 1494 3843 quidem
1524 3783 1786 3841 tanquam
1814 3769 1983 3823 simul
2084 3777 2229 3827 enim
2266 3774 2398 3841 quid
2427 3774 2591 3834 dicat,
2646 3774 2924 3843 Rogamus
2954 3785 3005 3830 te
3036 3787 3093 3832 ut
3114 3777 3409 3834 descendat
3429 3780 3666 3849 Spiritus

400 3889 539 3931 cum
578 3872 707 3936 illis,
758 3870 1053 3939 aliquando
1100 3881 1256 3930 vero,
1293 3866 1378 3919 vel
1430 3874 1491 3919 ut
1536 3862 1815 3932 posterius
1864 3874 1985 3928 quae
2085 3874 2311 3917 sanctus
2347 3871 2473 3917 tuus
2507 3878 2673 3933 super
2696 3864 2811 3918 haec
2832 3866 3107 3932 proposita
3126 3882 3376 3932 munera,
3407 3878 3464 3924 et
3500 3871 3665 3925 faciat

401 3962 590 4034 prius,
622 3961 705 4015 vel
737 3968 795 4014 ut
828 3959 979 4029 prius
1006 3971 1129 4027 quae
1154 3954 1433 4026 posterius
1468 3953 1614 4007 dicta
1652 3959 1803 4016 sunt,
1839 3949 1984 4003 dicta
2087 3968 2281 4020 panem
2314 3967 2538 4022 corpus,
2576 3954 2805 4009 calicem
2835 3970 2968 4010 vero
3018 3956 3363 4026 sanguinem.
3409 3960 3464 4016 Si
3500 3962 3665 4032 igitur

400 4053 748 4109 existimare.
782 4048 1063 4118 Siquidem
1118 4046 1233 4116 ipse
1280 4060 1501 4115 quoque
1559 4042 1986 4111 Cbrysostomus
2088 4046 2279 4112 primis
2303 4045 2411 4099 illis
2430 4045 2794 4110 orationibus,
2814 4046 3243 4114 quasimillima‘.
3265 4052 3664 4118 posterioribus

404 4142 586 4199 multo
620 4149 743 4193 ante
772 4149 829 4193 et
858 4148 985 4202 post
1010 4135 1175 4192 verba
1221 4135 1438 4190 Domini
1482 4135 1541 4188 in
1574 4135 1822 4188 oratione
1863 4144 1986 4198 qua:
2087 4145 2364 4198 sunl,non
2387 4138 2667 4204 perlicitur
2694 4150 2909 4191 sacrum
2929 4140 3271 4206 mysterium,
3292 4142 3536 4209 profecto
3565 4160 3666 4200 nec

405 4241 541 4305 post
568 4231 898 4284 oblationem
923 4226 1123 4282 dicitur
1152 4239 1443 4279 munerum
1463 4264 1476 4286 .
1509 4223 1716 4292 Dignos
1747 4234 1870 4283 n05.
1904 4220 1986 4272 in-
2092 4227 2385 4295 postremis
2415 4225 2749 4294 pcrﬁcietur.
2769 4226 3075 4283 Siinillimae
3095 4229 3238 4285 enim
3264 4244 3458 4298 preces
3492 4233 3664 4287 simil-

404 4322 557 4393 quit,
582 4318 686 4383 fac,
711 4318 962 4381 Domine,
988 4324 1046 4369 ut
1072 4329 1259 4370 coram
1285 4323 1336 4367 te
1359 4312 1590 4383 gratiam
1616 4309 1980 4371 inveniamus.

2091 4319 2252 4372 limus
2295 4328 2547 4386 parerent
2594 4318 2847 4374 eli'ectus.
2899 4318 3162 4387 Superest
3210 4322 3373 4393 igitur
3435 4334 3496 4377 ut
3546 4339 3667 4380 ver—

404 4425 470 4471 er
499 4421 788 4482 acceptum
822 4410 920 4466 tibi
950 4410 1043 4464 liat
1071 4405 1403 4464 sacriﬁcium
1436 4412 1709 4465 nostrum.
1741 4411 1797 4455 et
1824 4401 1983 4454 inba-
2018 4424 2063 4478 ί)
2091 4410 2174 4463 bis
2221 4410 2522 4464 Salvatoris
2557 4411 2732 4464 nostri
2782 4411 2897 4465 haec
2929 4412 3014 4466 vis
3052 4412 3342 4468 tribuenda
3374 4415 3480 4477 sit,
3512 4425 3568 4469 et
3598 4418 3665 4468 ad

408 4508 555 4561 bitct
582 4501 818 4573 Spiritus
848 4502 1036 4572 gratia!
1059 4508 1166 4561 ιυεε
1194 4498 1374 4551 bonus
1398 4509 1563 4563 super
1586 4507 1710 4559 n05.
1737 4501 1792 4547 ει
1820 4506 1987 4560 super
2094 4514 2158 4553 ea
2188 4508 2380 4552 castera
2404 4499 2687 4553 referenda
2711 4510 2839 4551 sunt
2868 4500 3073 4562 omnia,
3106 4516 3296 4567 quaeve
3321 4510 3447 4556 ante
3478 4518 3669 4570 quaeve

411 4598 535 4651 haec
567 4593 844 4663 proposita
877 4604 1131 4645 munera.
1174 4587 1277 4645 Ubi
1332 4584 1798 4642 considerandum
1852 4581 1984 4650 quid

2096 4600 2282 4659 postea
2314 4588 2571 4642 dicuntur
2594 4626 2610 4651 ,
2642 4598 2699 4643 et
2719 4604 2819 4658 pro
2860 4605 2927 4644 eo
2952 4600 3199 4658 tempore
3230 4607 3339 4660 quo
3378 4592 3469 4645 illa
3501 4593 3665 4647 verba

414 4688 533 4741 haec
553 4684 742 4745 verba.
769 4681 972 4752 Dignos
999 4695 1099 4735 nos
1127 4678 1232 4743 fac.
1263 4687 1323 4731 ul
1347 4675 1587 4745 Spiritus
1611 4683 1835 4729 saueius
1859 4681 1986 4726 llius
2095 4678 2378 4740 dicuntur,
2416 4676 2520 4732 hoc
2553 4693 2771 4747 quoque
2800 4678 2909 4734 dici
2957 4681 3403 4737 existimandum.
3453 4683 3672 4737 Diutius

414 4776 688 4831 inhabitet
712 4790 876 4844 super
908 4773 1023 4826 haec
1049 4769 1331 4841 proposita
1371 4772 1621 4822 munera.
1650 4764 1795 4819 Nihil
1826 4762 1987 4817 diﬂc-
2096 4779 2277 4823 autem
2297 4767 2353 4819 in
2386 4767 2487 4820 hac
2510 4777 2661 4834 parte
2688 4767 2871 4822 dedita
2907 4784 3072 4838 opera
3094 4773 3417 4826 commorati
3443 4788 3669 4827 sumus:

416 4877 548 4935 runt
568 4882 597 4919 a
636 4865 815 4921 verbis
846 4864 954 4918 illis
979 4860 1299 4921 Clementis,
1334 4858 1417 4912 vel
1448 4856 1639 4912 Jacobi
1667 4894 1683 4919 ,
1714 4855 1801 4909 vel
1836 4854 1984 4909 Basi-
2097 4870 2211 4914 ιιιιιι
2239 4857 2386 4926 quod
2414 4856 2483 4911 ad
2519 4858 2889 4926 cognitionem
2920 4873 3112 4912 eorum
3155 4875 3276 4929 qua:
3316 4876 3477 4930 ευιιη
3523 4864 3671 4918 (ηοω

418 4961 502 5025 lii,
533 4958 619 5013 vel
648 4972 771 5027 qua:
819 4967 986 5025 supra
1032 4950 1322 5022 retulimus
1364 4949 1536 5018 ipsius
1563 4946 1940 5015 Cbrysostomi
1968 4985 1986 5010 ,
2095 4959 2245 5015 sunt,
2296 4964 2405 5004 non
2456 4963 2675 5015 parvam
2729 4946 2950 5015 afferre,
2977 4949 3266 5004 utilitatem
3316 4951 3671 5018 videbantur,

417 5050 623 5119 quibus
648 5046 874 5102 nonnuli
899 5043 1217 5101 existimant
1250 5044 1354 5095 hoc
1398 5047 1802 5094 sacramentum
1855 5051 1988 5092 con-
2100 5052 2211 5097 tum
2247 5039 2392 5108 quod
2430 5037 2739 5092 necessaria
2764 5048 2921 5092 erant
2950 5038 3018 5093 ad
3058 5054 3122 5094 ea
3170 5041 3428 5101 solvenda
3455 5058 3577 5113 qua:
3608 5062 3672 5100 ex

421 5140 531 5194 lici.
558 5137 771 5193 Etenim
807 5136 885 5190 illi
916 5133 1136 5204 quidem
1172 5130 1342 5186 Deum
1374 5136 1689 5197 precantur,
1716 5135 1776 5181 ut
1802 5126 1986 5180 mittat
2099 5132 2285 5188 divino
2332 5129 2590 5198 Dionysio
2634 5138 2691 5183 et
2737 5129 3075 5185 Damasceno
3104 5133 3303 5200 opponi
3337 5135 3537 5189 solent.
3572 5136 3677 5203 Hi;

422 5229 687 5299 Spiritum
715 5236 985 5289 sanctum,
1016 5223 1110 5295 qui
1135 5220 1436 5277 adveniens
1457 5218 1784 5281 sanctiﬂcet,
1813 5226 1869 5272 et
1898 5233 1992 5286 pars
2100 5220 2228 5281 addi
2259 5221 2421 5276 tertia
2448 5232 2669 5289 quoque
2705 5219 2869 5282 ratio,
2904 5220 3039 5275 nulli
3071 5220 3298 5277 fortasse
3323 5227 3675 5293 superiorum

422 5336 548 5373 nem
586 5318 786 5373 eiliciat
819 5316 1124 5387 pretiosum
1156 5311 1360 5367 Christi
1396 5324 1599 5377 corpus
1643 5328 1657 5361 ;
1694 5308 1785 5362 hic
1836 5322 1989 5371 vero,
2100 5310 2348 5371 inferior,
2381 5317 2564 5378 posset
2605 5322 2619 5361 :
2649 5307 3025 5373 bierarcbamt,
3060 5318 3230 5364 tntum
3267 5311 3379 5371 Deo
3402 5315 3676 5383 repletum

425 5410 658 5478 Dignos,
697 5408 893 5476 inquit,
928 5404 1116 5469 facias,
1153 5410 1216 5456 ut
1259 5399 1532 5455 inhabitet
1570 5398 1809 5468 Spiritus
1862 5412 1992 5452 san-
2101 5402 2397 5470 divinoque
2422 5414 2609 5454 amore
2639 5401 2794 5469 juxta
2828 5400 3143 5471 Dionysium
3172 5403 3248 5457 De
3286 5405 3475 5460 divinis
3503 5408 3682 5463 nomi-

425 5507 548 5552 ctus
575 5509 702 5551 tuus
738 5511 902 5564 super
931 5495 1049 5549 haec
1072 5491 1373 5564 proposita.
1413 5487 1548 5555 Qua
1582 5487 1752 5543 verba
1782 5487 1988 5541 nullam
2102 5492 2251 5545 nibus
2303 5496 2557 5557 captum,
2605 5487 2773 5543 veluti
2812 5490 3054 5544 exstasin
3103 5494 3416 5562 quamdam,
3449 5507 3506 5553 et
3531 5498 3678 5553 divi.

424 5602 555 5641 sane
583 5590 725 5642 inter
745 5601 807 5642 se
822 5586 1199 5641 diversitatem
1226 5581 1450 5636 habent.
1473 5578 1588 5634 Hoc
1614 5586 1795 5632 tamen
1820 5578 1993 5647 Cbry-
2103 5592 2234 5633 num
2271 5578 2379 5647 pati
2416 5576 2629 5640 zelum;
2667 5575 2740 5629 ob
2771 5578 2875 5631 hoc
2908 5592 3285 5647 saepenumero
3309 5597 3462 5640 extra
3498 5602 3557 5643 se
3581 5598 3666 5657 poi-

427 5681 652 5736 sostomi
678 5690 805 5737 ante
837 5676 1052 5734 Domini
1081 5676 1245 5732 verba
1274 5674 1551 5737 dicuntur,
1586 5680 1639 5725 et
1672 5670 1836 5740 longe
1863 5678 1989 5724 ante
2103 5671 2287 5735 situm,
2314 5677 2369 5723 et
2401 5675 2574 5722 totum
2605 5666 2683 5722 rei
2718 5674 2909 5722 amatae
2942 5668 3263 5737 haerentem,
3288 5675 3405 5733 zelo
3438 5678 3678 5749 quodam
