3990 6212
309 330 413 392 E19

1260 324 1753 384 DESSARUNIS
1796 326 1852 385 S.
1901 325 1969 384 Il.
1998 318 2083 383 5E.
2126 315 2593 383 CARDINALIS

3446 312 3547 379 531

306 453 359 498 et
388 442 603 502 timore,
635 452 703 490 ne
741 434 790 489 id
830 433 975 504 quod
1022 433 1295 487 desiderat
1346 449 1453 487 non
1505 446 1826 503 assequatur
1851 473 1866 495 ,
1896 434 1943 495 Α
1970 440 2199 502 posntus,
2232 442 2373 485 totus
2411 430 2486 483 rei
2521 437 2711 481 amatae
2749 424 2974 488 haereat,
3022 421 3295 478 eteadem
3324 425 3546 494 saepius.

306 532 503 601 saepius
528 528 719 583 eadem
758 542 825 580 ex
866 528 997 580 vero
1031 538 1094 578 ac
1131 539 1270 592 pene
1318 524 1629 579 incredibili
1670 526 1867 579 mentis

306 619 587 675 desiderio
618 624 821 686 petere,
849 629 953 669 nec
980 616 1232 684 ignorare
1260 614 1480 683 quidem
1508 630 1565 669 se
1586 614 1695 684 jam
1732 615 1875 685 quod

313 709 598 780 quaerebat
640 709 918 776 adeptum,
958 705 1050 760 sed
1085 705 1375 760 insatiabili
1402 705 1639 775 quodam
1693 720 1877 759 amore

308 803 506 855 iterum
538 810 700 868 atque
741 798 940 853 iterum
978 798 1166 852 eadem
1199 806 1470 867 repetere,
1509 806 1572 851 ut
1613 798 1777 852 etiam
1822 797 1876 850 in

308 890 637 961 quibusdam
688 888 950 960 symbolis
1002 889 1157 957 quasi
1205 888 1632 943 evidentissimis
1683 888 1876 957 signis,

303 980 403 1048 qui
438 977 659 1039 adsunt.
696 976 999 1045 intelligere
1030 975 1218 1044 possit,
1258 984 1433 1031 totum
1472 976 1584 1031 Deo
1620 985 1837 1046 captum
1860 1016 1876 1043 ,

292 1079 482 1124 ’totum
529 1069 640 1139 jam
681 1067 927 1121 divinum
961 1065 1250 1131 effectum,
1293 1082 1357 1121 ac
1404 1082 1502 1137 per
1548 1067 1653 1122 hoc
1703 1068 1882 1122 imita.

288 1159 460 1213 itione
506 1158 622 1228 ejus
672 1156 738 1209 ad
790 1156 1049 1210 virtutem
1085 1158 1317 1226 vitaeque
1352 1156 1717 1226 integritatem
1765 1156 1882 1211 alli-

308 1252 544 1315 ciantur,
574 1257 650 1309 et.
691 1258 747 1302 ut
777 1248 952 1313 aiunt,
981 1247 1136 1317 quasi
1164 1248 1481 1302 manuduetl
1519 1256 1791 1317 ponantur
1824 1246 1879 1303 in

288 1341 473 1395 viam.
507 1339 621 1395 Hoc
652 1353 901 1393 summus
933 1336 1022 1390 ille
1071 1337 1336 1406 propheta
1384 1335 1551 1389 David
1608 1335 1883 1405 plerisque

304 1432 363 1485 in
396 1430 530 1499 locis
556 1429 702 1484 facit.
736 1427 869 1482 Nam
909 1442 1031 1483 cum
1077 1427 1350 1492 dixisset,
1384 1426 1518 1479 Cum
1548 1426 1842 1479 invocarem
1866 1464 1880 1488 ,

283 1523 569 1577 ~caaudivit
609 1536 689 1573 me
739 1519 872 1573 Deus
898 1519 1129 1589 justitiaz
1183 1532 1333 1580 mere,
1362 1516 1522 1584 paulo
1554 1524 1676 1585 post
1705 1516 1761 1570 in
1792 1529 1884 1570 eo-

306 1613 431 1667 dem
472 1612 679 1681 psalmo
701 1610 1003 1680 subiungit,
1035 1606 1288 1661 Miserere
1312 1607 1433 1671 mei,
1462 1614 1513 1660 et
1550 1606 1882 1673 exaudieru-

308 1705 503 1756 tionem
536 1718 707 1755 meam
740 1704 780 1754 ι.
814 1699 988 1765 Quem
1022 1698 1201 1752 locum
1239 1696 1616 1751 Theodoretus
1644 1711 1711 1749 ea
1754 1710 1883 1751 sen-

1976 522 2131 593 quasi
2184 521 2371 577 divino
2427 518 2660 589 quodam
2713 516 2894 569 furore
2959 522 3247 583 correptus
3300 524 3548 582 repetat,

1976 612 2435 681 quemadmodum
2470 612 2523 665 in
2557 609 2787 665 terrenis
2838 607 2956 660 istis
3013 605 3297 660 amoribus
3329 606 3545 671 accidit,

1980 715 2039 758 ut
2065 719 2255 758 amans
2290 703 2359 757 ab
2383 712 2564 756 amato
2589 697 2971 768 inseparabilis
3027 696 3119 761 sit,
3162 694 3412 765 profecto
3438 710 3546 748 non

1977 810 2143 864 parva
2169 802 2223 848 et
2260 791 2679 856 contemnenda,
2710 788 2804 843 sed
2834 802 3025 857 magna
3060 796 3115 840 et
3143 786 3370 855 mystica
3410 786 3549 837 ratio

1977 893 2082 939 est.
2109 883 2264 949 Quod
2302 898 2432 937 vero
2455 883 2635 952 justus
2670 893 2779 933 non
2806 878 3035 932 satietur
3065 875 3431 939 orationibus,
3454 875 3548 928 sed

1979 970 2099 1044 quae
2129 973 2477 1029 desiderabat
2502 971 2611 1041 jam
2644 977 2971 1024 consecutus
3014 966 3193 1020 adhuc
3218 976 3548 1034 perseveret,

1980 1066 2168 1123 eadem
2201 1072 2412 1134 petens,
2470 1060 2761 1116 desiderio.
2796 1066 2948 1114 certe
2985 1072 3048 1111 ac
3092 1055 3370 1110 devotioni
3426 1057 3549 1110 talis

1982 1154 2227 1221 tantique
2253 1150 2576 1206 sacramenti
2604 1155 3029 1203 consentaneum
3056 1153 3162 1200 est.
3188 1143 3393 1198 Deinde
3416 1157 3549 1195 vero

1994 1243 2264 1312 ﬁngamus
2297 1241 2737 1295 adversariorum
2791 1238 2951 1292 istam
3018 1236 3286 1291 rationem
3315 1233 3547 1287 validam

1982 1350 2125 1401 esse,
2160 1349 2259 1388 nec
2287 1333 2481 1402 quovis
2514 1333 2673 1386 modo
2709 1329 2935 1384 refutari
2975 1327 3196 1383 debere.
3225 1326 3418 1381 Nonne
3448 1337 3550 1393 pro

1983 1424 2141 1479 nobis
2175 1423 2345 1493 magis
2374 1421 2547 1477 facit?
2575 1422 2684 1475 imo
2716 1434 2844 1475 vero
2884 1434 3064 1473 nonne
3094 1434 3124 1472 a
3150 1417 3310 1472 nobis
3334 1416 3389 1469 in
3423 1429 3552 1467 con-

1985 1514 2350 1569 ﬁrmationem
2407 1513 2694 1568 sententiae
2734 1520 2937 1565 nostrae
2998 1509 3230 1563 adducta
3263 1507 3386 1560 est?
3441 1504 3553 1558 Hoc

1983 1613 2066 1659 est
2094 1605 2263 1668 enim,
2295 1603 2439 1672 quod
2471 1602 2527 1656 in
2556 1601 2827 1672 principio
2868 1601 2983 1655 fere
3011 1600 3174 1669 hujus
3223 1597 3554 1666 disputatio-

1987 1694 2074 1749 nis
2099 1693 2585 1763 diximus,'duplex
2613 1706 2734 1746 esse
2782 1691 2985 1747 Christi
3019 1703 3238 1758 corpus,
3273 1702 3464 1740 verum
3496 1696 3553 1740 et

310 1791 503 1854 tentia,
546 1791 649 1844 nisi
682 1759 861 1855 fallor,
900 1787 1275 1857 Chrysostomi
1304 1788 1504 1855 (neque
1528 1785 1675 1839 enim
1712 1786 1883 1856 Chry-
1914 1759 1957 1815 Β
1984 1788 2293 1859 mysticum.
2328 1785 2395 1839 Et
2428 1759 2543 1839 hinc
2577 1782 2822 1854 quidem,
2869 1782 2975 1836 nisi
3028 1794 3115 1834 me
3145 1779 3360 1833 animus
3394 1777 3550 1844 fallit,

310 1892 611 1936 sostomnm
643 1881 786 1951 apud
817 1895 916 1935 nos
965 1880 1020 1934 in
1064 1880 1352 1948 praesentia
1390 1878 1677 1946 habemus)
1711 1894 1881 1949 expo-

309 1983 466 2031 nens,
516 1969 633 2022 Non
666 1968 918 2033 satiatur,
958 1966 1159 2035 inquit,
1190 1966 1281 2021 hic
1305 1967 1482 2037 justus
1511 1966 1738 2031 orando,
1783 1967 1879 2022 sed

308 2059 621 2127 supplicans
646 2071 701 2113 et
745 2059 1063 2128 impetrans.
1092 2066 1149 2113 et
1182 2058 1393 2114 fluctus
1423 2058 1687 2129 oratiqnis
1716 2059 1879 2115 colli-

309 2162 461 2215 gens,
494 2147 677 2201 adhuc
707 2147 914 2203 orando
939 2163 1003 2202 ac
1027 2148 1383 2218 supplicando
1416 2157 1726 2217 perseverat
1747 2148 1882 2214 ;scit

309 2236 455 2290 enim
498 2238 719 2306 quando
768 2239 893 2292 inde
926 2248 1189 2307 sequatur
1221 2238 1446 2293 utilitas.
1474 2238 1619 2294 Alibi
1664 2253 1883 2310 quoque

288 2329 452 2381 .idem
485 2328 677 2392 David,
713 2327 1010 2398 Dirigatur,
1043 2330 1256 2397 inquit.
1292 2330 1462 2383 oratio
1488 2345 1603 2383 mea
1631 2332 1767 2383 sicut
1799 2331 1880 2384 in-

300 2436 524 2473 censum
569 2420 624 2474 in
675 2427 953 2488 conspectu
981 2426 1068 2471 tuo
1096 2420 1138 2473 '.
1165 2417 1329 2483 Quid,
1361 2433 1546 2488 quaeso
1575 2428 1650 2485 te,
1685 2419 1883 2474 clamat

304 2514 475 2568 David
513 2520 573 2569 ut
616 2528 715 2568 sua
775 2513 1100 2568 exaudiatur
1140 2512 1361 2569 oratio?
1393 2513 1451 2567 Si
1496 2514 1646 2568 enim
1693 2514 1882 2593 iniqua

306 2611 363 2655 et
388 2611 586 2673 praeter
618 2602 886 2659 rationem
911 2610 1049 2668 erat,
1082 2616 1359 2671 nunquam
1385 2601 1453 2656 ad
1475 2602 1660 2671 |Deum
1690 2619 1882 2659 ascan-

277 2694 498 2757 «iisset,
533 2694 944 2762 quomodolibet
966 2707 1034 2749 eo
1066 2702 1293 2763 rogante
1325 2700 1490 2763 atque
1515 2694 1878 2761 obsecrante;

308 2788 455 2855 quod
488 2789 710 2843 sirecta
735 2787 1060 2843 etexaudiri
1088 2787 1273 2858 digna,
1300 2788 1409 2857 iam
1433 2788 1642 2844 directa
1676 2798 1793 2843 erat
1814 2789 1882 2844 ad

301 2882 503 2944 'Deum,
528 2878 647 2948 ipso
680 2893 898 2948 quoque
924 2879 1188 2947 prepheta
1216 2887 1455 2934 tacente.
1488 2878 1693 2947 Nempe
1717 2880 1883 2951 igitur

308 2970 443 3040 petit
473 2970 617 3039 quod
642 2970 882 3036 tenebat,
916 2981 971 3025 et
997 2985 1118 3039 qua:
1150 2970 1438 3040 prasentia
1461 2970 1573 3038 jam
1601 2982 1760 3026 erant
1778 2972 1882 3026 ide-

307 3060 534 3113 siderat.
570 3058 922 3114 ldem'nostri
954 3074 1175 3129 quoque
1214 3060 1487 3127 doctores,
1521 3060 1615 3130 qui
1650 3061 1875 3116 missam
1903 3081 1948 3139 ο

307 3157 756 3218 composuerunt,
786 3148 988 3203 fecere.
1024 3148 1238 3204 Etenim
1267 3158 1389 3219 post
1416 3152 1579 3205 verba
1614 3150 1702 3204 illa
1729 3167 1745 3204 :
1774 3151 1879 3206 Fac

308 3242 455 3295 hunc
484 3253 678 3310 panem
707 3252 908 3307 corpus
955 3238 1183 3314 Christi,
1214 3248 1269 3295 et
1316 3240 1463 3294 hunc
1493 3238 1724 3294 calicem
1748 3256 1881 3296 san-

306 3332 527 3401 guinem
573 3329 813 3393 Christi,
847 3331 1048 3400 quibus
1102 3332 1236 3386 solis
1279 3331 1526 3385 nonnulli
1567 3332 1881 3387 existimant

307 3423 424 3477 tleri
476 3424 947 3478 consecrationem
975 3458 991 3484 ,
1046 3421 1225 3477 adhuc
1259 3437 1357 3489 pro
1387 3422 1466 3476 eis
1509 3420 1756 3487 adorant,
1785 3430 1881 3477 aut

300 3508 514 3568 irustra
551 3529 780 3582 prorsus
806 3514 861 3568 id
896 3514 1181 3575 facientes,
1218 3512 1364 3582 quod
1401 3528 1500 3567 nec
1535 3513 1879 3583 cogitandum

296 3613 409 3667 est,
442 3614 539 3659 aut
564 3603 880 3659 vehementi
909 3602 1146 3671 quodam
1168 3601 1444 3656 desiderio
1469 3603 1658 3656 eadem
1685 3603 1881 3672 srepius

288 3702 636 3761 repetentes.
669 3692 943 3746 Memento
973 3688 1142 3756 enim,
1181 3691 1456 3759 inquiunt,
1490 3693 1738 3757 Domine,
1779 3695 1881 3748 im-

294 3784 617 3839 becillitatis
648 3797 803 3847 meae,
835 3790 890 3835 et
916 3790 1114 3851 praesta
1140 3782 1277 3836 mihi
1312 3784 1522 3837 veniam
1556 3784 1735 3838 omnis
1764 3786 1880 3840 sive

302 3874 648 3935 voluntariae,
685 3873 800 3927 sive
832 3887 944 3926 non
969 3872 1291 3926 voluntaria:
1319 3888 1451 3927 meae
1472 3852 1664 3943 culpas.
1704 3890 1881 3944 neque

302 3969 527 4030 propter
558 3969 782 4029 peccata
816 3974 935 4014 mea
978 3959 1228 4015 inhibeas
1275 3960 1512 4031 Spiritus
1548 3963 1721 4018 sancti
1756 3978 1881 4033 gra-

302 4052 430 4107 tiam
461 4050 535 4105 ab
558 4050 645 4105 his
690 4051 985 4120 propositis
1018 4051 1357 4105 muneribus.
1393 4052 1459 4105 Et
1485 4067 1675 4106 rursus
1720 4054 1882 4121 paulo

298 4151 422 4212 post
442 4143 506 4195 ad
534 4141 790 4211 populum
814 4141 1021 4196 dicitur
1047 4132 1195 4195 :~Pr6
1221 4141 1419 4195 oblatis
1436 4144 1881 4211 consecratisque

300 4233 628 4287 muneribus
662 4233 919 4302 pretiosis
951 4231 1120 4286 Deum
1155 4247 1428 4298 rogamus.
1479 4230 1560 4285 En
1605 4234 1882 4299 quomodo

295 4332 475 4387 orant,
508 4338 577 4378 ne
605 4339 673 4378 ex
707 4322 1007 4392 propositis
1050 4320 1375 4374 muneribus
1412 4320 1655 4389 Spiritus
1696 4322 1883 4389 gratiae

297 4424 583 4483 arceatur;
615 4431 684 4468 en
712 4413 989 4483 quomodo
1025 4427 1123 4481 pro
1168 4412 1521 4467 sanctificatis
1562 4413 1879 4481 propositis-
1910 4398 1954 4453 Ῐ)

298 4523 406 4575 que
438 4507 759 4561 muneribus
791 4505 1084 4559 hortantur
1114 4505 1283 4558 Deum
1326 4504 1536 4575 precari
1567 4544 1582 4569 ,
1619 4505 1876 4573 quamvis

295 4600 473 4651 multo
509 4608 636 4652 ante
682 4597 1015 4651 sanctificata
1066 4595 1291 4660 fuerint,
1350 4597 1599 4665 quamvis
1636 4594 1877 4664 perfecte

290 4698 641 4751 consecrata,
681 4688 846 4740 etiam
875 4686 1030 4754 juxta
1061 4698 1252 4739 eorum
1291 4685 1632 4754 opinionem,
1660 4685 1753 4755 qui
1780 4700 1878 4739 no-

294 4777 380 4830 bis
409 4775 686 4831 contraria
723 4774 1110 4843 etloquuntur
1135 4782 1193 4827 et
1228 4774 1874 4844 sentiunLQuid-igitur

286 4867 539 4921 dicemus
573 4866 678 4920 hoc
705 4867 849 4929 loco,
894 4864 1145 4918 fratres?
1166 4865 1271 4920 nisi
1319 4865 1465 4935 quod
1499 4881 1566 4920 ex
1604 4867 1877 4923 sententia

289 4957 672 5027 Chrysostomi
695 4955 1091 5011 Theodoretus‘
1110 4956 1189 5010 ait
1218 4972 1231 5009 :
1263 4955 1383 5010 Non
1409 4959 1640 5011 satiatur
1667 4958 1875 5012 orando

279 5048 489 5117 justus,
518 5057 574 5101 et
611 5047 821 5116 reliqua
854 5061 978 5115 qua:
1030 5061 1196 5114 supra
1232 5047 1675 5101 memoravimus.
1708 5045 1867 5112 Quod

286 5138 333 5191 si
363 5138 457 5207 qui
494 5137 725 5193 fortasse
756 5137 1023 5201 dicerent,
1076 5136 1197 5190 Non
1231 5151 1328 5205 pro
1355 5136 1557 5189 divinis
1616 5139 1866 5192 muneri-

285 5228 410 5290 bus,
462 5227 557 5283 sed
589 5242 688 5296 pro
717 5226 877 5281 nobis
936 5226 1016 5290 tit,
1046 5225 1191 5295 quod
1247 5224 1592 5296 significant,
1628 5241 1865 5295 quaeram

282 5326 354 5373 ab
382 5320 465 5375 eis
514 5318 693 5389 primo
741 5316 989 5387 quidem,
1041 5331 1142 5370 cur
1200 5325 1388 5370 nostra
1443 5316 1716 5386 expositio
1755 5332 1863 5372 non

280 5410 707 5465 convenientior
734 5409 805 5463 sit
839 5419 1002 5477 atque
1035 5406 1338 5463 subtilior?
1364 5406 1499 5461 Nam
1546 5407 1692 5477 quod
1746 5407 1861 5462 hie-

279 5487 491 5554 tarchus
519 5503 704 5556 divina
743 5500 991 5571 quaedam
1046 5513 1254 5569 passm,
1308 5507 1363 5553 et
1403 5499 1569 5553 veluti
1625 5501 1857 5555 exstasis

277 5589 514 5653 accidat,
544 5591 617 5644 ita
651 5600 710 5644 ut
730 5589 1054 5645 vehementi
1112 5588 1351 5657 quodam
1385 5603 1571 5643 amore
1603 5600 1757 5645 extra
1804 5604 1863 5645 se

334 5706 361 5743 ³⁸
411 5704 557 5762 Psal.
610 5721 683 5773 ιν,
718 5707 771 5759 ξ’..
822 5706 840 5735 ⁸
886 5706 1031 5763 Psal.
1070 5720 1187 5770 ch,
1219 5703 1271 5757 2.
1322 5705 1340 5736 ³
1402 5705 1558 5763 Joa‘n.
1603 5722 1674 5772 vi,
1704 5707 1793 5775 55,
1820 5706 1908 5763 56.

1982 1878 2113 1932 satis
2142 1886 2269 1931 sunt
2301 1877 2374 1932 ad
2416 1876 2747 1931 solutionem
2775 1890 2836 1929 ac
2863 1871 3329 1928 confirmationem
3360 1884 3550 1924 eorum

1982 1983 2101 2038 qua:
2130 1969 2197 2024 ab
2221 1968 2546 2023 adversariis
2579 1968 2685 2022 dici
2721 1966 2921 2022 solent.
2946 1962 3103 2032 Quod
3148 1978 3276 2018 vero
3303 1960 3549 2015 nonnulli

1981 2056 2317 2128 subjungunt
2377 2056 2541 2112 etiam
2576 2064 2699 2127 post
2736 2054 2899 2111 verba
2969 2052 3184 2107 Domini
3250 2066 3442 2121 panem
3496 2057 3551 2104 et

1983 2149 2168 2201 vinum
2197 2147 2467 2217 proposita
2502 2135 2728 2202 munera
2780 2163 2811 2203 a
2857 2144 3031 2200 sacris
3086 2142 3195 2197 illis
3230 2141 3551 2195 doctoribus

1983 2236 2276 2300 nominari,
2316 2237 2463 2306 quod
2511 2253 2618 2292 non
2650 2236 2931 2291 videretur
2958 2249 3078 2289 esse
3138 2232 3449 2287 faciendum
3503 2230 3549 2283 si

1979 2325 2088 2396 jam
2121 2338 2435 2382 consecrata
2460 2327 2646 2382 forent
2682 2328 2813 2396 (non
2848 2327 2995 2381 enim
3023 2325 3136 2394 jam
3190 2322 3423 2393 amplius
3459 2337 3551 2391 pa-

1984 2420 2069 2473 nis
2097 2426 2152 2474 et
2186 2420 2396 2481 vinum,
2421 2418 2517 2474 sed
2538 2433 2737 2489 corpus
2767 2426 2823 2473 et
2855 2417 3076 2486 sanguis
3105 2415 3344 2477 Domini,
3374 2425 3433 2467 et
3463 2429 3551 2467 es-

1984 2518 2108 2565 sent
2172 2519 2229 2564 et
2279 2509 2641 2579 dicerentur),
2673 2510 2848 2564 facilis
2878 2517 2961 2564 est
3010 2507 3079 2563 ad
3144 2522 3208 2562 ea
3245 2506 3546 2576 responsio.

1983 2597 2115 2664 Quis
2138 2599 2285 2653 enim
2320 2609 2481 2669 neget
2531 2614 2727 2655 verum
2759 2598 2965 2653 Christi
2998 2587 3199 2668 corpus
3226 2605 3281 2651 et
3324 2598 3552 2667 εει)ευί-

1982 2706 2131 2757 nem,
2162 2699 2306 2746 recte
2328 2707 2521 2761 panem
2549 2701 2603 2747 et
2627 2693 2813 2747 vinum
2844 2690 3151 2760 nuncupari
3182 2705 3340 2763 posse
3359 2691 3549 2758 ?Nam,

1985 2790 2045 2835 ut
2077 2789 2397 2849 praeteream
2436 2782 2609 2837 multa
2666 2782 3012 2837 diversorum
3065 2781 3349 2836 doctorum
3390 2782 3550 2834 testi-

1984 2873 2186 2938 monia,
2219 2874 2313 2942 qui
2367 2873 2741 2928 indifferenter
2772 2872 2934 2927 etiam
2989 2880 3114 2941 post
3183 2873 3554 2927 consecratio-

1983 2980 2129 3031 nem,
2160 2965 2322 3020 modo
2348 2981 2549 3035 corpus
2577 2975 2631 3021 et
2662 2967 2980 3038 sanguinem
3012 2966 3235 3033 Christi,
3271 2966 3435 3021 modo
3459 2982 3555 3035 pa-

1984 3070 2105 3109 nem
2134 3065 2189 3110 et
2221 3057 2406 3109 vinum
2441 3057 2729 3111 nominant
2763 3055 2960 3126 (neque
2993 3056 3142 3109 enim
3169 3063 3255 3110 est
3286 3055 3341 3109 in
3378 3070 3438 3110 re
3470 3055 3553 3108 fa-

1979 3146 2070 3200 cili
2100 3146 2308 3200 diutius
2345 3148 2842 3217 commorandum),
2880 3162 3062 3201 nonne
3114 3146 3229 3215 ipse
3267 3146 3546 3212 Dominus,

1979 3251 2088 3305 quo
2118 3237 2303 3291 nullus
2332 3235 2435 3291 ﬁde
2465 3237 2682 3305 dignior
2707 3246 2811 3303 est,
2850 3238 2919 3292 de
2971 3251 3074 3291 suo
3106 3236 3405 3305 pra:sertim
3434 3250 3553 3289 cor-

1980 3341 2113 3396 pore
2143 3327 2424 3396 loquente,
2467 3328 2843 3383 indifferenter
2881 3328 3044 3383 modo
3074 3330 3197 3396 hoc,
3233 3329 3395 3391 modo
3420 3331 3551 3385 illud

1980 3418 2266 3471 nominat?
2301 3421 2401 3483 Qui
2441 3419 2741 3485 manducat,
2780 3418 2976 3488 inquit,
3015 3436 3184 3473 meam
3216 3436 3449 3488 carnem,
3503 3430 3551 3476 et

1981 3508 2107 3562 bibit
2141 3524 2314 3562 meum
2363 3511 2701 3580 sanguinem,
2757 3511 2910 3565 habet
2938 3511 3102 3564 vitam
3165 3522 3439 3565 (sternam.
3489 3513 3555 3569 Et

1983 3614 2196 3665 rursus,
2228 3599 2369 3653 Caro
2403 3616 2519 3654 mea
2558 3616 2673 3654 vere
2710 3610 2785 3653 est
2835 3602 2995 3667 cibus,
3053 3610 3108 3655 et
3161 3604 3378 3671 sanguis
3411 3621 3551 3660 meus

1982 3703 2099 3741 uere
2123 3697 2198 3741 est
2224 3697 2396 3757 potus.
2431 3690 2493 3742 Et
2524 3689 2723 3744 iterum
2748 3707 2762 3742 :
2785 3687 2889 3753 Qui
2919 3690 3203 3743 manduca!
3236 3707 3407 3744 meam
3431 3706 3551 3742 car-

1983 3795 2100 3833 nem
2134 3790 2182 3833 et
2218 3780 2342 3832 bibit
2376 3796 2550 3833 meum
2581 3783 2912 3849 sanguinem,
2954 3783 3008 3833 in
3040 3798 3120 3835 me
3149 3790 3331 3835 manet
3379 3791 3428 3835 et
3458 3798 3549 3851 ego

1980 3871 2032 3924 in
2067 3886 2126 3922 eo
2152 3869 2174 3900 ³
2206 3907 2224 3924 .
2246 3870 2391 3923 Alibi
2427 3885 2578 3935 vero,
2623 3871 2733 3941 Ego
2794 3887 2910 3925 sum
2944 3874 3097 3940 panis
3151 3875 3291 3940 vitm,
3352 3875 3545 3945 inquit.

1984 3962 2176 4018 Patres
2202 3966 2360 4017 vestri
2391 3964 2850 4019 manducaverunt
2890 3981 3091 4020 manna
3121 3967 3177 4020 in
3232 3968 3455 4032 deserto,
3500 3983 3548 4023 et

1984 4055 2176 4107 mortui
2209 4064 2352 4109 sunt.
2393 4053 2496 4108 Hic
2527 4065 2601 4109 est
2633 4057 2787 4125 panis
2823 4060 2913 4125 qui
2936 4056 3000 4109 de
3027 4058 3155 4109 calo
3186 4058 3466 4127 descendit,
3495 4070 3549 4113 ut

1982 4145 2070 4213 qui
2105 4160 2168 4197 ea:
2195 4162 2253 4198 eo
2281 4149 2537 4211 comedat,
2593 4162 2696 4199 non
2731 4148 3009 4199 moriatur.
3047 4146 3116 4201 Et
3142 4148 3251 4203 alio
3280 4150 3334 4203 in
3374 4151 3490 4206 loco
3529 4171 3544 4206 :

1982 4234 2040 4289 Si
2070 4239 2181 4305 quis
2215 4229 2500 4290 manducat
2534 4253 2595 4289 ca:
2622 4237 2716 4289 hoc
2745 4254 2898 4306 pane,
2931 4240 3065 4293 vivet
3096 4241 3150 4293 in
3183 4249 3454 4295 wternum.
3483 4245 3546 4299 Et

1983 4343 2175 4381 rursus
2205 4343 2222 4382 :
2259 4327 2423 4380 Panis
2451 4343 2604 4397 quem
2632 4344 2724 4396 ego
2756 4328 2889 4383 dabo
2910 4372 2923 4394 ,
2958 4345 3084 4382 caro
3114 4346 3228 4383 mea
3262 4342 3356 4397 cst,
3392 4350 3549 4402 quam

1982 4433 2074 4487 ego
2098 4418 2231 4470 dabo
2256 4434 2350 4487 pro
2380 4421 2562 4471 mundi
2593 4420 2699 4471 vita
2730 4419 2780 4471 ‘.
2831 4418 3175 4473 Manifestum
3222 4431 3305 4474 est
3363 4424 3546 4493 igitur,

1981 4507 2126 4576 quod
2160 4508 2353 4561 iterum
2399 4524 2557 4561 suum
2590 4524 2790 4577 corpus
2832 4524 3029 4578 panem
3087 4512 3335 4567 nominat
3386 4516 3545 4569 etiam

1983 4596 2262 4651 Dominus.
2297 4597 2400 4652 Sed
2437 4598 2627 4652 dehis
2662 4599 2795 4653 satis
2834 4616 2848 4665 ;
2885 4614 3030 4653 nunc
3061 4600 3127 4654 ad
3170 4600 3227 4654 id
3286 4606 3430 4674 quod
3476 4605 3550 4659 de

1979 4686 2314 4741 Damasceno
2352 4688 2667 4757 opponitur,
2711 4692 2979 4745 venimus.

2054 4776 2199 4830 idem
2231 4780 2407 4847 inquit
2442 4778 2703 4832 Basiliam
2759 4796 2985 4849 munera
3016 4785 3113 4840 illa
3145 4785 3546 4857 praﬁgurativa

1982 4868 2229 4935 corporis
2279 4874 2335 4920 et
2390 4868 2672 4937 sanguinis
2700 4870 2915 4926 Domini
2973 4889 3339 4946 nuncupasse,
3407 4874 3546 4944 quod

1980 4954 2237 5012 nondum'
2277 4968 2595 5013 consecrata
2642 4971 2824 5025 erant,
2878 4973 2933 5017 et
2978 4975 3167 5021 tamen
3226 4968 3330 5020 hoc
3384 4967 3549 5022 verbo

1980 5063 2112 5103 usus
2137 5057 2220 5102 est
2245 5048 2479 5103 Basilius
2500 5051 2557 5104 in
2587 5052 2980 5121 compositione
3010 5056 3187 5111 missae.
3215 5072 3347 5122 suae,
3379 5060 3547 5113 multo

1978 5144 2099 5204 post
2127 5135 2292 5189 verba
2320 5135 2555 5191 Domini.
2584 5140 2664 5193 Ad
2687 5140 2807 5195 haec
2833 5144 3174 5211 responsuri,
3212 5146 3393 5215 primo
3432 5158 3548 5202 tau-

1975 5240 2139 5295 quam
2202 5226 2294 5280 illii
2327 5243 2356 5281 a
2419 5237 2572 5297 patre
2613 5232 2827 5286 veniam
2882 5235 3179 5303 poscimus,
3219 5238 3265 5291 si
3334 5239 3547 5293 duobus

1973 5316 2267 5387 propositis
2298 5320 2489 5373 amicis
2517 5321 2876 5388 przeferamus
2904 5325 3211 5379 veritatem.
3241 5325 3449 5381 Dehinc
3469 5328 3549 5381 di-

1971 5409 2149 5463 cimus
2168 5420 2512 5464 sacramenta
2538 5411 2703 5466 etiam
2731 5418 3018 5484 postquam
3043 5428 3364 5473 consecrata
3394 5428 3540 5481 sunt,

1968 5500 2194 5569 figuram
2220 5513 2362 5563 esse,
2383 5510 2438 5554 et
2458 5500 2585 5555 ideo
2611 5505 2773 5556 etiam
2792 5504 3187 5575 prmiigurativa
3212 5507 3322 5559 veri
3349 5523 3543 5577 corpo-

1973 5591 2050 5645 ris
2082 5598 2137 5644 et
2165 5593 2448 5660 sanguinis
2475 5591 2679 5650 Christi
2707 5594 2814 5650 dici
2852 5611 3033 5665 posse,
3073 5596 3223 5666 quod
3258 5597 3420 5651 etiam
3451 5612 3542 5653 stt-

2003 5706 2024 5739 δ
2060 5706 2193 5762 ibid.
2241 5707 2428 5764 50-52.
