3990 6212
375 423 470 486 ῖιὲῐ

1364 432 1460 491 DE
1495 433 1996 494 SACRAMENTO
2038 436 2290 495 EUCHA
2303 439 2346 496 Il
2363 438 2610 497 ISTHE.

3485 443 3604 506 δεῖ).

309 555 326 562 ε’
356 540 543 606 perius
579 537 940 594 ostendimus.
1007 539 1294 597 Sensibilis
1332 546 1477 600 enim
1517 548 1669 613 panis
1711 557 1766 601 et
1806 548 1920 602 vini
1950 552 1998 611 Α
2027 550 2253 602 trarium
2285 549 2555 604 sentiebat
2596 547 2844 612 Basilius,
2875 563 2975 605 nec
2999 549 3214 607 veritus
3260 551 3522 623 Dionysii,
3557 567 3612 609 et

356 631 523 682 etiam
560 637 679 697 post
704 631 1172 685 consecrationem
1208 635 1415 703 species
1451 636 1634 706 ﬁgurae
1675 640 1925 707 quaedam

359 731 414 774 et
445 722 842 790 pmﬁgurativa
894 723 970 776 uti
1027 735 1178 785 sunt.
1211 726 1283 780 ita
1341 728 1504 782 etiam
1536 728 1640 783 dici
1679 739 1927 799 possunt,

363 824 476 866 tum
509 815 748 867 contenti
777 815 879 868 sub
904 815 986 869 eis
1002 818 1116 870 veri
1144 818 1410 874 Dominici
1442 820 1688 888 corporis
1721 830 1776 876 et
1803 837 1930 876 san-

362 903 565 970 guinis,
602 913 714 958 tum
748 905 963 975 mystici
1012 909 1257 976 corporis
1292 918 1349 963 et
1382 910 1766 964 ecclesiasticm
1802 911 1930 964 uni-

256 1007 274 1022 ·
363 993 510 1056 tatis,
548 994 723 1062 ipsum
752 1010 972 1064 quoque
1001 1011 1199 1066 corpus
1239 997 1449 1068 mystici
1505 999 1754 1068 corporis
1784 1017 1932 1070 sym-

363 1082 548 1136 bolum
581 1099 643 1138 ac
664 1083 878 1153 signum
909 1101 1053 1150 esse,
1092 1096 1149 1141 nt
1206 1087 1365 1142 latius
1399 1088 1560 1157 paulo
1586 1098 1710 1142 ante
1758 1089 1936 1143 disse-

364 1172 604 1227 ruimus.
639 1173 806 1227 Decet
861 1182 1066 1239 tamen,
1095 1185 1155 1229 ut
1186 1185 1315 1230 tunc
1367 1192 1582 1246 quoque
1613 1179 1935 1231 memoravi-

360 1277 504 1323 mus,
547 1263 662 1318 haec
696 1263 893 1318 debito
921 1266 1101 1330 modo,
1133 1275 1186 1320 et
1219 1282 1327 1320 non
1359 1268 1530 1322 instar
1560 1278 1934 1324 sacramento-

363 1369 484 1407 rum
510 1356 707 1410 veteris
725 1356 881 1424 legis,
911 1372 1032 1425 qua:
1057 1366 1262 1411 tantum
1287 1359 1472 1427 ﬁgura!
1498 1361 1931 1430 sunt,accipere.

362 1443 518 1509 Quod
553 1445 715 1498 etiam
757 1445 997 1516 Dionysii
1058 1448 1374 1502 tesﬁmonio
1431 1451 1808 1515 conﬁrmatur,
1841 1451 1934 1520 qui

365 1546 776 1589 sacramentum
809 1536 913 1590 hoc
946 1538 1110 1592 etiam
1140 1547 1261 1606 post
1291 1542 1766 1595 consecrationem
1799 1542 1877 1610 (in
1903 1541 1937 1594 5

368 1621 751 1680 Ecclesiasticw
780 1629 1090 1683 hierarchiw
1119 1630 1380 1699 capitulo)
1423 1632 1727 1701 symbolum
1760 1635 1934 1685 nomi-

362 1726 481 1770 nat.
512 1717 587 1771 lta
607 1720 748 1771 enim
774 1719 980 1787 inquit:
1005 1718 1198 1774 Sacras
1217 1719 1429 1772 divinas
1457 1721 1800 1788 operationes
1824 1721 1938 1774 hie-

333 1802 566 1862 "rarcha
625 1809 877 1872 laudans,
913 1821 1200 1865 consecrat
1257 1811 1620 1876 divinissima,
1653 1823 1707 1866 et
1767 1812 1938 1866 mani-

2038 641 2237 702 sancti,
2276 649 2332 694 ct
2385 639 2638 711 martyris
2675 641 3082 706 auctoritatem,
3126 641 3220 712 qui
3260 655 3450 698 contra
3491 645 3612 715 ejus

2037 732 2350 800 opinionem
2374 731 2668 802 judicaret,
2728 731 3070 799 diceretque,
3123 733 3188 786 ad
3216 732 3378 788 ﬁdem
3416 751 3481 787 cx
3549 751 3610 790 ea

2038 823 2232 877 haeresi
2301 823 2581 876 venientes
2637 823 2960 890 rebaptizari
3014 823 3247 888 debere,
3293 826 3438 894 quod
3499 842 3610 879 non

2038 922 2187 966 recte
2219 928 2393 982 neque
2429 913 2482 966 in
2516 911 2735 966 nomine
2764 912 2962 974 Patris,
2987 925 3041 966 et
3073 912 3216 977 Filii,
3274 925 3330 968 et
3364 914 3608 982 Spiritus

2039 1003 2209 1056 sancti
2241 1013 2422 1057 essent
2457 1005 2736 1072 baptizati.
2790 1005 2853 1058 Et
2893 1005 3054 1059 nobis
3104 1005 3268 1073 igitur
3299 1005 3610 1058 mirandum

2040 1103 2142 1154 est,
2169 1093 2447 1162 quomodo
2481 1094 2678 1148 dixerit
2707 1095 2811 1149 hoc
2841 1095 3226 1148 Damascenus.
3255 1094 3358 1149 Sed
3412 1098 3612 1148 memi-

2042 1184 2191 1238 uisse
2221 1193 2462 1254 oportet,
2498 1185 2775 1238 hominem
2811 1200 2938 1239 eum
2970 1185 3165 1248 tuisse,
3201 1187 3450 1254 quamvis
3477 1190 3617 1241 mira

2042 1277 2331 1331 sanctitate
2369 1277 2681 1346 praeditum,
2713 1287 2766 1332 et
2796 1278 2911 1332 ﬁeri
2937 1279 3230 1347 aliquando
3253 1281 3516 1348 potuisse.
3555 1291 3616 1332 ut

2043 1384 2146 1436 pro
2180 1368 2552 1422 imbecillitate
2579 1369 2804 1422 humani
2836 1368 3035 1437 ingenii
3069 1384 3175 1421 non
3215 1377 3362 1423 recte
3400 1370 3614 1438 aliquid

2042 1459 2310 1521 senserit;
2341 1475 2438 1514 nos
2470 1450 2598 1512 vero
2629 1475 2737 1513 non
2766 1475 2832 1513 ex
2859 1461 2927 1513 iis
2957 1459 3232 1529 velipsum
3266 1461 3349 1514 vel
3389 1461 3524 1515 alios
3548 1463 3616 1514 de

2044 1547 2150 1602 illis
2177 1563 2298 1616 quae
2334 1549 2506 1617 palam
2534 1559 2697 1618 atque
2726 1551 3062 1604 unanimiter
3090 1550 3459 1616 tradiderunt,
3521 1553 3615 1604 sed

2045 1637 2229 1706 potius
2268 1653 2333 1692 ex
2395 1639 2464 1692 iis
2495 1640 2610 1692 haec
2636 1639 2952 1694 discernere
3007 1655 3070 1694 ac
3097 1640 3348 1710 judicare
3389 1640 3613 1695 debere.

2046 1726 2314 1784 Fortassis
2346 1741 2554 1795 autem,
2581 1730 2726 1798 quod
2769 1731 3111 1799 impossibile
3134 1747 3240 1786 non
3268 1742 3376 1794 est.
3401 1733 3609 1787 diceret

2045 1820 2340 1889 quispiam,
2388 1821 2553 1874 verba
2607 1821 2695 1875 illa
2729 1821 2940 1884 Basilii,
2973 1822 3175 1898 quibus
3239 1822 3354 1876 haec
3387 1837 3615 1876 munera
3639 1867 3669 1884 ο

359 1900 526 1953 festa!
558 1901 907 1968 quaelaudata
933 1890 1092 1961 sunt.
1121 1917 1219 1970 per
1238 1901 1481 1972 symbola
1511 1913 1699 1956 sancte
1726 1918 1924 1973 propo-
1955 1895 2000 1953 Β
2041 1912 2439 1980 praelignrativa
2479 1912 2805 1975 nominavit,
2831 1891 3074 1982 tempore
3100 1914 3414 1968 Damasceni
3433 1915 3614 1970 locum

353 1991 479 2043 si'a.
519 1990 584 2044 Et
615 1989 791 2044 infra:
825 1991 1031 2058 Populo
1059 1991 1278 2060 quidem
1304 1991 1486 2046 divina
1549 1993 1726 2048 solum
1768 2009 1912 2063 synt-

353 2079 478 2133 ho'.a
513 2080 780 2150 intuente.
809 2081 873 2134 Et
899 2095 1126 2135 rursus:
1161 2081 1218 2135 In
1251 2095 1459 2135 sacram
1490 2083 1807 2136 memoriam
1834 2099 1933 2138 nos

353 2171 508 2224 ducit
542 2169 740 2224 divinae
769 2185 936 2225 coma:
968 2211 983 2236 ,
1012 2187 1132 2240 quae
1160 2171 1459 2242 principale
1494 2174 1798 2245 symbolum
1831 2176 1933 2230 fuit

354 2274 547 2314 eorum
571 2275 691 2329 qua:
721 2261 773 2314 in
799 2261 953 2314 altari
987 2261 1146 2314 ﬁunt.
1173 2261 1325 2317 Unde
1345 2272 1398 2316 et
1426 2263 1538 2333 ipse
1559 2263 1928 2335 symbolorum

359 2361 585 2405 creator
617 2351 826 2420 optimo
871 2349 993 2417 jure
1038 2366 1164 2404 eum
1194 2353 1432 2420 repellit,
1487 2355 1580 2423 qui
1640 2369 1750 2408 non
1806 2372 1929 2410 san-

358 2449 448 2494 cte
483 2455 660 2510 neque
689 2441 853 2496 simili
886 2442 1050 2496 modo
1077 2457 1200 2495 cum
1225 2458 1290 2496 eo
1321 2459 1473 2498 sacra
1497 2445 1584 2499 illa
1612 2448 1930 2502 cmnaverit.

354 2531 495 2586 Cum
523 2533 690 2602 igitur
716 2547 871 2586 sacra
901 2532 989 2585 illa
1023 2546 1250 2585 munera
1285 2534 1448 2587 etiam
1485 2545 1605 2602 post
1637 2551 1932 2592 consecra-

356 2623 566 2677 tionem
625 2622 873 2693 symbola
943 2625 1213 2685 nominet,
1281 2633 1700 2695 creatoremque
1733 2642 1930 2682 eorum

353 2729 481 2783 qua:
535 2729 681 2769 nunc
723 2715 972 2783 quotidie
1020 2714 1074 2768 in
1106 2715 1356 2768 ecclesiis
1415 2714 1570 2779 ﬁunt,
1634 2718 1935 2787 principale

355 2806 692 2877 symbolum,
729 2806 876 2860 illam
905 2811 1357 2862 sacramentalem
1382 2823 1594 2862 cumam
1625 2824 1936 2864 sacramen-

354 2907 543 2952 torum
583 2897 637 2952 in
690 2913 756 2953 eo
785 2898 1253 2966 distributionem,
1311 2894 1602 2970 ipsumque
1638 2901 1932 2956 Dominum

352 2988 733 3060 symbolorum
756 3001 1061 3046 creatorem
1099 2993 1360 3064 appellet,
1435 3011 1623 3050 eorum
1680 2996 1938 3052 videlicet

351 3096 482 3150 quae
511 3090 622 3136 tum
651 3085 877 3149 creavit,
899 3082 1012 3137 ha'c
1037 3099 1170 3138 vero
1201 3084 1422 3140 fuerunt
1452 3087 1658 3157 proprii
1688 3089 1936 3159 corporis

352 3173 728 3239 consecratio,
755 3175 1098 3240 distributio,
1132 3166 1374 3240 traditio,
1405 3194 1503 3232 cur
1539 3195 1648 3234 non
1679 3181 1842 3235 etiam
1875 3180 1934 3235 ﬁ-

350 3284 548 3336 guram
567 3271 1076 3326 convenientissime
1107 3282 1264 3327 vocet
1281 3273 1302 3325 ?
1319 3273 1480 3342 Atqui
1516 3276 1658 3342 quod
1680 3288 1781 3329 nec
1807 3289 1942 3345 prae-

349 3361 631 3431 ﬁgurativi
663 3363 886 3430 quidem
939 3363 1268 3417 vocabulum
1297 3379 1425 3418 vero
1459 3363 1661 3419 Christi
1708 3366 1926 3434 corpori

355 3453 734 3522 sanguinique
765 3455 1082 3518 conveniat,
1109 3455 1252 3509 idem
1314 3455 1683 3511 Damascenus
1710 3467 1940 3513 testatur

349 3544 409 3599 in
442 3542 637 3596 eodem
658 3543 914 3612 capitulo,
935 3543 1007 3597 ita
1033 3543 1222 3600 dicens
1249 3544 1689 3615 :Praeﬁgurattva
1720 3545 1928 3601 futuro-

348 3649 478 3690 rnm
508 3634 798 3698 dicuntur;
824 3648 1011 3688 verum
1031 3648 1231 3704 corpus
1255 3643 1308 3689 et
1326 3636 1545 3706 sanguis
1567 3635 1792 3699 Christi,
1821 3654 1930 3692 non

352 3726 490 3797 quia
519 3741 627 3780 non
661 3725 802 3779 ﬁunt
833 3742 1024 3781 verum
1053 3741 1258 3798 corpus
1285 3737 1342 3783 et
1396 3730 1638 3797 sanguis,
1678 3730 1770 3782 sed
1809 3731 1935 3799 quia

354 3832 513 3872 nunc
533 3817 749 3886 quidem
781 3833 881 3887 per
914 3833 976 3872 ea
1009 3820 1307 3889 participes
1349 3820 1616 3875 ellicimur
1636 3820 1937 3876 divinitatis

356 3909 594 3975 Christi,
638 3918 768 3963 tunc
796 3924 928 3964 vero
952 3925 1050 3981 per
1073 3911 1243 3966 solam
1288 3911 1550 3966 visionem
1581 3912 1938 3982 intelligibili-

356 4011 468 4055 ter.
503 3999 618 4053 lluc
642 4000 784 4054 idem
818 4001 1064 4070 apertius
1113 4001 1445 4058 conﬁrmare
1475 4003 1694 4057 videtur
1742 4003 1936 4058 beatus

350 4090 676 4160 Gregorius,
709 4091 833 4150 ideo
868 4092 1124 4162 inquiens
1183 4094 1300 4149 haec
1342 4095 1614 4148 nominari
1681 4095 1932 4165 ﬁguram,

357 4185 494 4254 quia
524 4199 755 4254 corpore
789 4193 845 4239 et
871 4185 1135 4254 sanguine
1189 4185 1401 4238 Domini
1457 4199 1604 4238 nunc
1649 4184 1935 4254 participa-

354 4291 486 4331 mus
514 4276 568 4330 in
594 4276 760 4346 ﬁgura
791 4277 949 4346 panis
1010 4284 1066 4330 et
1103 4276 1239 4340 vini,
1277 4284 1408 4330 tunc
1467 4291 1597 4330 vero
1617 4289 1740 4330 eum
1769 4276 1930 4330 talem

353 4368 543 4440 qualis
566 4383 696 4423 vere
736 4376 840 4434 est,
870 4367 1322 4422 manifestissima
1355 4366 1566 4422 visione
1595 4366 1932 4437 contempla-

353 4460 564 4515 bimur.
588 4457 956 4524 Quamobrem
979 4474 1086 4514 non
1121 4457 1288 4513 video
1315 4459 1445 4528 quid
1477 4458 1694 4514 tandem
1737 4458 1930 4513 formi-

2045 2013 2172 2056 ante
2196 2002 2366 2057 vcrha
2398 2003 2613 2056 Domini
2652 2003 2703 2056 in
2735 2004 2898 2057 missa
2924 2002 3109 2058 Basilii
3142 2003 3424 2069 habuisse,
3465 2006 3618 2059 ideo-

2047 2109 2156 2164 que
2205 2109 2270 2149 co
2330 2094 2494 2148 modo
2529 2102 2584 2149 et
2640 2103 2788 2149 recte
2817 2095 3136 2165 exposuisse
3183 2095 3616 2150 Damascenum;

2056 2199 2203 2250 nunc
2237 2198 2366 2238 vero
2395 2188 2579 2239 nescio
2605 2187 2879 2255 quomodo
2917 2201 2978 2240 ea
3020 2185 3183 2240 verba
3232 2185 3397 2239 fuisse
3443 2196 3622 2241 trans.-

2037 2273 2234 2344 posita.
2312 2271 2478 2328 Multa
2516 2277 2661 2328 enim
2698 2276 2825 2330 huic
2843 2275 3042 2329 similia
3077 2285 3184 2329 tam
3217 2278 3378 2346 longo
3405 2288 3619 2346 tempo.

2043 2379 2166 2416 rum
2196 2365 2482 2419 intervallo
2519 2366 2856 2422 acciderunt.
2877 2367 3160 2435 Siquidem
3191 2367 3334 2436 apud
3376 2370 3616 2435 Aposto-

2039 2455 2150 2507 lum
2214 2454 2299 2509 his
2373 2455 2460 2508 illa
2514 2455 2678 2509 verba
2744 2457 2916 2525 posita
2967 2467 3097 2510 sunt
3141 2470 3156 2508 :
3195 2456 3304 2509 Hoc
3345 2457 3501 2524 facile
3559 2459 3613 2516 in
3655 2505 3665 2517 ,

2039 2561 2211 2599 meam
2234 2548 2800 2600 commemorationem.
2824 2545 2971 2601 Idem
3005 2557 3126 2615 post
3150 2564 3163 2600 :
3200 2547 3310 2601 Hoc
3330 2556 3403 2600 est
3427 2565 3614 2617 corpus

2039 2653 2232 2690 meum.
2255 2636 2319 2690 Et
2355 2646 2502 2707 post,
2537 2636 2635 2691 llic
2683 2647 2757 2691 est
2819 2638 3050 2708 sanguis
3090 2653 3255 2692 meus.
3303 2637 3412 2694 Nos
3487 2654 3617 2693 vero

2038 2729 2204 2783 semel
2237 2737 2442 2782 tantum
2481 2730 2535 2782 in
2571 2743 2723 2784 sacra
2756 2728 3173 2784 consecratione
3206 2728 3310 2784 hoc
3358 2730 3614 2786 dicimus.

2041 2817 2305 2872 Praeterea
2335 2833 2520 2874 sacras
2553 2818 2869 2888 particulas,
2903 2818 3007 2872 hoc
3045 2828 3129 2872 est
3158 2833 3309 2874 sacre
3342 2819 3615 2873 dormien-

2040 2909 2176 2962 tium
2203 2909 2541 2972 memoriam,
2576 2910 2748 2964 multo
2789 2917 2914 2964 ante
2957 2909 3168 2963 Domini
3231 2912 3391 2965 verba
3463 2911 3617 2981 juxta

2039 3000 2293 3055 eumdem
2326 3000 2637 3072 Dionysium
2674 3001 2854 3054 facere
2879 3001 3165 3067 solebant;
3203 3017 3305 3056 nus
3356 3019 3485 3056 vero
3513 3004 3613 3057 huc

2043 3093 2214 3147 Inulto
2241 3101 2382 3161 post,
2444 3101 2650 3147 mutato
2674 3094 2860 3147 nescio
2889 3093 3168 3164 quomodo
3194 3093 3406 3156 ordine,
3436 3095 3617 3150 facere

2046 3199 2149 3237 con
2185 3185 2453 3238 uevimns.
2514 3183 2732 3237 Minime
2771 3185 2938 3254 igitur
2991 3185 3301 3239 mirandum
3358 3196 3522 3248 esset,
3571 3188 3613 3238 si

2047 3275 2157 3328 hoc
2183 3275 2568 3345 praeﬁgurativi
2591 3276 2940 3339 vocabulum,
2981 3274 3296 3330 [tatnasceni
3370 3286 3614 3346 tempore

2043 3377 2167 3420 ante
2202 3366 2476 3420 Dominica
2515 3366 2677 3420 \erba
2704 3367 2961 3431 locatum,
2996 3366 3197 3421 dehinc
3223 3383 3250 3420 a
3294 3369 3615 3422 recentiori-

2044 3457 2144 3510 bus
2174 3472 2239 3510 eo
2267 3473 2376 3526 quo
2397 3473 2545 3512 nunc
2574 3458 2768 3524 legitur
2800 3459 2921 3512 loco
2960 3468 3231 3511 :nntatum
3259 3473 3322 3513 ac
3374 3460 3610 3527 positum

2043 3549 2258 3602 fuisset.
2294 3547 2390 3602 His
2417 3550 2488 3602 ita
2510 3550 2796 3618 expositis,
2827 3559 3080 3620 superest
3125 3558 3184 3603 ut
3209 3549 3277 3603 ad
3303 3565 3362 3604 ea
3394 3550 3611 3604 tandem

2041 3653 2162 3708 qua:
2185 3639 2250 3711 de
2285 3647 2474 3694 sancto
2492 3639 2746 3711 Dionysio
2781 3639 2849 3697 ab
2871 3641 3201 3695 adversariis
3222 3639 3386 3710 objici
3410 3641 3609 3698 solent.

2053 3709 2505 3798 respondeamus.
2532 3709 2709 3786 Verba
2739 3732 2860 3802 ejus
2888 3731 3004 3787 haec
3036 3741 3164 3786 sunt
3192 3749 3205 3785 :
3237 3731 3366 3786 Inde
3393 3731 3615 3785 divinus

2043 3817 2332 3876 hierarcha
2367 3822 2633 3877 accedens
2686 3825 2752 3878 ad
2779 3838 2996 3888 sacrum
3029 3823 3225 3886 altare,
3261 3823 3447 3876 laudat
3477 3839 3612 3893 prae-

2042 3909 2217 3962 dictas
2255 3924 2438 3965 sacras
2470 3911 2821 3980 operationes
2859 3911 2977 3975 Dei,
3021 3910 3194 3980 ipsius
3242 3910 3371 3966 Jesu
3422 3911 3604 3981 provi-

2039 3999 2261 4065 dentiae,
2297 4015 2434 4070 quas
2463 4015 2564 4070 pro
2593 4002 2766 4055 salute
2804 4002 3021 4071 generis
3051 4003 3245 4066 nostri,
3273 4003 3612 4072 beneplacito

2037 4092 2365 4146 sanctissimi
2387 4093 2582 4158 Patris,
2601 4091 2655 4146 in
2671 4091 2880 4162 Spiritu
2901 4101 3112 4158 sancto,
3133 4091 3433 4146 secundum
3448 4107 3616 4146 cvan-

2035 4182 2206 4252 gelica
2237 4183 2400 4237 verba
2425 4192 2683 4253 operatus
2697 4192 2798 4237 est.
2827 4183 3125 4253 Postquam
3145 4181 3613 4243 autemlaudavit,

2034 4281 2090 4327 et
2123 4273 2488 4328 venerandam
2549 4274 3084 4344 intellectualemque
3147 4273 3608 4342 speculationem

2033 4379 2227 4419 eorum
2261 4365 2721 4420 intellectualibus
2747 4366 2924 4438 oculis
2968 4367 3266 4434 perspexit,
3291 4363 3357 4418 ad
3396 4364 3614 4436 symbo-

2034 4455 2198 4510 licam
2230 4471 2424 4511 eorum
2450 4457 2921 4512 consecrationem
2977 4458 3147 4521 venit,
3175 4466 3228 4511 et
3260 4459 3367 4510 hoc
3413 4471 3614 4509 secun-

357 4553 507 4605 dans
531 4549 916 4616 Damascenus,
948 4550 1332 4621 praeﬁgurativi
1369 4549 1696 4605 vocabulum
1739 4566 1937 4606 renue-
1968 4551 2013 4606 D
2043 4547 2172 4601 dum
2233 4548 2585 4602 traditionem
2637 4549 2900 4602 divinam.
2939 4545 3091 4602 Unde
3117 4547 3313 4601 devote
3367 4547 3528 4601 simul
3555 4559 3611 4601 ct

361 4644 462 4704 rit,
493 4641 726 4712 ideoque
760 4642 832 4695 ita
865 4657 1140 4711 exponere
1200 4642 1270 4697 sit
1296 4652 1543 4707 conatus,
1576 4657 1700 4696 cum
1749 4642 1930 4714 possi-

363 4733 477 4788 bile
523 4733 612 4795 sit,
645 4741 750 4788 tam
774 4747 840 4788 ex
906 4733 1080 4802 ipsius
1105 4747 1273 4803 quam
1307 4748 1372 4786 ex
1403 4742 1721 4788 caaterorum
1744 4733 1930 4789 docto-

359 4841 486 4879 rum
523 4826 812 4892 sententia,
835 4839 1026 4880 verum
1065 4825 1230 4879 etiam
1263 4839 1464 4892 corpus
1497 4833 1553 4879 et
1584 4824 1925 4896 sanguinem,

355 4916 475 4971 sive
505 4916 761 4984 ﬁguram,
813 4917 927 4971 sive
956 4906 1358 4985 praeﬁgurativa
1418 4917 1730 4973 nominare.
1780 4919 1932 4974 Licet

357 5008 528 5076 igitur
566 5006 728 5060 nobis
748 5005 854 5060 hoc
872 5007 993 5060 loco
1019 5007 1227 5070 dicere,
1259 5006 1401 5074 quod
1437 5015 1658 5062 sanctus
1691 5008 1928 5063 Basilius

361 5098 426 5150 ad
451 5097 899 5166 Amphilochium
921 5097 1170 5151 scribens
1190 5095 1552 5163 Iconicnsem,
1581 5101 1646 5155 de
1673 5099 1930 5172 Dionysio

363 5189 737 5244 Alexandrino
768 5199 1002 5259 martyre
1035 5189 1233 5259 inquit.
1275 5191 1409 5245 Nam
1468 5207 1590 5244 cum
1615 5192 1932 5262 loqueretur

365 5279 434 5332 de
463 5279 550 5333 his
570 5281 660 5348 qui
694 5281 1071 5349 rebaptizandi
1107 5293 1256 5347 sunt,
1291 5282 1762 5354 Pepusianosque,
1798 5300 1932 5339 con-

367 5382 449 5424 tra
524 5372 764 5442 Dionysii
794 5373 1144 5438 sententiam,
1185 5375 1604 5444 rebaptizandos
1635 5387 1926 5432 censeret:

370 5462 560 5526 Miror,
599 5464 800 5533 inquit,
836 5465 1112 5535 quomodo
1162 5466 1266 5521 hoc
1305 5467 1530 5522 latuerit
1590 5467 1928 5538 Dionysium,

364 5556 612 5624 quamvis
649 5573 916 5612 canonum
951 5561 1196 5614 omnium
1257 5559 1733 5622 expcrtissimum.
1774 5561 1932 5616 Vole-

369 5647 462 5700 hat
492 5663 621 5702 sane
661 5651 972 5720 Dionysius,
1001 5666 1309 5721 quanquam
1344 5660 1584 5712 sanctus,
1648 5653 1755 5704 imo
1802 5667 1933 5705 vero

370 5739 534 5792 ctiam
573 5749 796 5812 martyr,
833 5755 928 5796 eos
959 5744 1052 5812 qui
1083 5759 1147 5796 ex
1182 5743 1613 5812 Pcpnsianorutn
1648 5743 1838 5798 haeresi
1865 5743 1929 5798 ad

370 5826 524 5881 ﬁ'iem
573 5831 843 5895 venirent,
882 5847 988 5888 non
1024 5833 1225 5889 debere
1256 5833 1535 5907 baptizari.
1599 5833 1767 5904 Cujus
1796 5849 1928 5889 con-

2034 4637 2375 4692 bierarcbice
2403 4645 2521 4708 post
2563 4639 2752 4693 laudes
2789 4638 3096 4692 divinarum
3128 4638 3507 4706 operationum
3544 4639 3611 4692 .le

2033 4731 2440 4784 consecratione
2461 4744 2673 4792 eorum,
2689 4729 3004 4799 respondet,
3024 4728 3097 4782 Tu
3120 4729 3320 4791 dixisti,
3339 4730 3608 4798 inquiens,

2036 4820 2149 4874 Hoc
2181 4821 2335 4889 facile
2377 4823 2430 4874 in
2479 4837 2646 4875 meam
2684 4821 3473 4875 commemorationem.Deinde
3513 4838 3607 4890 po-

2031 4913 2243 4966 stulans
2289 4923 2346 4967 ut
2403 4913 2599 4983 dignus
2664 4911 2756 4967 ﬁat
2806 4913 2909 4967 bac
2964 4915 3402 4976 consecratione,
3441 4924 3492 4968 et
3544 4920 3607 4965 :ul

2033 5003 2450 5058 similitudinem
2487 5005 2691 5060 Christi
2737 5006 2851 5059 haec
2874 5006 3056 5058 divina
3098 5007 3362 5074 perﬁcere
3413 5007 3608 5059 valeat.

2035 5111 2085 5152 et
2128 5111 2276 5154 caste
2309 5100 2664 5164 distribuere,
2695 5110 2979 5156 consecrat
3013 5099 3379 5163 divinissima,
3417 5107 3473 5152 et
3500 5115 3614 5152 ma-

2036 5191 2260 5246 nifestat
2294 5191 2508 5246 laudata
2538 5206 2636 5261 per
2664 5191 2907 5262 symbola
2951 5200 3139 5245 sancte
3189 5191 3494 5260 prouosita.
3530 5189 3610 5242 Ad

2037 5285 2148 5340 haec
2173 5285 2420 5357 Dionysii
2453 5285 2638 5348 verba,
2664 5300 2978 5354 quanquam
2998 5285 3238 5339 diﬁicilis
3255 5285 3371 5338 fore
3392 5298 3616 5350 respon-

2037 5379 2119 5430 sio
2153 5377 2430 5442 videatur,
2463 5377 2604 5447 apud
2641 5393 2738 5433 eos
2767 5378 3068 5449 prmscrtim
3115 5377 3208 5445 qui
3243 5374 3614 5429 contentionis

2037 5467 2352 5537 cupidiores
2376 5477 2505 5522 sunt
2544 5485 2706 5538 quam
2737 5469 3007 5530 veritatis,
3049 5468 3282 5523 dicimus
3313 5476 3490 5521 tamen
3555 5476 3612 5519 et

2039 5561 2273 5630 ingenue
2305 5568 2666 5625 attestamur,
2700 5562 2841 5631 apud
2885 5561 3086 5630 probas
3119 5571 3173 5615 et
3201 5561 3423 5615 devotas
3450 5574 3613 5614 aures

2038 5652 2172 5705 nihil
2206 5652 2258 5705 in
2299 5652 2386 5705 his
2417 5667 2537 5707 esse
2571 5651 2716 5721 quod
2754 5652 2820 5707 iis
2856 5669 2977 5722 qua:
3016 5668 3180 5722 supra
3236 5651 3475 5706 diximus
3511 5651 3610 5705 ad-

2039 5751 2306 5797 versetur.
2337 5741 2476 5808 Quid
2534 5744 2702 5810 enim,
2734 5759 2766 5798 ο
2834 5746 2974 5800 bone
3012 5745 3162 5810 Jesu,
3207 5744 3431 5808 clarius,
3478 5741 3627 5811 quid.

2038 5833 2302 5907 apertius,
2338 5835 2467 5907 quid
2525 5835 2864 5893 manifeSIius
2897 5838 3129 5898 inveniri
3180 5849 3375 5904 potest,
3443 5851 3638 5904 qnam-
