3990 6212
363 464 470 529 523

1323 462 1823 527 BESSARIONIS
1862 465 1919 524 s.
1963 448 2041 525 n;
2080 464 2148 525 E.
2190 463 2657 525 CARDINALIS

3491 454 3593 522 .524

365 572 530 628 verba
561 580 871 625 sanctorum
904 570 1213 640 doctorum,
1248 574 1316 631 de
1349 576 1550 646 quibus
1593 592 1756 646 supra
1785 591 1935 630 mcn-
1961 578 2006 635 Α
2037 586 2388 644 peccatorum.
2419 574 2806 642 Quamobrem,
2826 572 2978 643 juxta
3010 570 3176 642 hujus
3204 569 3447 626 doctoris
3472 585 3596 624 sen-

360 662 564 717 tionem
599 662 850 727 fecimus,
886 665 1050 718 verba
1112 665 1324 721 Domini
1373 678 1585 723 mutare
1614 683 1807 738 panem
1864 667 1919 721 in

359 768 581 821 corpus.
621 754 712 808 illa
743 764 1145 810 sacramentum
1178 758 1385 830 integre
1418 760 1704 828 perﬁcere,
1751 760 1921 814 verbo

356 841 450 896 Dei
483 858 673 911 panem
704 844 1053 908 sanctiﬁcari,
1111 863 1304 917 panem
1344 849 1396 903 in
1432 865 1630 918 corpus
1659 865 1755 918 per
1802 864 1924 903 ver-

362 933 487 985 bum
524 935 747 998 mutari,
808 943 937 987 ante
967 935 1131 990 verba
1183 953 1377 1005 panem
1425 939 1747 1006 simpliciter
1801 954 1924 995 esse

360 1038 557 1075 munus
588 1025 731 1091 quod
793 1025 1040 1087 offertur.
1077 1038 1195 1095 post
1226 1031 1389 1083 verba
1446 1045 1568 1082 mox
1622 1031 1675 1082 in
1726 1042 1924 1098 corpus

360 1110 575 1173 mutari,
620 1112 832 1180 aliaque
867 1113 1217 1182 huiusmodi?
1272 1119 1315 1169 A
1371 1118 1572 1186 quibus
1626 1118 1922 1187 quomodo,

359 1215 542 1265 quaeso
568 1209 641 1263 te,
675 1202 990 1258 dissentiret
1019 1206 1655 1276 Dionysius,3pr:csertim
1678 1209 1923 1263 doctrina

356 1303 409 1342 et
444 1291 712 1360 sapientia
744 1310 808 1348 ac
855 1296 979 1349 vitae
1010 1297 1296 1352 sanctitate
1327 1300 1625 1367 mqualibus
1651 1309 1811 1369 atque
1843 1302 1922 1355 si-

359 1384 637 1438 millimis?
660 1386 913 1442 Profecto
943 1404 1103 1443 nemo
1130 1390 1233 1444 hoc
1259 1392 1454 1445 mentis
1482 1407 1703 1460 compos
1753 1392 1925 1446 fatea-

361 1486 471 1528 tur.
508 1476 604 1529 Est
643 1486 822 1530 autem
861 1479 1005 1547 quod
1044 1479 1334 1551 Dionysius
1364 1482 1561 1551 inquit,
1584 1483 1689 1536 tale
1718 1483 1926 1552 aliquid

358 1565 519 1632 quale
542 1567 797 1634 superius
836 1568 1092 1622 diximus.
1126 1570 1280 1635 Quod
1317 1586 1440 1625 cum
1483 1588 1650 1641 opera
1685 1575 1736 1626 in
1769 1588 1926 1627 crea-

361 1664 479 1707 tura
519 1656 684 1709 totius
716 1656 1001 1713 Trinitatis
1019 1662 1325 1714 communia
1352 1663 1481 1725 sint,
1522 1675 1577 1716 ut
1615 1665 1715 1718 hoc
1745 1663 1925 1717 omni-

361 1744 464 1797 bus
500 1746 672 1813 palam
700 1746 808 1811 fiat,
838 1763 1015 1817 operae
1051 1750 1284 1817 pretium
1316 1759 1400 1804 est
1432 1760 1597 1805 totam
1656 1767 1758 1807 nos
1802 1753 1928 1806 Tri-

362 1833 585 1890 nitatem
634 1838 918 1893 invocare.
947 1838 1103 1906 Quod
1139 1856 1263 1895 cum
1294 1842 1457 1897 simul
1504 1854 1560 1899 et
1590 1844 1795 1913 absque
1836 1844 1922 1898 in-

362 1926 590 1978 tervallo
619 1929 883 1997 temporis
916 1928 1035 1985 ﬁeri
1081 1947 1187 1985 non
1220 1935 1411 2016 possit,
1445 1949 1567 1991 cum
1622 1935 1924 2003 prtesertim

361 2022 612 2079 oporteat
638 2029 853 2071 omnem
890 2018 1108 2073 illorum
1138 2037 1258 2090 quae
1281 2038 1341 2077 ea
1378 2033 1536 2079 nocte
1588 2032 1737 2093 gesta
1770 2034 1771 2037 ‘
1800 2036 1929 2079 sunt

362 2104 651 2159 historiam
713 2121 994 2169 enarrare.
1054 2125 1279 2167 necesse
1332 2122 1415 2168 est
1479 2129 1580 2169 nos
1608 2130 1777 2170 unum
1803 2126 1929 2185 post

362 2196 533 2260 aliud,
569 2198 869 2253 secundum
900 2201 1006 2254 vim
1042 2210 1094 2255 et
1129 2216 1375 2260 naturam
1432 2218 1630 2263 nostrae
1686 2224 1926 2278 pronun-

361 2285 620 2351 tiationis,
648 2301 942 2356 exponere.
988 2290 1064 2344 lta
1108 2306 1236 2363 ergo
1285 2303 1404 2362 post
1433 2297 1598 2351 verba
1649 2297 1931 2352 Dominiea

361 2374 582 2446 (quibus
612 2380 765 2451 juxta
801 2381 1247 2450 Chrysostomum
1276 2384 1487 2455 integre
1523 2388 1805 2454 perﬁcitur
1841 2404 1927 2443 sa-

359 2482 697 2526 cramentum
732 2488 793 2527 ac
827 2474 1096 2542 proposita
1134 2486 1590 2542 transmutantur,
1642 2479 1929 2549 quibusve,

364 2574 423 2618 ut
470 2564 768 2634 Gregorius
794 2568 1071 2637 Nyssenus
1104 2572 1202 2631 ait,
1260 2569 1635 2625 sanctiﬁcatur
1669 2572 1845 2640 panis,
1874 2572 1928 2626 in

362 2672 669 2727 corpusque
706 2659 1050 2729 transfertur)
1085 2658 1303 2715 Patrem
1339 2676 1403 2715 ac
1435 2660 1700 2731 Spiritum
1751 2663 1930 2734 palam

362 2763 526 2820 atque
548 2759 734 2819 aperte
765 2754 1103 2809 invocamus.
1138 2750 1288 2809 lianc
1319 2771 1446 2811 vero
1477 2757 1818 2813 manifestam
1847 2759 1934 2814 in-

364 2841 703 2895 vocationem
765 2851 1019 2912 tanquam
1050 2846 1385 2901 multitudini
1442 2848 1714 2902 notiorem
1771 2849 1936 2904 tradit

366 2934 557 2988 beatus
588 2933 897 3006 Dionysius,
926 2951 1051 2990 cum
1076 2939 1417 2994 sacerdotem
1466 2941 1619 3007 dicit,
1649 2951 1933 3010 postquam

369 3040 468 3093 pro
494 3042 552 3080 se
579 3026 892 3094 respondit,
917 3028 1103 3083 dicens
1128 3072 1143 3095 ,
1182 3030 1255 3084 Tu
1299 3032 1502 3096 dixisti,
1540 3032 1646 3085 Hoc
1698 3032 1855 3101 facite
1881 3035 1935 3087 in

368 3134 537 3170 meam
567 3122 1140 3186 commemorationem,
1210 3131 1338 3178 tunc
1364 3125 1581 3178 demum
1620 3125 1688 3178 ad
1745 3140 1938 3181 conse-

2028 667 2278 734 tentiam,
2302 668 2413 738 jam
2441 666 2745 738 perfectum
2769 676 2854 722 est
2884 671 3307 728 sacramentum,
3360 676 3484 717 cum
3514 659 3597 715 di-

2027 758 2203 814 cimus
2290 758 2664 813 remissionem
2734 765 3082 826 peccatorum
3143 754 3307 809 nobis
3380 751 3593 822 praebe-

2040 850 2111 904 ri.
2147 849 2392 905 Dicimus
2446 856 2627 903 autem
2692 846 2798 902 hoc
2851 846 3035 902 subito
3086 854 3209 916 post
3260 843 3427 899 verba
3482 841 3592 896 Do-

2027 941 2206 1006 mini,
2290 941 2400 995 imo
2476 954 2609 994 vero
2688 939 2743 993 in
2838 937 3009 1007 ipsius
3104 935 3318 991 Domini
3405 932 3589 989 verbs.
3686 983 3706 1000 ,

2028 1032 2346 1101 Sequuntur
2412 1030 2559 1084 enim
2642 1029 2757 1083 hac
2820 1029 2906 1082 illa
2992 1025 3206 1080 Domini
3257 1024 3421 1079 verba
3467 1021 3595 1092 qui-

2026 1126 2130 1180 bus
2177 1124 2459 1190 perﬁcitur
2507 1130 2928 1184 sacramentum,
2959 1118 3187 1181 scilicet,
3246 1116 3354 1169 Hoc
3373 1124 3451 1169 est
3479 1130 3593 1167 cor-

2030 1230 2127 1282 pus
2156 1230 2350 1280 meum,
2374 1221 2450 1279 et,
2478 1212 2576 1266 Hic
2600 1219 2675 1265 est
2698 1211 2912 1278 sanguis
2947 1223 3113 1271 meus,
3135 1204 3591 1275 quemadmodum

2028 1319 2118 1358 res
2152 1306 2268 1372 ipsa
2298 1319 2412 1357 rem
2443 1303 2612 1371 ipsam
2644 1300 2915 1369 sequitur,
2949 1299 3053 1352 hoc
3094 1288 3199 1363 est,
3240 1303 3587 1365 peccatorum

2028 1393 2278 1449 remissio
2306 1393 2573 1447 Dominici
2609 1390 2859 1459 corporis
2914 1388 3376 1450 communionem,
3440 1386 3594 1455 cujus

2027 1493 2112 1540 est
2139 1484 2387 1538 eﬁ‘ectus.
2419 1481 2593 1535 Medio
2626 1479 2788 1549 igitur
2822 1479 2919 1533 illo
2950 1484 3217 1546 tempore,
3246 1492 3355 1546 quo
3410 1474 3594 1529 divina

2028 1587 2192 1641 opera
2229 1580 2353 1626 ante
2411 1572 2576 1625 verba
2634 1568 2850 1623 Domini
2902 1567 3215 1631 laudantur,
3261 1575 3315 1621 et
3370 1581 3480 1635 quo
3505 1580 3598 1619 ea-

2030 1664 2152 1718 dem
2197 1671 2320 1732 post
2349 1661 2436 1715 illa
2469 1660 2636 1715 verba
2666 1660 2868 1728 populo
2894 1657 3183 1713 manifesta
3223 1657 3381 1721 ﬁunt,
3404 1668 3598 1710 conse-

2029 1755 2201 1809 cratio
2234 1754 2313 1817 ﬁt,
2341 1752 2457 1807 illis
2501 1752 2754 1807 videlicet
2778 1749 3213 1805 Dominiverbis.
3241 1746 3409 1803 Addit
3435 1746 3598 1801 etiam

2031 1853 2216 1912 postea
2252 1841 2395 1896 idem
2424 1856 2581 1897 sacer
2603 1840 2927 1912 Dionysius:
2955 1837 3247 1907 Postquam
3271 1848 3453 1891 autem
3484 1837 3602 1889 lau-

2030 1933 2266 1998 daverit,
2303 1940 2359 1986 et
2387 1932 2750 1987 venerandam
2776 1930 3318 1998 intellectualemque
3349 1926 3600 1996 Specula-

2032 2025 2236 2079 tionem
2264 2038 2454 2078 eorum
2506 2021 2973 2078 intellectualibus
3005 2020 3182 2075 oculis
3234 2017 3600 2088 perspexerit.

2032 2116 2099 2170 ad
2132 2116 2483 2187 symbolicam
2507 2132 2693 2170 eorum
2717 2113 3189 2168 consecrationem
3220 2111 3387 2176 venit,
3421 2118 3478 2165 et
3497 2108 3604 2163 hoc

2035 2209 2337 2264 secundum
2372 2208 2612 2263 divinam
2645 2206 3020 2262 traditionem.
3061 2205 3232 2271 Quem
3271 2205 3451 2259 locum
3512 2216 3606 2257 ex-

2034 2315 2243 2369 ponens
2264 2298 2533 2354 Maximus
2560 2299 2672 2354 ait:
2711 2297 3050 2353 Benedicens
3085 2296 3294 2351 scilicet
3324 2310 3519 2365 panem
3551 2301 3611 2348 et

2033 2392 2256 2446 calicem
2286 2405 2565 2445 sacrorum
2599 2404 2912 2443 munerum.
2970 2387 3111 2458 Ergo
3166 2385 3603 2443 benedictionem

2033 2483 2193 2552 panis
2216 2491 2272 2536 et
2302 2481 2487 2537 calicis
2537 2481 3004 2545 consecrationem
3040 2480 3117 2533 ait
3144 2494 3269 2534 esse
3292 2477 3605 2549 Dionysius,

2034 2588 2268 2642 eamque
2302 2572 2606 2628 secundum
2665 2572 2908 2626 divinam
2969 2571 3342 2627 traditionem.
3370 2569 3607 2624 Benedi-

2034 2664 2144 2717 ctio
2171 2664 2337 2733 igitur
2379 2663 2534 2733 panis
2597 2672 2653 2717 et
2707 2663 2916 2727 calicis,
2952 2677 3061 2730 qua
3115 2671 3245 2719 tunc
3303 2662 3604 2717 secundum

2037 2755 2353 2826 Dionysium
2378 2753 2693 2809 sacerdotes
2740 2752 3061 2816 utebantur,
3116 2767 3243 2808 cum
3295 2752 3603 2807 dicebant:

2038 2846 2107 2900 Et
2126 2844 2332 2915 gratias
2352 2860 2520 2914 agens
2550 2843 2851 2907 benedixit.
2881 2843 3264 2908 sanctiﬁcavit,
3304 2842 3487 2913 fregit.
3519 2843 3614 2898 de-

2036 2940 2227 3008 ditque
2246 2934 2533 3006 discipulis
2561 2937 2676 2990 suis
2704 2935 2922 2991 dicens:
2946 2936 3175 3006 Accipite
3195 2943 3243 2989 et
3275 2939 3611 3001 manducata,

1976 3074 1987 3089 μ
2037 3031 2129 3084 hoc
2152 3036 2227 3084 est
2256 3043 2442 3096 corpus
2476 3044 2648 3082 meum
2673 3043 2693 3083 :
2736 3026 2873 3093 haec,
2900 3028 3147 3097 inquam,
3174 3026 3489 3082 benedictio
3516 3041 3613 3097 per

2039 3121 2204 3176 verba
2234 3119 2456 3175 Domini
2487 3117 2702 3189 perﬁcit
2756 3126 3188 3175 sacramentum.
3241 3116 3611 3182 Quamobrem

366 3212 667 3267 crationem
692 3214 974 3270 accedere.
1004 3214 1486 3272 Consecrationem
1512 3219 1659 3272 enim
1691 3218 1794 3274 hoc
1814 3219 1934 3274 loco
1962 3223 2007 3279 C.
2040 3215 2341 3279 secundum
2392 3213 2635 3268 divinam
2702 3211 3053 3267 traditionem
3099 3211 3205 3266 hoc
3256 3209 3373 3266 ﬁeri
3436 3209 3616 3280 inquit

365 3314 544 3367 vocat,
584 3322 690 3360 non
723 3306 866 3361 illam
897 3323 1016 3377 quae
1037 3309 1152 3364 sola
1175 3318 1229 3363 et
1260 3310 1576 3381 principalis
1599 3322 1702 3378 est,
1733 3319 1789 3367 et
1812 3312 1931 3366 sine

366 3403 473 3464 qua
500 3397 686 3465 perﬁci
728 3398 1051 3468 mysterium
1100 3414 1209 3454 non
1262 3409 1470 3469 posset,
1504 3402 1600 3456 sed
1644 3416 1764 3458 eam
1812 3419 1933 3473 qua

372 3489 553 3542 notior
580 3497 663 3542 est
688 3505 751 3543 ac
790 3490 1135 3545 manifestior
1168 3492 1531 3557 multitudini,
1590 3509 1821 3565 qumque
1865 3495 1933 3551 ad

366 3580 598 3649 primam
628 3581 774 3635 illam
801 3592 966 3651 atque
1018 3583 1345 3651 praecipuam
1369 3599 1490 3654 quae
1534 3586 1593 3639 fit
1619 3586 1799 3641 verbis
1833 3585 1937 3641 Do-

367 3673 521 3738 mini,
559 3674 815 3741 refertur,
839 3689 1001 3743 quam
1030 3675 1220 3729 eodem
1248 3675 1508 3745 temporis
1534 3687 1831 3743 momento,
1861 3689 1937 3741 et,

369 3750 426 3822 u‘t
451 3783 614 3837 supra
640 3767 898 3828 diximus,
953 3767 1142 3821 eodem
1171 3783 1339 3833 nunc,
1384 3784 1508 3823 cum
1550 3770 1731 3825 verbis
1760 3771 1940 3825 Domi-

368 3859 508 3913 uicis
540 3857 1155 3927 protulissetsacerdos,
1188 3860 1231 3917 si
1270 3859 1321 3913 id
1355 3871 1552 3915 natura
1582 3876 1763 3917 rerum
1793 3862 1936 3917 ferre

368 3955 654 4026 potuisset.
688 3955 804 4008 lloc
826 3962 1008 4009 autem
1037 3968 1105 4008 ex
1148 3969 1213 4009 eo
1258 3971 1474 4025 quoque
1497 3957 1555 4011 ﬁt
1576 3958 1935 4021 manifestius.

367 4048 513 4119 quod
532 4046 694 4101 etiam
713 4056 838 4101 ante
866 4046 980 4101 haec
997 4045 1161 4101 verba
1180 4047 1474 4116 perfectura
1495 4048 1605 4117 jam
1630 4063 1943 4105 sacrameuo

369 4154 484 4196 tum
513 4156 713 4211 ponere
735 4140 971 4203 videtur,
989 4154 1112 4199 cum
1129 4141 1264 4195 dicit
1291 4140 1437 4209 quod
1452 4141 1760 4207 hierarcha,
1786 4157 1939 4197 accc.

367 4233 503 4287 deus
548 4232 612 4285 ad
651 4247 865 4286 sacrum
937 4232 1128 4296 altare,
1198 4232 1381 4287 laudat
1423 4232 1709 4301 praedictas
1760 4249 1941 4289 sacras

369 4325 739 4393 operationes,
767 4333 821 4378 et
876 4323 947 4376 ita
978 4335 1263 4378 consecrat
1292 4323 1651 4387 divinissima,
1685 4334 1741 4378 et
1768 4326 1942 4379 mani-

371 4425 532 4473 restat
561 4419 805 4474 laudata.
843 4417 1188 4473 Manifestare
1248 4428 1431 4473 autem
1488 4418 1727 4487 laudata,
1790 4422 1940 4489 juxta

368 4510 697 4579 expositoris
747 4511 1072 4566 sententiam
1138 4512 1230 4580 qui
1261 4509 1364 4565 fuit
1391 4511 1474 4567 vir
1500 4512 1942 4582 sapientissimus

368 4603 656 4663 Maximus,
687 4611 770 4657 est
792 4603 935 4658 clara
954 4602 1133 4659 facere
1154 4619 1273 4672 qua:
1298 4605 1517 4659 laudata
1540 4616 1688 4669 sunt,
1708 4606 1811 4660 hoc
1840 4615 1944 4668 est,

370 4695 555 4748 divina
604 4710 767 4764 opera
801 4695 1027 4761 Christi,
1068 4712 1188 4766 quae
1216 4698 1559 4751 enumeravit
1607 4697 1745 4752 facta
1774 4713 1803 4751 a
1831 4697 1948 4752 Sal-

372 4797 562 4841 vatore
593 4797 783 4842 nostro
800 4788 852 4842 in
884 4789 1259 4844 remissionem
1277 4797 1619 4857 peccatorum
1637 4800 1690 4845 et
1709 4789 1764 4844 in
1782 4790 1945 4843 vitam

371 4889 662 4934 aeternam.
687 4880 809 4934 Haec
836 4881 998 4935 verba
1018 4890 1147 4935 sunt
1170 4881 1410 4943 Maximi,
1439 4881 1548 4935 imo
1564 4880 1728 4937 etiam
1752 4881 1948 4952 Diony-

372 4973 461 5027 sii.
498 4973 713 5026 Nemini
747 4984 930 5027 autem
963 4972 1191 5027 dubium
1226 4984 1330 5036 est,
1364 4973 1944 5028 commemorationem

374 5063 684 5117 divinorum
719 5063 1107 5117 beneﬁciorum
1138 5062 1254 5116 ﬁeri
1290 5072 1414 5117 ante
1454 5062 1619 5117 verba
1641 5061 1946 5116 Dominica.

374 5153 507 5218 Quae
529 5168 662 5208 vero
696 5154 785 5208 illa
818 5153 946 5217 sint,
966 5153 1082 5223 ipse
1112 5156 1305 5207 doctor
1338 5162 1645 5211 enumerat.
1672 5149 1951 5217 Quamob-

376 5259 492 5298 rem
518 5251 576 5297 et
637 5252 764 5298 ante
802 5242 969 5297 verba
1000 5242 1213 5296 Domini
1265 5241 1431 5297 fuisse
1465 5241 1582 5297 haec
1611 5238 1950 5296 manifestis-

379 5338 517 5391 sime
556 5337 753 5390 doccre
786 5336 1063 5390 videntur.
1097 5333 1252 5399 Quod
1321 5346 1503 5389 autem
1565 5334 1619 5387 in
1674 5332 1955 5387 remissio-

378 5443 502 5481 nem
555 5436 906 5497 peccatorum
935 5438 990 5479 et
1018 5425 1185 5479 vitam
1215 5435 1475 5480 aeternam
1511 5426 1625 5492 ipsa
1650 5437 1818 5492 opera
1850 5421 1955 5476 du-

377 5527 525 5581 cant,
555 5531 679 5570 mox
706 5530 802 5586 per
836 5516 995 5568 verba
1022 5516 1303 5570 Doluinica
1359 5515 1631 5584 sequitur,
1668 5516 1778 5568 imo
1827 5528 1955 5567 vero

380 5608 525 5662 inter
556 5607 671 5677 ipsa
707 5605 919 5660 Domini
954 5607 1117 5661 verba
1148 5608 1481 5661 continetur.
1526 5605 1635 5660 Hoc
1674 5605 1820 5660 enim
1855 5613 1953 5669 est,

379 5695 582 5763 inquit,
614 5711 799 5762 corpus
826 5711 1021 5760 meum,
1043 5696 1182 5764 quod
1210 5713 1304 5765 pro
1332 5696 1471 5751 vobis
1495 5696 1763 5765 frangitur
1794 5696 1847 5749 in
1877 5709 1959 5747 re-

384 5785 687 5838 missionem
716 5794 1047 5853 peccatorum
1076 5804 1093 5849 ;
1126 5795 1201 5846 et.
1258 5788 1358 5843 llic
1388 5798 1460 5842 est
1512 5792 1733 5860 sanguis
1793 5806 1958 5851 meus,

389 5874 481 5945 qui
513 5889 607 5943 pro
665 5874 804 5927 vobis
836 5883 883 5926 et
917 5876 1094 5929 multis
1147 5879 1439 5946 eﬂ'uudetur
1494 5881 1549 5934 in
1590 5882 1953 5936 remissionem

2037 3307 2347 3379 Dionysius.
2378 3304 2626 3361 Traditio
2660 3304 2810 3360 enim
2830 3303 3035 3359 Christi
3058 3303 3177 3359 haec
3207 3303 3332 3368 fuit,
3364 3303 3614 3373 accipere

2039 3414 2260 3470 panem,
2287 3398 2491 3469 gratias
2538 3412 2725 3468 agere,
2780 3396 3133 3461 benedicere,
3183 3405 3241 3450 et
3295 3395 3463 3450 verba
3524 3394 3615 3450 illa

2041 3492 2419 3561 pronuntiare.
2479 3491 2671 3545 Nonne
2720 3488 2886 3559 igitur
2938 3489 3062 3543 luce
3108 3487 3314 3543 clarius
3363 3485 3617 3541 videmus

2038 3585 2205 3638 etiam
2240 3580 2555 3637 testimonio
2592 3579 2859 3651 Dionysii,
2895 3594 2995 3649 per
3048 3578 3214 3634 verba
3241 3577 3458 3632 Domini
3484 3593 3618 3633 con-

2042 3683 2315 3729 secratum
2354 3686 2483 3728 esse
2520 3670 2883 3726 Eucharistiaz
2938 3668 3258 3741 mysterium
3281 3667 3616 3723 benedictio-

2050 3782 2118 3820 ne
2169 3762 2549 3835 praecedente?
2580 3761 2875 3833 presertim
2900 3763 3051 3832 juxta
3079 3761 3392 3817 Graecorum
3430 3761 3613 3825 ritum,

2043 3860 2135 3927 qui
2170 3865 2289 3927 post
2321 3855 2652 3911 oblationem
2692 3869 2981 3909 munerum
3016 3853 3071 3909 in
3102 3854 3286 3920 altari,
3322 3868 3602 3923 nunquam

2043 3965 2130 4015 ea,
2151 3963 2251 4003 nec
2273 3956 2455 4012 antea,
2476 3962 2578 4002 nec
2606 3956 2730 4017 post
2750 3945 3108 4009 benedicunt.
3135 3947 3241 4000 nisi
3264 3956 3472 4001 tantum
3493 3961 3610 4001 cum

2045 4059 2102 4097 se
2129 4042 2443 4098 existimant
2468 4055 2815 4104 consecrare,
2833 4039 2989 4110 quasi
3024 4039 3462 4096 benedictionem
3485 4053 3615 4093 con-

2047 4132 2341 4189 secrationi
2382 4130 2752 4186 necessariam
2778 4130 3179 4187 existimantes.
3213 4131 3443 4201 Propter
3471 4126 3611 4200 quod

2047 4236 2103 4279 et
2142 4226 2285 4280 hanc
2322 4222 2787 4288 benedictionem,
2841 4238 3007 4292 quam
3045 4222 3337 4293 Dionysius
3364 4232 3423 4277 et
3451 4221 3615 4275 Maxi-

2050 4334 2173 4373 mus
2197 4324 2324 4372 ante
2350 4315 2514 4371 verba
2539 4315 2754 4370 Domini
2788 4314 3089 4373 faciendam
3113 4324 3361 4380 censent,
3389 4322 3615 4384 prseter-

2051 4408 2279 4460 mittunt
2312 4407 2510 4471 nostri,
2566 4422 2673 4460 non
2705 4415 2851 4461 recte
2879 4406 3103 4476 quidem
3151 4364 3435 4461 facientes.
3463 4401 3615 4470 Quod
3642 4364 3653 4467 ξ

2053 4500 2096 4553 si
2138 4509 2268 4552 tunc
2290 4496 2618 4553 benedicere
2644 4498 2823 4560 decet,
2860 4506 2917 4551 ut
2974 4497 3028 4552 hi
3077 4497 3332 4552 doctores
3360 4499 3618 4557 sentiant.

2053 4593 2163 4643 imo
2205 4603 2335 4642 vero
2370 4595 2429 4640 ut
2470 4586 2734 4642 Dominus
2770 4587 3013 4653 tradidit,
3041 4587 3230 4656 procul
3261 4587 3431 4643 dubio
3494 4596 3618 4641 tunc

2052 4680 2278 4751 prolatis
2309 4678 2519 4736 Domiui
2551 4679 2731 4734 verbis
2753 4678 3087 4735 credendum
3104 4689 3187 4735 est
3205 4680 3321 4736 ﬁeri
3338 4693 3622 4735 consecra-

2054 4775 2282 4831 tionem.
2319 4773 2520 4829 Subdit
2577 4771 2775 4827 deinde
2804 4772 3118 4843 Dionysius,
3151 4774 3297 4843 quod
3344 4773 3626 4843 postulans

2052 4866 2365 4929 hierarcha,
2420 4874 2482 4919 ut
2512 4863 2710 4934 dignus
2733 4863 2826 4919 ﬁat
2853 4864 2955 4919 hac
3007 4866 3445 4928 consecratione,
3468 4876 3524 4919 et
3554 4863 3621 4919 ad

2052 4956 2474 5011 similitudinem
2505 4954 2716 5011 Christi
2748 4954 2864 5009 haec
2890 4954 3076 5009 divina
3099 4955 3367 5023 perﬁciat,
3406 4965 3461 5010 et
3479 4962 3626 5010 caste

2053 5048 2372 5115 distribuat,
2402 5048 2959 5118 participaturosque,
3005 5058 3171 5118 prout
3201 5061 3390 5101 sacros
3445 5045 3622 5109 decet,

2044 5140 2370 5210 participat,
2408 5146 2695 5193 consecrat
2730 5137 3095 5195 divinissima.
3126 5137 3200 5191 Ex
3228 5137 3432 5206 quibus
3460 5136 3628 5191 mani-

2057 5233 2353 5288 festissime
2383 5241 2634 5301 apparet,
2664 5230 2815 5300 quod
2853 5230 2965 5285 hzrc
3010 5229 3173 5284 verba
3203 5244 3516 5283 consecrare
3546 5240 3626 5283 at-

2057 5341 2165 5395 que
2204 5326 2457 5397 perﬁcere
2504 5339 2599 5395 per
2634 5323 3017 5395 synecdochen
3045 5321 3112 5377 ad
3153 5335 3218 5376 ea
3240 5336 3362 5391 qua:
3391 5336 3630 5391 sequun-

2060 5424 2149 5475 tur
2188 5420 2364 5491 accipi
2391 5418 2615 5482 debent,
2644 5417 2696 5473 id
2724 5426 2811 5473 est
2835 5417 2903 5472 ad
2954 5427 3161 5472 castam
3192 5414 3628 5471 distributionem

2059 5524 2115 5569 ct
2137 5514 2357 5583 dignam
2389 5510 2889 5583 participationem,
2921 5525 3041 5580 quae
3071 5511 3255 5566 omnia
3293 5519 3416 5579 post
3438 5522 3634 5564 conse-

2062 5605 2361 5661 crationem
2393 5602 2638 5675 mysterii
2664 5600 2877 5673 precari
2904 5614 2968 5656 ac
2986 5611 3171 5670 petere
3189 5600 3450 5655 solemus.
3478 5596 3632 5664 Quod

2064 5697 2222 5752 facile
2252 5704 2339 5751 est
2366 5694 2693 5763 intelligere,
2719 5693 2766 5749 si
2796 5691 2924 5763 quis
2958 5692 3154 5746 missas
3205 5704 3237 5743 a
3270 5689 3500 5751 Jacobo,
3536 5688 3635 5742 Ba-

2063 5789 2187 5845 silio
2211 5798 2268 5845 et
2293 5786 2683 5858 Chrysostomo
2742 5786 2916 5842 editas
2963 5785 3253 5855 diligenter
3282 5780 3633 5837 animadver-

2068 5892 2143 5937 tat
2170 5898 2182 5937 :
2216 5889 2342 5936 tunc
2371 5879 2515 5935 enim
2546 5864 2818 5950 supplices
2843 5893 3084 5944 oramus,
3115 5886 3169 5931 ut
3192 5875 3356 5946 digne
3385 5886 3633 5931 commu-
