3990 6212
435 360 535 426 527

483 560 667 613 κτίον.

411 646 553 712 Κεφ.
599 646 687 716 ιβ’.
716 650 840 713 Πῶς
887 650 978 703 τὸν
1014 653 1345 722 προεστῶτα
1393 654 1713 727 διορθωτέον
1745 675 1871 729 περι
1922 677 1974 712 τι

478 736 924 809 ὑποπτευόμενον
946 744 1302 813 ἁμαρτάνειν.
1388 770 1399 775 ί

406 828 547 895 Κεφ.
586 836 675 896 ιγ’.
720 831 972 897 Ὀποίους
1003 831 1144 888 εἶναι
1175 836 1256 889 δεῖ
1278 838 1405 901 τοὺς
1436 839 1531 892 τοῦ
1555 841 1844 909 κελλαρίου
1879 842 1972 896 καὶ

473 917 585 971 τῶν
613 919 790 973 ἄλλων
832 923 1251 994 διακονημάτων
1291 925 1391 997 τήν
1429 930 1687 998 φροντίδα
1715 932 1973 997 ἀναδεξα-

477 1018 679 1080 μένους
703 1030 717 1044 °
776 1014 1018 1081 καὶπῶς
1074 1019 1181 1074 τῶν
1220 1021 1749 1093 ἐμπεπιστευμένων
1783 1025 1968 1088 αὐτοῖς

472 1105 687 1157 σκευῶν
721 1108 1103 1178 ἐπιμελητέον.

406 1187 545 1258 Κεφ.
586 1193 666 1248 ιδ’.
705 1196 839 1265 Περὶ
863 1199 970 1251 τῶν
998 1200 1300 1256 νοσούντων
1334 1204 1581 1275 ἀδελφῶν
1621 1206 1713 1261 καὶ
1744 1208 1792 1260 εί
1830 1225 1966 1277 χρη-

475 1284 631 1338 στέον
661 1287 948 1358 ίατρείαις.

399 1374 541 1441 Κεφ.
581 1384 664 1434 ιε’.
695 1379 831 1450 Περὶ
863 1384 1181 1454 ἐνδυμάτων
1234 1390 1329 1442 καὶ
1371 1388 1677 1459 βρωμάτων
1710 1392 1964 1460 μοναχοῖς

467 1469 878 1535 προσηκόντων.
1892 1488 1911 1504 ⁶

395 1552 538 1622 κεφ·
585 1564 681 1621 ις’.
717 1561 779 1614 Εἰ
803 1565 909 1633 χρὴ
939 1567 1066 1631 τοὺς
1096 1570 1369 1640 μοναχοὶδςΔ
1397 1571 1555 1633 ίδίαις
1589 1571 1777 1641 χερσὶν
1797 1571 1961 1641 ἐργά-

500 1647 678 1719 εσθαι,
715 1656 809 1707 καὶ
834 1657 955 1711 τίνα
986 1660 1147 1729 ἔργα.
1438 1669 1443 1679 ’

396 1734 543 1807 Κεφ.
581 1741 666 1804 ιζ’.
699 1744 836 1814 Περὶ
871 1749 981 1801 τῶν
1014 1751 1091 1821 μὴ
1125 1754 1183 1806 ἐν
1214 1752 1290 1824 τῷ
1320 1754 1499 1823 καιρῷ
1539 1752 1636 1822 τῆς
1659 1753 1718 1805 ἒν
1744 1753 1807 1821 τῇ
1835 1767 1964 1822 τρα-

434 370 535 426 ειτ
1085 447 1092 454 _
1367 370 1868 435 BESSARIONIS
1910 378 1946 435 s

2050 382 2084 439 ί.
2124 378 2190 441 Ε.
2239 377 2707 442 CARDINALIS

416 468 558 537 Κεφ.
590 466 678 523 ια’.
712 466 776 523 El
807 471 934 536 τοὺς
952 471 1012 539 ἐξ
1044 470 1211 545 ἄλλης
1244 476 1414 546 μονῆς
1438 478 1855 548 ἀναχωροῦντας
1885 482 1971 535 δε-
2001 490 2048 544 Α
2152 488 2293 559 πέζῃ
2317 488 2674 556 μεταλήψεως
2703 490 3190 558 παραγενομένων.

3470 372 3477 379 ’
3536 396 3644 462 5‘28

2080 580 2220 646 Κεφ.
2255 578 2344 647 ιη’.
2380 581 2516 648 Περὶ
2540 580 2638 648 τῆς
2666 582 2723 631 ἐν
2747 583 2812 648 τῇ
2840 581 3087 652 τραπέζῃ
3119 580 3480 650 ἀναγνώσεως
3501 600 3520 620 ’
3548 585 3641 642 καὶ

2149 670 2265 732 πῶς
2296 674 2466 740 αὐτῆς
2497 671 2816 725 ἀκουστέον.

2077 761 2220 827 Κεφ.
2251 759 2336 814 ιϐ’.
2377 762 2513 830 Περὶ
2540 763 2751 830 σιωπῆς
2804 762 2901 816 οὐκ
2937 763 2993 815 ἐν
3049 762 3236 833 εὐχαῖς
3292 764 3476 832 μόνον,
3507 764 3642 818 ἀλλά

2146 852 2241 903 καὶ
2269 851 2550 920 πανταχοῦ
2586 870 2649 922 τη
2660 852 2879 922 ρητέας.

2075 942 2214 1008 Κεφ.
2248 946 2320 995 κ’.
2354 942 2474 993 Ὀτι
2509 943 2589 994 δεῖ
2621 944 2759 1010 μετά
2808 944 2903 995 τὸν
2938 944 3260 1013 προεστῶτα
3284 945 3402 998 ’καὶ
3453 945 3641 1013 ἕτερον

2143 1029 2258 1081 ἀντ’
2290 1029 2459 1083 αὐτοῦ
2483 1031 2576 1083 τὸν
2609 1031 2775 1084 αὐτοῦ
2806 1032 2972 1084 τόπον
2996 1033 3235 1102 ἐπέχειν.
3530 1104 3539 1107 γ

2073 1122 2217 1187 Κεφ.
2252 1118 2359 1174 κα’.
2403 1122 2526 1174 Τίσι
2581 1122 2689 1193 χρὴ
2719 1124 2825 1176 τῶν
2870 1124 3120 1191 ἀδελφῶν
3179 1124 3279 1187 τὰς
3327 1124 3639 1193 ἀποδημίας

2141 1209 2483 1279 ἐπιτρέπειν,
2522 1214 2616 1265 καὶ
2649 1212 2769 1274 πῶς
2803 1213 3129 1276 ἐπανιόντας
3177 1211 3375 1276 αὐτοὺς
3406 1213 3637 1280 ἀνακρί-

2142 1311 2278 1349 νειν.

2072 1388 2218 1454 Κεφ.
2256 1386 2359 1456 κβ’.
2399 1388 2535 1458 Περ)⁸
2563 1390 2658 1458 τῆς
2689 1389 2826 1457 πρὸς
2848 1390 3113 1459 ἀλλήλους
3137 1391 3366 1460 ἀγάπης
3394 1390 3502 1443 τῶν
3535 1408 3635 1459 μο-

2139 1475 2340 1543 ναχῶν,
2375 1478 2469 1529 καὶ
2520 1478 2612 1529 τοῦ
2646 1480 2720 1548 μὴ
2756 1478 2849 1531 δύο
2881 1480 2913 1550 ἢ
2961 1481 3129 1549 τριῶν
3168 1480 3414 1543 ἑταιρίας
3439 1482 3498 1534 ἐν
3538 1498 3633 1534 cru-

2141 1569 2382 1638 στήματι
2412 1570 2695 1639 ἀσκητικῷ
2738 1572 3010 1636 γίνεσθαι.

2065 1659 2207 1725 Κεφ.
2243 1662 2352 1724 κγ’.
2391 1657 2452 1709 Εἰ
2483 1660 2650 1711 πᾶσιν
2680 1658 2895 1723 ἐξέσται
2934 1665 3109 1715 ποιεῖν
3132 1663 3528 1733 ἐλεημοσύνας.

2066 1750 2208 1814 Κεφ.
2244 1746 2343 1801 κδ’.
2382 1747 2662 1818 Ἐπιτίμια
2686 1750 2794 1802 τῶν
2823 1751 3099 1821 διαφόρως
3125 1753 3572 1824 ἁμαρτανόντων.

471 1856 692 1928 Singula
736 1863 962 1932 hujusce
1005 1869 1201 1922 indicis
1252 1872 1489 1939 capitum
1538 1871 1790 1925 lemmata
1839 1868 1998 1937 plane
2030 1874 2343 1935 congruunt
2370 1865 2717 1922 lemmatibus
2746 1869 2887 1922 intra
2938 1868 3115 1936 ipsum
3148 1884 3287 1938 opus
3321 1868 3621 1938 inscriptis,

392 1955 591 2012 printer
615 1952 811 2019 capitis
844 1960 1044 2023 quarti,
1082 1960 1171 2014 ubi
1200 1976 1296 2029 pro
1326 1960 1425 2029 τῆς
1454 1961 1813 2029 ἀδελφότητος
1852 1960 1946 2012 sub

2057 1965 2209 2008 utum
2251 1955 2351 2022 τῆς
2377 1956 2486 2008 τῶν
2535 1957 2779 2026 ἀδελφῶν
2827 1958 3178 2028 συμϐουλῆςς
3208 1961 3395 2019 octavi,
3426 1960 3481 2013 in
3518 1976 3627 2029 quo

390 2048 491 2099 pro
526 2036 634 2087 τῶν
668 2039 857 2111 κόσμῳ
882 2044 1309 2114 ἀπο-ταξαμένων
1336 2046 1569 2100 habetur
1590 2045 1668 2114 τῷ
1696 2046 1907 2112 κόσμῳ,
1939 2063 1946 2094 ι

2064 2061 2078 2109 ;
2108 2044 2312 2105 decimi,
2335 2042 2424 2096 ubi
2465 2052 2587 2112 post
2622 2058 2807 2099 vocem
2838 2045 3037 2107 αίτίαις
3070 2046 3376 2115 geminatur
3394 2045 3622 2099 verbum

390 2125 604 2196 tesca;
633 2132 819 2188 decimi
852 2139 991 2191 tertii
1018 2140 1251 2209 denique
1290 2142 1506 2205 lemma,
1550 2140 1695 2211 quod
1727 2155 1835 2195 non
1866 2141 1946 2191 ἀνε

2050 2139 2315 2208 [σμένους,
2350 2138 2443 2193 sed
2472 2139 2906 2210 ἀναδεξαμένους
2938 2182 2951 2207 ,
2992 2157 3097 2203 non
3123 2141 3493 2211 φροντιστέον,
3529 2142 3622 2195 sed

390 2214 755 2285 ἐπιμελητέον
783 2223 1027 2282 exhibet.

995 2366 1374 2425 PROLOGUS.

459 2464 811 2525 Beatissimus
838 2489 1171 2546 magnusque
1196 2477 1355 2533 Pater
1383 2488 1569 2534 noster
1590 2479 1840 2541 Basilius,
1863 2496 1961 2551 pro

386 2556 648 2625 sapientia
718 2560 1012 2634 divinaque
1048 2569 1251 2623 virtute
1309 2585 1429 2634 sua,
1464 2569 1532 2624 de
1588 2573 1695 2625 vita
1730 2573 1959 2625 ascetica

390 2662 530 2715 opus
580 2652 929 2709 utilissimum
992 2673 1055 2712 ac
1111 2662 1353 2715 materias
1401 2662 1664 2717 varietate
1717 2663 1959 2733 locuples

391 2743 723 2810 composuit.
759 2744 873 2800 Viri
905 2748 1268 2806 nihilominus
1305 2752 1470 2821 aliqui
1504 2752 1666 2807 vitam
1696 2754 1959 2808 monasti-

385 2844 506 2883 cam
532 2843 805 2889 sectantes
830 2845 885 2890 et
918 2839 1034 2906 qui,
1061 2839 1117 2893 in
1148 2840 1296 2893 ltalia
1325 2840 1614 2911 Siciliaque
1636 2841 1955 2911 prtesertim,

386 2919 533 2988 leges
560 2937 624 2977 ac
672 2926 888 2994 regulas
940 2928 1088 2984 illius
1116 2932 1239 2985 vita:
1273 2932 1564 2987 observare
1593 2943 1953 3003 praasumunt,

383 3012 582 3082 linguze
633 3014 835 3071 Graecae
888 3018 1146 3088 imperiti,
1196 3023 1462 3091 siquidem
1501 3038 1567 3078 ex
1596 3024 1803 3080 Latinis
1860 3042 1954 3095 p1-

383 3109 629 3164 rentibus
691 3113 927 3181 oriundi,
968 3114 1150 3171 Grarca
1213 3117 1393 3187 legere
1456 3129 1756 3189 nequeunt,
1783 3128 1877 3174 aut
1906 3119 1948 3174 si

382 3199 572 3270 legunt
607 3202 850 3272 quidem,
876 3220 1020 3274 sepe
1069 3207 1124 3261 in
1162 3222 1345 3263 errore
1378 3221 1768 3275 versantur,,et
1814 3212 1946 3266 lecta

383 3290 565 3345 minus
617 3294 1108 3363 comprehendunt.
1170 3296 1275 3351 Alii
1307 3299 1452 3353 circa
1495 3314 1730 3354 canones
1768 3315 1831 3354 ac
1865 3316 1949 3354 rc-

382 3384 537 3452 gulas
565 3385 690 3440 vita:
723 3390 1057 3453 monasticm,
1090 3391 1392 3447 secundum
1443 3407 1580 3462 quas
1616 3407 1675 3447 se
1706 3394 1949 3448 victuros

378 3489 501 3530 esse
530 3477 924 3546 promiserunt,
958 3487 1166 3534 tantum
1209 3497 1315 3535 non
1345 3483 1630 3537 excutiant
1653 3523 1667 3546 ,
1702 3498 1803 3537 nec
1839 3498 1949 3535 ma-

376 3568 549 3633 gistro
588 3569 735 3624 illius
753 3569 924 3625 libros
944 3571 1266 3639 explanante
1292 3589 1478 3628 carere
1505 3583 1748 3642 possunt.
1768 3575 1947 3641 Quare

2639 2366 3043 2423 ΠΡΟΟΙΜΙΟΝ.

2136 2475 2243 2529 Ἰόύ
2294 2476 2671 2547 παμμάκαρος
2718 2479 2932 2548 Πατρδς
2989 2480 3146 2549 ήμῶν
3211 2479 3494 2534 Βασιλείου
3527 2480 3622 2534 τοῦ

2064 2565 2301 2634 μεγάλου
2360 2565 2438 2637 τῷ
2483 2566 2581 2634 τῆς
2624 2568 2849 2639 ἐνούσης
2904 2568 3053 2640 αὐτῷ
3098 2569 3258 2624 τοῦτο
3305 2572 3402 2640 μὲν
3428 2574 3622 2641 σοφίας

2059 2655 2218 2709 τοῦτο
2247 2656 2302 2709 δέ
2330 2658 2578 2711 θεοποιοῦ
2601 2659 2805 2729 ἀρετῆς
2832 2662 3127 2732 περιουσίᾳ
3156 2663 3475 2731 ἀσκητικῶν
3504 2662 3623 2717 διαον

2058 2745 2267 2812 τάξεων
2326 2747 2388 2799 οὐ
2447 2747 2960 2816 πολυωφελέστατον
3008 2751 3191 2820 μόνον,
3244 2752 3381 2805 ἀλλά
3406 2754 3474 2824 δὴ
3529 2756 3621 2806 καὶ

2060 2835 2418 2905 πολύστοιχον
2470 2838 2547 2901 ὡς
2598 2839 2660 2890 τὸ
2690 2839 2838 2901 είκὸς
2876 2840 3343 2911 συγγραψαμένου
3396 2842 3617 2912 βιϐλίον⁹

2056 2927 2199 2988 τινες
2221 2929 2329 2979 τῶν
2356 2930 2445 2981 τὸν
2473 2914 2759 2998 μοναδικὸν
2802 2932 2915 2999 βίον
2948 2934 3365 3003 ἀνειλημμένων
3389 2938 3482 2987 καὶ
3516 2937 3617 3004 μά-

2055 3016 2208 3068 λιστα
2239 3017 2345 3069 τῶν
2370 3019 2426 3069 ἐν
2468 3019 2671 3090 Ἰταλίᾳ
2723 3022 2871 3091 πάσῃ
2909 3024 3002 3075 καὶ
3056 3022 3276 3091 Σικελίᾳ
3304 3026 3415 3085 τοῖς
3446 3026 3617 3092 ἀσκη-

2054 3112 2227 3171 τικοῖς
2252 3109 2419 3164 αὐτοῦ
2454 3110 2641 3181 νόμοις
2666 3128 2726 3164 τε
2757 3114 2849 3166 καὶ
2874 3114 3094 3167 κανόσιν
3136 3114 3451 3168 ἀκολουθεῖν
3485 3116 3616 3184 ᾑρη-

2056 3198 2237 3266 μένων
2270 3202 2335 3270 τῇ
2394 3200 2491 3268 τῆς
2535 3200 2862 3271 Ἑλληνικῆς
2906 3201 3152 3275 γλώττης
3173 3205 3368 3274 ἀγνοίᾳ
3395 3206 3614 3257 Λατῖνοι

2052 3287 2232 3341 αὐτῶν
2262 3288 2414 3352 ὄντες
2441 3292 2489 3343 of
2515 3290 2736 3355 πλείους
2756 3293 2851 3344 καὶ
2871 3293 3062 3357 παῖδες
3084 3294 3332 3348 Λατίνων
3364 3296 3439 3364 μὴ
3463 3294 3615 3348 δυνά-

2054 3395 2203 3448 μενοι
2235 3381 2283 3431 οἱ
2333 3381 2432 3449 μὲν
2484 3378 2620 3450 μηδ’
2662 3382 3059 3451 ἀναγινώσκειν
3095 3383 3421 3454 Ἑλληνικῶς
3457 3386 3610 3447 ὅλως.

2049 3469 2101 3520 οί
2156 3469 2199 3521 δ’
2263 3470 2734 3538 ἀναγινώσκοντες
2792 3474 2892 3544 μὲν
2954 3477 3333 3544 ἐπταισμένως
3367 3476 3421 3529 δέ
3456 3493 3518 3544 γε
3548 3477 3611 3528 τὰ

2050 3560 2224 3613 πλείω
2253 3565 2346 3617 καὶ
2372 3562 2479 3614 τῶν
2504 3565 3038 3637 ἀναγινωσκομένων
3071 3567 3342 3630 συνιόντες
3360 3567 3605 3629 οὐδόλως·

379 3659 557 3713 visum
588 3670 677 3715 est
706 3660 841 3715 mihi
867 3660 976 3716 divi
1008 3660 1180 3718 Patris
1209 3666 1378 3719 nostri
1412 3665 1635 3728 librum,
1657 3682 1819 3736 quem
1844 3666 1942 3731 illi,

2052 3653 2100 3749 οί
2127 3651 2182 3704 δὲ
2214 3655 2261 3705 εί
2298 3654 2391 3706 καὶ
2426 3656 2647 3708 συνιᾶσι
2707 3657 2903 3726 μικρόν
2957 3674 3008 3710 τι
3038 3658 3185 3726 ὅμως
3235 3659 3327 3710 καὶ
3371 3658 3608 3726 ἀμυδρὸν

377 3765 519 3818 quos
566 3750 702 3814 dixi,
765 3753 835 3807 ob
885 3756 1229 3809 materiarum
1269 3757 1578 3811 vastitatem
1637 3768 1692 3811 et
1746 3758 1945 3826 lingua:

2051 3728 2260 3814 βραχέα
2309 3745 2417 3798 τῶν
2479 3748 2721 3799 κανόνων
2774 3749 2868 3801 καὶ
2923 3747 3217 3814 διατάξεων
3277 3747 3476 3816 ὑφόἷς
3512 3749 3609 3817 ζῇν

378 3841 741 3923 ignorantiam
762 3852 981 3911 gustare
1013 3859 1122 3898 non
1157 3845 1355 3911 valent,
1385 3848 1632 3903 breviter
1647 3863 1941 3918 exponere.

376 3944 437 3985 ut
488 3932 615 3987 inde
663 3934 866 4003 eligant
898 3934 1043 4004 quod
1104 3936 1157 3989 in
1205 3938 1578 4007 quotidianum
1640 3955 1798 3994 usutu
1833 3955 1946 3994 mo-

375 4026 583 4079 nastice
605 4025 915 4081 viventibus
940 4026 1069 4081 utile
1094 4038 1149 4084 et
1182 4030 1526 4086 commodum
1576 4046 1695 4086 esse
1741 4041 1940 4101 potest.

375 4117 442 4172 Et
470 4118 690 4187 quidem
726 4120 857 4174 istas
916 4121 1153 4190 regulas,
1189 4128 1460 4189 quatenus
1510 4123 1786 4176 communi
1821 4123 1939 4176 usui

376 4210 732 4281 respondent,
762 4228 1056 4282 exponam,
1094 4228 1160 4268 ex
1188 4228 1419 4282 quarum
1444 4212 1791 4268 observantia
1822 4230 1938 4269 mo-

376 4304 537 4357 nachi
567 4305 954 4374 perfectionem
976 4306 1267 4376 attingere
1300 4313 1578 4376 poterunt.
1622 4305 1757 4360 Cum
1792 4307 1937 4360 enim

370 4410 509 4463 opus
538 4410 716 4449 meum
749 4397 804 4450 in
835 4398 1219 4466 compendium
1273 4396 1553 4451 redactum
1581 4397 1708 4460 erit,
1760 4396 1797 4450 ii
1844 4398 1936 4466 qui

373 4491 472 4542 hac
505 4489 773 4545 brevitate
811 4490 1152 4544 delectantur
1177 4529 1192 4555 ,
1227 4504 1363 4557 opus
1398 4489 1571 4561 majus
1599 4504 1818 4559 quoque
1845 4504 1939 4545 co-

367 4595 634 4652 gnoscere
684 4580 889 4644 volent,
935 4590 990 4635 et
1040 4582 1133 4650 qui
1186 4581 1427 4635 nondum
1484 4581 1783 4650 intelligere
1822 4595 1937 4634 rem

371 4681 622 4739 possunt,
673 4672 857 4727 studio
909 4673 1157 4727 adhibito
1238 4672 1395 4726 facile
1448 4672 1936 4742 comprehendent.

374 4765 597 4834 Regulae
668 4765 815 4818 enim
882 4764 1046 4821 nudis
1103 4765 1279 4819 sancti
1312 4765 1552 4820 doctoris
1590 4764 1774 4819 verbis
1827 4774 1935 4819 tra-

364 4860 585 4922 dentur,
623 4866 678 4912 et
705 4857 904 4926 ubique
962 4855 1321 4920 indicabitur,
1356 4870 1466 4925 quo
1496 4856 1673 4926 capite
1714 4867 1807 4910 aut
1845 4870 1933 4909 se-

365 4949 549 5002 ctione
614 4963 954 5016 unaquazque
990 4946 1287 5015 desumpta
1322 4956 1425 5010 est,
1469 4946 1541 5000 ita
1591 4946 1761 5013 utqui
1793 4949 1935 5000 volet

2049 3837 2447 3904 ἐπηγγείλαντο
2482 3840 2577 3892 καὶ
2599 3832 2675 3893 ὧν
2730 3841 2860 3911 περὶ
2895 3842 3190 3911 μοναδικῆς
3224 3844 3607 3904 καταστάσεως

2046 3930 2073 3978 ό
2103 3928 2423 3993 διδάσκαλος
2456 3932 2676 4001 είρηκεν
2706 3933 2832 3985 ὅσον
2858 3933 2921 3985 ἐκ
2955 3950 3016 4000 γε
3065 3933 3163 4003 τῆς
3197 3933 3304 3986 τῶν
3328 3935 3494 3986 αὐτοῦ
3531 3935 3608 4003 βι-

2047 4018 2212 4071 ϐλίων
2251 4021 2614 4086 ἀναγνώσεως
2658 4025 2857 4079 οἴδασι.
2911 4027 2993 4076 Δι’
3029 4025 3055 4078 ὃ
3090 4024 3232 4090 ἔδοξέ
3267 4042 3356 4094 μοι
3383 4025 3479 4095 τὴν
3512 4027 3601 4077 τοῦ

2047 4116 2194 4169 θείου
2228 4116 2445 4187 Πατρδς
2479 4119 2637 4187 ἡμῶν
2670 4117 2849 4185 βίϐλον
2888 4118 3150 4172 διελθόντι
3183 4122 3247 4190 ἢν
3280 4119 3491 4172 ἐπιέναι
3523 4121 3606 4174 διά

2043 4226 2103 4260 τε
2139 4208 2199 4261 τὸ
2235 4210 2369 4261 πολὺ
2404 4210 2576 4279 μῆκος
2602 4208 2691 4261 διὰ
2722 4228 2780 4262 τε
2810 4209 2908 4278 τὴν
2938 4210 3038 4278 τῆς
3092 4210 3337 4279 γλώττης
3359 4211 3601 4279 ἄγνοιαν,

2042 4297 2117 4359 ὼς
2156 4298 2396 4369 εἴρηται,
2433 4300 2491 4351 οὐ
2529 4300 2784 4352 δύνανται
2813 4300 3025 4353 ἐκεῖθεν
3059 4302 3386 4367 ἐκλέξασθαι
3433 4303 3469 4356 ἃ
3507 4302 3603 4371 μά-

2041 4390 2199 4443 λιστα
2236 4392 2377 4461 πρὸς
2403 4393 2496 4445 τὸν
2556 4394 2680 4445 καθ’
2716 4394 2935 4463 ἡμέραν
2959 4394 3074 4465 βίον
3100 4397 3209 4457 τοῖς
3241 4399 3298 4447 ἐν
3352 4394 3600 4462 κοινοείῳ

2041 4483 2176 4548 ζῶσι
2199 4483 2499 4537 λυσιτελεῖν
2523 4502 2579 4537 τε
2603 4485 2695 4537 καὶ
2714 4485 2945 4554 ὠφελεῖν
2966 4489 3346 4551 πεπίστευται,
3373 4489 3595 4540 κάκεῖνα

2038 4574 2128 4628 διά
2160 4575 2407 4645 βραχέων
2445 4575 2675 4629 ἐνταῦθα
2725 4578 3001 4631 ἐκθεῖναι·
3054 4579 3159 4631 ὑπό
3210 4595 3363 4639 τινας
3417 4577 3601 4631 ὑποθέ-

2043 4683 2157 4730 σεις
2189 4669 2263 4731 ὼς
2303 4668 2509 4738 ἑκάστῃ
2551 4667 2660 4721 τῶν
2693 4670 2944 4739 χρήσεων
2990 4670 3221 4740 ἁρμόζει
3256 4670 3598 4738 ἀναγαγόντα

2039 4759 2233 4823 αὑτὰς,
2270 4760 2326 4812 αἳ
2361 4759 2601 4826 μάλιστα
2633 4759 2960 4829 τηρηθεῖσαι
2987 4761 3193 4813 τέλειον
3229 4761 3295 4813 ἂν
3322 4762 3414 4815 τὸν
3442 4777 3599 4830 μονα·

2040 4849 2134 4922 χδν
2166 4850 2595 4918 ἀπεργάσαιντο.
2645 4851 2743 4904 Διά
2778 4850 2886 4920 γὰρ
2939 4850 3035 4920 τὴν
3067 4850 3384 4921 βραχύτητα
3414 4854 3508 4905 καὶ
3553 4853 3600 4904 ot

2035 4944 2229 5013 pzprv
2283 4942 2458 5013 βριχῦ
2528 4942 2801 5003 συνιέντες
2888 4946 3314 5013 ἐπιμελήσονται
3376 4945 3436 4998 τὸ
3490 4946 3597 4998 πᾶν

366 5040 433 5093 ad
466 5040 670 5093 fontem
713 5053 998 5091 recurrere
1027 5039 1168 5106 potis
1198 5032 1621 5101 sitvidereﬁros
1654 5052 1721 5091 ne
1748 5040 1934 5092 tantil-

2050 5036 2287 5088 συνιέναι
2316 5050 2329 5065 ·
2370 5036 2464 5087 καὶ
2510 5034 2561 5087 oi
2595 5036 2760 5104 μήπω
2812 5026 3051 5089 οὐνεῖναι
3081 5037 3373 5105 δυνάμενοι
3405 5037 3598 5107 ῥᾳδίως

364 5132 478 5183 lum
516 5130 737 5199 quidem
789 5129 858 5184 de
902 5138 1089 5182 nostro
1127 5128 1413 5198 adjecisse,
1456 5127 1549 5181 sed
1596 5142 1935 5197 qurecunque

364 5223 581 5285 damus,
605 5220 777 5275 sancti
816 5220 1060 5274 doctoris
1108 5219 1279 5288 ipsius
1314 5220 1479 5272 verba
1523 5233 1662 5273 esse.
1713 5217 1818 5273 Sed
1855 5218 1932 5271 la-

366 5313 492 5368 tiori
524 5326 745 5381 quoque
800 5325 963 5365 sensu
1004 5309 1267 5363 dictorum
1302 5308 1407 5361 vim
1455 5322 1519 5362 ac
1557 5324 1751 5363 causas
1786 5324 1933 5379 coni-

364 5404 529 5471 piecti
553 5406 675 5472 quis
706 5402 926 5480 poterit,
958 5402 1003 5456 si
1032 5401 1205 5456 lubet.
1226 5399 1417 5470 igitur,
1450 5399 1661 5463 fratres,
1690 5398 1930 5451 animum

368 5494 434 5546 ad
469 5494 653 5548 divina
680 5494 800 5564 ejus
836 5494 1002 5548 verba
1053 5491 1434 5553 attendamus;
1463 5505 1650 5544 aurem
1678 5490 1790 5543 oris
1818 5490 1935 5557 ejus

369 5586 599 5641 vocibus
626 5588 985 5655 praebeamus.
1031 5585 1196 5640 Labia
1244 5585 1392 5639 enim
1443 5584 1564 5649 ejus
1612 5581 1932 5650 sapientiam

367 5676 619 5736 fundent.
658 5686 712 5730 et
750 5692 845 5730 cor
876 5677 996 5745 ejus
1050 5676 1397 5745 prudentiam
1428 5673 1705 5744 proferet;
1759 5680 1814 5726 et.
1842 5670 1935 5726 ubi

373 5767 521 5820 omni
557 5767 736 5821 studio
776 5770 1165 5832 audiverimus,
1196 5778 1464 5838 praecepta
1494 5769 1614 5836 ejus
1642 5764 1937 5819 observare

2044 5126 2452 5186 σπουδάσαντες
2508 5126 2721 5177 ἔσονται
2761 5141 2775 5156 ⁶
2826 5127 3127 5179 ἐντίθενται
3177 5127 3232 5178 δὲ
3288 5129 3341 5179 αἱ
3376 5128 3600 5196 χρήσεις

2039 5218 2222 5279 αὐτοῖς
2245 5219 2471 5283 γυμνοῖς
2506 5219 2614 5280 τοῖς
2638 5218 2961 5270 διδασκάλου
2995 5221 3235 5289 ῥήμασιν
3260 5235 3276 5250 ο
3303 5222 3361 5271 ἐν
3395 5220 3595 5288 ἑκάστῃ

2054 5308 2111 5361 δι
2139 5310 2234 5361 καὶ
2264 5308 2386 5361 ὅθεν
2418 5308 2513 5360 καὶ
2533 5309 2639 5361 ἀπὸ
2665 5308 2817 5362 ποίου
2847 5326 2903 5363 τε
2945 5311 3236 5378 κεφαλαίου
3295 5313 3391 5364 καὶ
3440 5311 3595 5377 λόγου

2039 5398 2291 5468 εἴληπται
2325 5399 2734 5469 σεσημείωταιο
2776 5401 2862 5454 ἴνα
2899 5403 3003 5465 πᾶς
3040 5419 3121 5464 τις
3155 5404 3333 5455 ἐκεῖσε
3362 5404 3595 5471 ἀναδρα-

2039 5489 2174 5559 μὼν,
2199 5489 2313 5560 γνῷ
2346 5491 2513 5561 μηδὲν
2536 5491 2684 5559 ἡμᾶς
2711 5490 2845 5561 μηδὲ
2876 5490 2955 5543 τὸ¹
2967 5491 3304 5561 βραχύτατον
3331 5494 3597 5562 ἡμέτερον

2036 5583 2345 5651 είρηκέναι,
2382 5582 2521 5635 ἀλλά
2559 5582 2738 5635 πάντα
2758 5577 2896 5635 εἶναι
2931 5584 3025 5635 τοῦ
3052 5584 3266 5653 Πατρός
3299 5600 3357 5635 τε
3392 5584 3483 5635 καὶ
3521 5581 3596 5633 δι-

2036 5674 2308 5730 δασκάλου
2332 5675 2545 5741 φωνάς·
2583 5675 2641 5725 οὐ
2677 5673 2781 5743 μὴν
2809 5674 2945 5727 ἀλλὰ
2980 5677 3071 5727 καὶ
3107 5675 3435 5738 πλατύτερον
3460 5676 3599 5725 ἐκεῖ·

2038 5767 2128 5819 θεν
2169 5763 2294 5825 τοὺς
2354 5763 2602 5816 ἑκάστων
2663 5762 2770 5814 τῶν
2822 5764 3125 5833 λεγομένων
3184 5764 3373 5831 λόγονς
3422 5780 3478 5816 τε
3509 5760 3599 5814 καὶ
