3990 6212
367 344 467 408 5.31
1098 326 1101 331 “
1310 351 1819 417 ΒΕΞΞΑΠΙΟΝΙΞ
1857 359 1920 419 s.

2080 361 2155 424 Ε.
2188 362 2652 426 CARDINALIS
3517 370 3630 435 532

364 471 582 524 pmnam
632 474 718 513 xv:
765 459 834 514 ab
882 460 967 515 bis
1007 461 1209 525 verbis,
1279 464 1343 515 Εῐ
1379 481 1465 527 τις
1492 467 1587 535 τῆς
1642 468 1940 539 ὑπηρεσίας

2048 488 2273 543 ικαιρως
2324 476 2697 543 incipientem,
2725 486 2781 532 et
2820 493 2910 543 ex,
2952 477 3113 548 cuius
3139 478 3357 535 initium
3410 481 3479 533 Ei
3538 499 3624 547 τις

365 543 676 632 ἐκδικήσεω
708 556 892 601 contr:
927 564 1075 606 vero.
1102 563 1222 616 quae
1261 550 1402 616 apud
1434 551 1764 609 Garuerinm
1804 564 1888 610 est
1920 572 2046 621 Lvn,
2073 567 2128 613 et
2173 560 2363 630 incipit
2396 562 2459 614 Et
2508 580 2592 626 τις
2639 543 3045 632 τετυπωμένον,
3075 566 3129 619 in
3190 576 3378 621 nostro
3408 543 3628 624 deside;

365 630 499 685 rari.
552 630 795 701 Denique
825 636 996 687 sancti
1034 635 1227 688 Basilii
1259 637 1702 694 Constitutionum
1745 645 2091 698 asceticarum
2139 645 2517 717 Compendium
2546 666 2577 702 a
2622 630 2887 704 cardinali
2920 650 3239 705 Bessarione
3280 653 3622 716 confectum.

362 726 420 802 et
458 731 487 768 a
523 718 761 783 nemine,
790 720 933 787 quod
977 722 1168 783 sciam,
1208 724 1310 777 nisi
1347 724 1414 778 ab
1449 726 1694 796 Hispano
1721 729 1998 784 cmuobita
2039 734 2204 801 supra
2236 732 2459 786 laudato
2507 746 2895 802 memoratum,
2929 738 3170 791 nondum
3199 738 3409 799 Griece,
3440 754 3503 793 ac
3544 756 3623 797 ne

366 801 571 893 Latine
594 805 837 872 quidem,
877 808 957 861 vel
992 809 1196 872 ltalice,
1233 811 1361 864 licet
1410 810 1647 881 Hispane
1693 815 1914 881 saepius,
1976 818 2244 883 prodiisse
2303 820 2582 887 arbitror;
2648 836 2827 892 neque
2860 801 3026 877 etiam
3083 823 3241 893 cujus
3272 823 3625 880 bibliotheca:

366 890 607 944 tenebris
637 893 901 949 alterutro
931 897 1022 950 illo
1060 914 1319 952 sermone
1348 898 1687 970 descriptum
1718 904 1902 969 lateat,
1940 903 2103 959 nobis
2140 904 2324 959 adhuc
2364 914 2534 975 patet.

541 1226 982 1449 ΤΟΥ
1067 1225 2440 1405 ΣΟΦΩΤΑΤΟΥ
2512 1238 3455 1409 ΝΙΚΑΙΑΣ

1815 1508 2188 1594 ΛΟΓΟΣ

515 1684 607 1738 ΕΝ
642 1682 683 1755 ῼ
719 1684 1096 1737 ΕΓΚΩΜΙΟΙΣ
1136 1684 1444 1737 ΕΤΙΜΗΣΕ
1476 1683 1619 1736 ΤΗΝ
1660 1683 1985 1737 ΣΥΝΟΔΟΝ
2024 1685 2148 1737 ΚΑΙ
2189 1683 2597 1740 ΕΜΔΚΔΡΙΣΕ
2637 1683 2817 1738 ΤΟΥΣ
2854 1685 3219 1742 ΕΞΔΡΧΟΥΣ
3248 1687 3477 1741 ΔΥΊἩΣ

1669 1778 1848 1832 ΟΣΟΝ
1887 1777 1975 1832 ΤΟ
2013 1779 2304 1836 ΙΚΔΝΟΝ.

366 1040 563 1052 _

1644 1051 3612 1085 Ἢ

1273 1070 1636 1083 ——_-———__..._

614 2105 1593 2279 SAPIENTISSIMI
1719 1970 2759 2273 inclitarum!
2882 2105 3365 2277 NlC/ENI

1761 2394 2208 2488 CONCIO

362 2588 441 2650 IN
470 2586 629 2662 QUA
668 2582 1055 2648 SYNODUM
1093 2580 1175 2661 (1)
1212 2579 1603 2643 LAUDIBUS
1636 2579 1909 2644 OllNAT
1953 2577 2050 2637 ET
2081 2577 2264 2639 EJUS
2301 2578 2736 2650 PBESIDES.
2761 2579 3153 2653 QUANTUM
3184 2579 3385 2643 OPUS
3408 2575 3624 2649 FUIT,

1538 2678 2007 2743 HONOBIBUS
2049 2679 2207 2741 CUM
2218 2679 2452 2743 ULA'I‘.

1308 2830 1450 2895 (Acta
1477 2841 1614 2879 conc.
1656 2828 1878 2879 Floreat.
1900 2838 1978 2887 ap.
2007 2824 2160 2877 Labb.
2191 2824 2373 2878 Concit.
2401 2826 2528 2889 XIII,
2552 2828 2654 2891 55.)

438 3134 754 3205 Magnarum
812 3149 994 3189 rerum
1062 3148 1171 3188 non
1229 3131 1393 3187 modo
1453 3130 1656 3193 exitus.
1690 3143 1816 3185 cum
1845 3134 2014 3199 proA

2119 3126 2241 3179 Τῶν
2266 3124 2518 3194 μεγάλων
2548 3124 2893 3196 πραγμάτων
2916 3126 2980 3181 οὗ
3006 3128 3074 3183 τὰ
3098 3128 3227 3198 τέλη
3256 3127 3419 3197 μόνον
3437 3125 3632 3197 χωρή-

367 3236 496 3282 voto
547 3226 940 3288 successerint,
1007 3224 1104 3281 sed
1171 3223 1289 3295 ipsa
1338 3222 1503 3277 etiam
1553 3221 1731 3277 nihilo
1762 3220 1943 3276 secius

2054 3235 2219 3272 σαντα
2252 3218 2373 3273 κατ’
2414 3218 2641 3283 ἐλπίδας
2688 3218 3041 3289 εὐφραίνοιεν
3076 3222 3144 3276 ἂν
3172 3220 3301 3283 τοὺς
3350 3218 3630 3289 πονουμέ-

365 3316 615 3384 exordia,
644 3332 768 3372 cum
825 3315 1173 3379 advenerint,
1230 3313 1514 3369 oblectant
1537 3327 1635 3368 eos
1658 3313 1753 3383 qui
1786 3326 1941 3367 suam

2056 3327 2170 3373 νους
2218 3310 2349 3380 περὶ
2407 3310 2569 3378 αὐτὰ,
2623 3309 2944 3366 ἀλλ’κοῦδὲν
2986 3304 3149 3383 ἧττον
3196 3312 3292 3366 καὶ
3342 3312 3398 3365 αί
3451 3312 3632 3380 ἀρχαὶ

367 3413 423 3467 in
455 3426 548 3466 eas
572 3424 793 3480 operam
828 3406 1175 3479 impendunt.
1236 3405 1473 3462 Necesse
1504 3413 1592 3462 est
1619 3405 1766 3461 enim
1795 3405 1943 3475 prin-

2054 3401 2362 3456 ίπιστᾶσαι.
2408 3402 2523 3473 Τὴν
2562 3401 2672 3472 γάρ
2702 3419 2785 3456 τοι
2819 3402 2994 3474 ἀρχὴν
3017 3402 3112 3456 καὶ
3142 3403 3234 3456 ἐπὶ
3260 3403 3477 3457 πάντων
3520 3400 3630 3469 μιν

367 3504 573 3572 cipium
623 3502 858 3557 fortasse
905 3498 1129 3571 quidem
1189 3509 1247 3554 et
1276 3498 1383 3553 alia
1413 3498 1606 3567 quavis
1634 3498 1693 3552 in
1721 3512 1782 3552 re
1808 3497 1943 3551 mul-

2056 3497 2177 3560 ἴσως
2205 3496 2316 3550 τῶν
2348 3496 2529 3552 ἄλλων
2558 3496 2693 3551 πολύ
2722 3514 2777 3551 τι
2815 3497 3082 3551 δύνασθαι
3106 3498 3431 3563 ἀναγκαῖον,
3460 3495 3632 3565 εἰπερ

369 3605 482 3649 tum
512 3595 719 3656 valere,
747 3592 970 3665 quando
998 3609 1027 3647 a
1060 3592 1278 3647 cunctis
1324 3592 1695 3647 communiter
1719 3591 1944 3660 sapien-

2055 3591 2217 3659 ἥμισυ
2260 3590 2359 3645 τοῦ
2414 3592 2618 3653 παντὸς
2656 3590 2766 3645 ὑπὸ
2810 3592 3032 3645 πάντων
3076 3593 3231 3661 κοινῇ
3281 3589 3392 3644 τῶν
3435 3586 3631 3656 σοφῶν

370 3688 516 3741 tibus
567 3686 736 3741 totius
792 3684 1083 3739 dimidium
1135 3682 1824 3754 appellatur,faciliusque
1855 3690 1946 3737 est

2057 3681 2342 3753 ὠνομάσθη
2366 3697 2381 3715 ⁶
2415 3685 2512 3736 καὶ
2546 3683 2680 3754 ῥᾷον
2709 3683 3055 3752 ἀρξαμένους
3087 3680 3377 3750 ἑφικέσθαι
3411 3678 3507 3733 τοῦ
3531 3678 3633 3731 τί·

367 3776 666 3846 pervenire
708 3775 776 3830 ad
805 3774 971 3829 linem
1022 3773 1296 3830 ordiendo
1324 3789 1486 3842 quam
1513 3773 1685 3829 ordiri
1718 3788 1943 3843 prorsus

2057 3777 2193 3841 long,
2219 3775 2252 3844 ἦ
2284 3774 2493 3845 ταύτης
2528 3775 2588 3829 τὺ
2617 3775 2838 3828 σύνολον
2867 3773 3109 3842 ἅψασθαι
3138 3776 3203 3843 τῇ
3237 3771 3492 3844 ῥᾳστώνῃ
3519 3787 3633 3841 χα-

366 3866 636 3922 εοροτίίἱω
667 3865 1026 3935 indulgendo.
1067 3863 1173 3919 Sed
1221 3864 1519 3931 plurimum
1546 3864 1603 3918 in
1628 3864 1816 3919 divino
1843 3864 1942 3919 hoc

2055 3867 2395 3938 ριζομένους.
2451 3867 2709 3922 Μάλιστα
2750 3866 2797 3920 δ’
2860 3866 2955 3919 ἐπὶ
3007 3865 3104 3919 τοῦ
3158 3865 3428 3936 παρόντος
3485 3863 3631 3931 ἡμῖν

365 3973 560 4025 opere,
609 3957 757 4027 quod
809 3957 973 4012 nobis
996 3956 1337 4027 propositum
1374 3965 1480 4021 est,
1508 3957 1691 4012 valere
1716 3970 1941 4025 speran<

2054 3958 2210 4026 ἔργου
2245 3956 2339 4011 τοῦ
2380 3957 2527 4012 θείου
2580 3960 2675 4012 καὶ
2713 3958 2857 4028 μέγα
2903 3975 2955 4011 τι
3005 3955 3266 4010 δύνασθαι
3308 3955 3630 4015 ὲλπιστὲον,

364 4051 524 4112 dum,
556 4063 979 4118 successumque
1010 4062 1337 4118 prosperum
1382 4047 1705 4116 promittere
1759 4045 1940 4101 existi-

2054 4049 2142 4102 καὶ
2177 4048 2418 4119 χρηστὸν
2455 4048 2849 4102 ὑποτείνουσαν
2888 4047 3044 4110 τέλος
3078 4048 3251 4115 αὐτὴν
3301 4046 3630 4115 νομιστέον

369 4142 669 4206 mandum;
708 4139 854 4210 quod
885 4150 942 4194 et
972 4137 1159 4194 divina
1190 4137 1315 4193 freti
1355 4138 1750 4207 pollicitatione
1776 4141 1945 4194 Deum

2139 4141 2239 4210 μὲν
2276 4144 2342 4212 τῇ
2373 4140 2497 4211 θείᾳ
2538 4140 2859 4194 πεποιθόσιν
2888 4141 3197 4212 ἐπαγγελίᾳ
3224 4139 3439 4211 διδούσῃ
3481 4136 3637 4210 θαρο
3682 4186 3688 4190 .

368 4233 423 4286 in
456 4246 716 4285 consessu
745 4236 934 4283 nostro
962 4228 1135 4283 aﬂ'ore
1165 4228 1533 4293 confidimus;
1566 4241 1675 4296 quo
1717 4227 1939 4296 quidem

2060 4235 2186 4301 ῥεῖν,
2224 4235 2283 4286 ὲν
2313 4234 2466 4304 μέσῳ
2491 4234 2651 4305 ἡμῶν
2687 4236 2916 4304 σχήσειν
2947 4234 3208 4304 ἐσόμενον
3251 4231 3345 4286 τὸν
3374 4231 3527 4293 Θεὸν,
3558 4224 3636 4284 οὗ

370 4331 643 4394 prasente
671 4321 806 4376 nihil
836 4328 921 4374 est
945 4318 1353 4389 desperandum
1400 4334 1415 4373 :
1456 4327 1511 4372 et
1552 4333 1618 4373 ex
1652 4321 1946 4387 praeteritis

2064 4322 2322 4392 παρόντος
2375 4322 2533 4377 οὐδὲν
2576 4322 2717 4386 ὅλως
2768 4323 3119 4387 ἀνέλπιστον,
3145 4322 3207 4376 τὸ
3234 4322 3293 4377 δὲ
3337 4321 3432 4375 καὶ
3479 4319 3640 4389 μέγα

375 4431 629 4485 magnam
656 4413 724 4468 de
766 4412 971 4468 futuris
1002 4412 1133 4467 licet
1177 4411 1357 4467 facere
1376 4408 1783 4481 'conjecturam.
1806 4412 1940 4468 Nam

2058 4414 2351 4485 τεκμήριον
2385 4413 2494 4467 τῶν
2526 4414 2803 4482 ἐσομένων
2831 4416 2894 4467 τὸ
2922 4415 3216 4485 γενόμενον
3250 4412 3634 4482 ποιουμένοις.

368 4507 516 4576 quod
569 4504 825 4561 Ecclesia:
870 4502 1138 4567 membra,
1204 4509 1355 4556 tanto
1401 4502 1512 4572 jam
1558 4510 1802 4570 tempore
1833 4518 1944 4558 ase

2056 4502 2126 4554 Τὸ
2149 4503 2257 4572 γὰρ
2278 4502 2531 4557 τοσοῦτον
2559 4505 2661 4576 ἤδη
2690 4507 2882 4577 χρόνον
2903 4505 2971 4559 τά
2993 4505 3092 4575 τῆς
3129 4502 3449 4573 Ἐκκλησίας
3480 4502 3632 4573 μέλη

370 4599 607 4653 Invicem
655 4596 949 4666 disiuncta,
1002 4604 1063 4649 ut
1120 4608 1189 4648 ne
1244 4593 1540 4647 convenire
1576 4594 1796 4663 quidem
1834 4595 1945 4650 ullo

2059 4592 2147 4645 ἀπ’
2177 4595 2422 4665 ἀλλήλων
2451 4595 2787 4668 διερρωγότα
2842 4597 2966 4668 μηδ’
2995 4598 3293 4667 ἀνέχεσθαι
3323 4594 3635 4661 συνελθεῖν,

372 4689 538 4743 modo
598 4688 821 4752 vellent,
870 4688 963 4742 sed
1021 4687 1105 4742 vel
1171 4686 1345 4757 Ipsam
1388 4686 1505 4741 l'ere
1528 4701 1718 4742 vocem
1747 4701 1946 4743 convec

2060 4686 2190 4739 ἀλλὰ
2215 4688 2310 4741 καὶ
2341 4687 2477 4756 πρὸς
2509 4688 2685 4758 μόνην
2718 4688 2848 4752 ἴσως
2877 4689 2977 4760 τὴν
3019 4689 3190 4759 ἀκοὴν
3218 4688 3636 4758 δυσχεραίνειν,

372 4781 564 4838 niendi
591 4781 818 4837 moleste
853 4779 1085 4844 ferrent,
1120 4793 1192 4835 ac
1223 4779 1279 4834 in
1310 4793 1377 4835 eo
1401 4778 1548 4849 quod
1579 4779 1686 4834 sibi
1716 4780 1942 4836 noxium

2060 4777 2149 4829 καὶ
2191 4775 2374 4846 μένειν
2404 4776 2464 4829 τὸ
2496 4779 2697 4831 οἰκεῖον
2726 4778 3031 4845 ἀγαπῶντα
3061 4780 3229 4833 κακόν
3250 4794 3264 4809 ·
3308 4776 3403 4832 νῦν
3440 4778 3497 4831 δὲ
3530 4794 3636 4831 το-

373 4884 496 4931 erat
548 4874 788 4929 libenter
840 4870 1227 4943 persisterent,
1289 4885 1436 4926 nunc
1482 4880 1635 4927 tanto
1690 4874 1947 4945 utrinque

2061 4868 2261 4939 σαύτην
2292 4870 2496 4939 ἀμφοῖν
2544 4864 2880 4939 τοῖνὴμεροῑν
2923 4869 3233 4941 προθυμίαν
3276 4869 3637 4937 ἐγγενέσθαι,

374 4968 543 5022 animi
580 4967 777 5021 ardore
809 4964 1140 5035 posthabitis
1197 4962 1386 5019 multis
1408 4978 1529 5033 quae
1554 4964 1948 5034 impedimento

2062 4961 2196 5015 ὥστε
2228 4960 2440 5014 πολλῶν
2469 4961 2640 5015 ὄντων
2670 4960 2780 5015 τῶν
2807 4961 3169 5032 κωλυμάτων,
3200 4961 3360 5016 πάνθ’
3384 4962 3535 5031 ὅμως
3556 4962 3638 5014 ἀν

376 5067 556 5125 erant,
591 5057 723 5116 illud
758 5072 926 5113 unum
957 5056 1259 5120 enitantur,
1312 5055 1457 5125 quod
1498 5054 1675 5111 tendit
1703 5055 1773 5110 ad
1812 5070 1948 5110 con-

2065 5051 2295 5122 δευτέρῳ
2334 5051 2597 5123 θεμένους
2625 5052 2790 5124 μόνου
2815 5054 3068 5122 γενέσθαι
3113 5052 3210 5107 τοῦ
3256 5053 3641 5113 συντείνοντος

377 5149 674 5204 eiliandam
724 5162 933 5218 pacem,
995 5160 1103 5216 qua
1161 5143 1377 5201 ratione
1437 5144 1542 5200 hoc
1573 5159 1682 5199 non
1709 5146 1950 5201 ascribat

2060 5146 2192 5207 πρὸς
2217 5145 2314 5216 τὴν
2344 5145 2563 5210 ἕνωσιν,
2595 5144 2708 5208 πῶς
2732 5147 2832 5199 οὐκ
2862 5145 2928 5198 ἄν
2962 5161 3045 5208 τις
3065 5144 3391 5216 ἐπιγράψειε
3412 5145 3477 5212 τῇ
3506 5143 3636 5213 θείᾳ

378 5241 651 5312 quispiam
702 5239 900 5295 divina!
970 5236 1183 5302 virtuti,
1223 5245 1280 5293 et
1311 5236 1541 5308 proinde
1580 5236 1949 5291 certissimum

2060 5235 2308 5304 δυνάμει,
2340 5235 2434 5288 καὶ
2448 5235 2758 5296 ἀκολούθως
2785 5235 2987 5302 παντὸς
3013 5233 3219 5305 ἀγαθοῦ
3251 5234 3395 5287 θεῖτο
3419 5236 3636 5304 τεκμή-

378 5328 652 5388 bonorum
710 5331 954 5386 omnium
1010 5327 1275 5384 indicium
1325 5330 1644 5385 existimet?
1676 5328 1801 5384 Dies
1824 5344 1954 5401 ergo

2061 5344 2171 5399 ριον
2201 5345 2217 5397 ς
2251 5328 2477 5399 Ἠμέρα
2518 5328 2704 5382 τοίνυν
2756 5327 3101 5398 εὐφροσύνης
3145 5328 3180 5397 ἡ
3232 5327 3499 5398 σήμερον,
3532 5324 3637 5378 καὶ

380 5423 497 5479 hac
548 5432 635 5477 est
689 5423 912 5488 laetitiae,
979 5429 1174 5491 estque
1233 5435 1335 5476 cur
1398 5420 1737 5476 exsultemus
1759 5420 1955 5491 spiritu

2062 5422 2330 5491 παρέσται
2349 5422 2581 5493 σκιρτᾷν
2606 5420 3011 5490 ἀγαλλομένους
3034 5418 3111 5491 τῷ
3142 5420 3415 5490 πνεύματι
3443 5435 3457 5449 ·
3491 5419 3638 5487 λαμ-

380 5512 695 5569 exliilarati.
757 5510 971 5566 Habent
1024 5510 1274 5566 illustres
1320 5509 1503 5566 exitus
1531 5510 1767 5565 illustria
1799 5526 1956 5567 exor-

2061 5513 2172 5581 πρά
2200 5512 2476 5582 λαμπρῶν
2504 5512 2613 5566 τῶν
2640 5511 2812 5566 τελῶν
2838 5513 2909 5567 τὰ
2946 5513 3230 5584 προοίμια,
3266 5510 3497 5583 μεγάλαι
3529 5526 3637 5579 με·

380 5601 491 5671 dia,
550 5603 749 5660 uberes
796 5602 981 5675 fruges
1038 5601 1299 5671 primitiae
1344 5600 1562 5657 uberes.
1598 5599 1953 5659 Machinatio-

2057 5604 2242 5674 γάλων
2261 5603 2491 5677 καρπῶν
2508 5603 2779 5675 ἀπαρχαί.
2799 5602 2885 5659 Τὰ¹
2901 5606 3273 5679 μηχανήματα
3294 5602 3385 5656 τοῦ
3403 5600 3496 5671 ὲχθ
3506 5600 3629 5671 ροῦ,

456 5759 533 5831 (ι)
562 5758 817 5818 Sessione
854 5762 898 5827 ι,
944 5763 1207 5819 Ferrariac
1251 5762 1449 5817 habita.
