3990 6212
247 417 352 481 533

1312 420 1599 481 ORATIO
1639 393 2060 482 mammia
2100 424 2412 485 nam“.

3375 423 3478 485 534

245 535 338 588 καὶ
361 534 424 588 ὃν
473 531 600 588 καθ’
626 528 783 603 ἡμῶν
840 532 1149 606 συνέρῤαψε
1199 538 1372 602 δόλον,
1405 541 1819 612 ἐκπολεμοῦντα
1848 581 1855 596 .

1961 555 2022 595 es
2077 540 2307 604 inimici,
2361 538 2632 608 dolusque
2673 544 2864 592 contra
2890 552 2987 592 nos
3009 536 3078 593 ab
3103 553 3170 594 eo
3195 550 3480 606 consutus,

246 622 506 692 ἀλλήλοις
534 623 663 686 τοὺς
699 623 888 692 φίλους
939 627 1032 680 καὶ
1081 625 1366 698 ἀδελφοὺς,
1411 632 1611 701 μᾶλλον
1659 633 1715 686 δέ
1749 632 1817 687 τὰ

248 713 350 780 τῆς
375 713 549 782 αὐτῆς
595 712 845 782 κεφαλῆς
885 715 1022 784 μέλη
1059 717 1153 768 καὶ
1202 720 1370 788 μέρη,
1407 720 1624 774 καὶτοῦ
1654 721 1816 775 αὐτοῦ

250 803 516 870 ποιμένος
541 802 602 856 τὸ
642 802 916 870 ποίμνιον,
957 805 1216 878 ὑποῤῥεῖν
1258 809 1507 878 ἄρχεται,
1551 812 1644 864 ναὶ
1670 811 1818 882 διαρ-

255 897 370 964 ρεῖν
401 911 460 946 τε
493 896 589 947 καὶ
638 894 885 949 λύεσθαι.
923 898 997 968 Δὴ
1040 900 1180 968 πρὸς
1231 901 1333 970 μὲν
1370 901 1566 956 ἕνωσιν
1598 903 1820 956 σπεύδει

253 985 322 1036 τὰ
367 985 656 1048 διεστῶτα,
708 991 775 1040 τὰ
824 989 879 1041 δὲ
926 991 1262 1060 διερρωγότα
1316 993 1452 1064 πρὸς
1495 995 1817 1064 σύνδεσμον,

258 1076 368 1129 ὑπὸ
388 1076 486 1145 τὴν
517 1078 690 1148 αὐτὴν
713 1079 1018 1149 ἀμφότεροι
1041 1083 1251 1149 γωνίαν
1274 1084 1595 1153 συνέχεσθαι
1621 1085 1820 1146 παντὸς

261 1167 462 1236 μᾶλλον
488 1168 585 1220 καὶ
615 1168 932 1238 βουλόμενοι
961 1171 1054 1223 καὶ
1075 1171 1383 1241 εὐχόμενοι.
1418 1171 1822 1242 Συνεληλύθασι

258 1257 372 1325 γὰρ
423 1258 592 1325 ἄμφω
649 1259 791 1326 μετὰ
837 1261 934 1313 τοῦ
973 1260 1091 1313 ίσου
1133 1260 1341 1314 σκοποῦ
1391 1262 1487 1317 καὶ
1519 1264 1619 1331 τῆς
1651 1263 1823 1326 αὐτῆς

258 1347 596 1416 προθυμίας,
626 1349 706 1417 τῷ
738 1349 838 1416 μὶν
864 1351 1019 1421 νικᾷν
1043 1353 1076 1424 ἢ
1109 1354 1364 1406 νικᾶσθαι
1391 1352 1574 1424 ζητεῖν
1601 1355 1662 1406 ὲκ
1692 1369 1826 1406 παν-

259 1438 354 1497 τὸς
397 1439 656 1507 οὐδεμίαν
702 1440 1067 1507 ἀπονέμοντες
1111 1442 1295 1514 χώραν
1323 1460 1338 1474 ·
1366 1444 1453 1514 είη
1507 1444 1616 1515 γὰρ
1668 1445 1734 1499 ἂν
1763 1445 1824 1498 οὐ

264 1527 530 1596 μαθητῶν
583 1529 746 1582 τούτο
800 1531 1041 1600 Χριστοῦ
1096 1534 1192 1586 καὶ
1241 1535 1532 1602 σωφρόνων
1592 1537 1822 1606 ἀνδρῶν,

257 1617 403 1671 ἀλλὰ
438 1629 598 1672 τινων
625 1621 913 1689 ἐριστικῶν
944 1627 1039 1674 καὶ
1074 1623 1254 1677 πάντα
1296 1624 1480 1692 σφίσιν
1513 1626 1697 1689 αὐτοῖς
1723 1643 1826 1696 χαι

265 1708 572 1779 ριζομένων
605 1714 700 1765 καὶ
733 1715 852 1776 ταῖς
877 1713 1034 1777 ίόίαις
1066 1716 1322 1784 ὀρέξεσι·
1354 1717 1455 1786 τὴν
1491 1717 1536 1770 δ’
1567 1717 1828 1787 ἀλήθειαν

261 1802 522 1871 ἀνευρεῖν
544 1802 990 1874 προθυμούμενοι
1032 1807 1216 1875 μόνον,
1245 1811 1341 1862 καὶ
1376 1809 1516 1878 μετὰ
1567 1809 1665 1876 μὶν
1699 1809 1830 1863 ταύ-

263 1909 368 1962 της
395 1895 716 1960 ἀγαπῶντες
744 1899 840 1950 καὶ
871 1895 934 1949 τδ
963 1897 1238 1963 νικᾶσθαι,
1264 1898 1470 1970 ταύτης
1497 1899 1554 1953 δὶ
1579 1899 1707 1954 ἄνευ
1736 1899 1832 1954 καὶ

263 1983 329 2036 sb
393 1987 551 2056 νικᾷν
605 1987 1009 2058 ἁπωθούμενοι.
1051 1991 1216 2044 Ὥστε
1267 1991 1368 2062 τὴν
1426 1993 1528 2062 μὲν
1576 1992 1834 2064 ἀλήθειαν

266 2077 569 2143 ἀναγκαῖον
603 2079 704 2148 ἤδη
763 2081 1264 2152 παρῤησιασθῆναι,
1315 2085 1410 2137 καὶ
1446 2085 1664 2139 πάντων
1699 2101 1837 2157 κρα-

265 2167 516 2235 τήσασαν
549 2171 932 2240 περιγενέσθαι
967 2173 1068 2242 μὲν
1095 2173 1205 2227 τῶν
1270 2174 1442 2239 ἄλλως
1477 2175 1836 2246 ἐνοχλούντων

267 2259 434 2328 αὐτῇ,
481 2263 600 2322 ταῖς
628 2261 674 2313 δ’
709 2263 968 2318 ἁπάντων
1014 2266 1382 2334 ἐνοικισθῆναι
1419 2267 1652 2338 ψυχαῖς·
1689 2270 1751 2323 τὸ
1781 2269 1839 2323 δέ

267 2349 469 2418 ψεῦδος
523 2351 783 2420 έλαθῆναί
829 2371 922 2408 ποι
966 2342 1225 2426 μακρὰν,
1265 2358 1366 2429 τὴν
1403 2360 1542 2424 μετὰ
1577 2360 1684 2413 τῶν
1741 2361 1837 2414 τοῦ

268 2444 504 2514 ψεύδους
548 2447 788 2514 ἐκγόνων
821 2450 1040 2519 etme;
1070 2451 1279 2522 χώραν,
1329 2453 1600 2509 κάκείνων
1629 2453 1838 2525 κρατῆο

271 2553 372 2590 σον
404 2537 455 2590 οἳ
485 2540 616 2609 περὶ
658 2540 901 2605 πλείονος
944 2544 1038 2596 τὸν
1071 2543 1166 2597 τοῦ
1206 2543 1439 2613 ψεύδους
1473 2547 1690 2616 πατέρα
1717 2565 1840 2600 ποι-

275 2628 489 2695 οῦνται,
523 2630 614 2683 ὑπ’
635 2632 829 2702 ἐκείνῳ
858 2633 1088 2703 ἡγεμόνι
1117 2633 1213 2688 τοῦ
1251 2634 1368 2706 βίου
1399 2637 1575 2689 πάντα
1629 2637 1842 2691 ποιοῦνο

269 2736 372 2784 τες
417 2725 512 2775 καὶ
557 2722 812 2790 λέγοντες
839 2739 854 2754 °
887 2724 956 2779 Τί
1001 2743 1085 2789 τις
1132 2727 1198 2780 ἂν
1248 2727 1390 2781 είποι
1447 2728 1540 2781 τοῦ
1575 2730 1842 2797 παρόντος

273 2811 576 2878 ἀντάξιονς
607 2814 672 2867 Τί
705 2831 792 2879 τις
821 2815 887 2869 ἂν
911 2815 1104 2886 ἕτερον
1128 2816 1238 2870 τῶν
1271 2817 1593 2888 φθασάντων
1625 2819 1701 2881 είς
1731 2821 1843 2873 ῐσον

271 2907 432 2960 θεῖτο
463 2909 574 2968 τοῖς
619 2909 918 2976 hastam;
963 2907 1144 2962 Πάντα
1180 2909 1250 2963 τὰ
1291 2912 1558 2982 πρότερον
1601 2913 1844 2980 ἀποκρύ-

273 3015 479 3053 πτεται
502 3003 614 3060 τοῖς
635 2999 892 3070 παροῦσι,
915 3001 1161 3055 λείπεται
1184 3001 1361 3055 πάντα
1385 3003 1634 3063 κατόπιν,
1667 3001 1842 3054 πάντα

273 3091 516 3160 δεύτερα
544 3091 653 3142 τῶν
673 3093 790 3144 νυνὶ
823 3093 1180 3162 γιγνομένων.
1224 3093 1431 3154 Πάντες
1464 3095 1841 3164 κροτήσωμεν,

1917 647 2016 701 per
2049 645 2172 699 quae
2203 628 2364 685 amici
2419 639 2475 684 et
2501 629 2716 694 fratres,
2772 628 2882 684 imo
2910 645 3041 684 vero
3064 629 3307 699 ejusdem
3333 631 3482 697 capio

1921 722 1990 776 tis
2023 721 2268 776 membra
2297 731 2354 776 et
2375 729 2561 790 partes
2593 729 2648 774 et
2681 721 2843 776 unius
2873 720 3014 776 ovile
3041 721 3276 790 pastoris
3303 721 3485 775 inimi-

1931 813 2092 868 citias
2121 820 2501 881 susceperunt,
2531 811 2776 868 deﬂuere
2803 811 3094 882 incipiunt,
3126 811 3292 866 dilabi
3320 821 3485 882 atque

1920 901 2169 960 dissolvi.
2215 901 2332 957 lam
2382 901 2530 956 enim
2567 902 2838 971 disjuncta
2863 902 3102 972 copulati
3131 941 3147 965 ,
3180 901 3486 969 interrupta

1921 1008 2114 1049 rursus
2167 993 2444 1048 cohaerere
2489 991 2786 1057 festinant;
2840 1003 3034 1061 estque
3069 992 3178 1046 illis
3210 991 3490 1060 optatissi-

1923 1100 2094 1150 mum,
2155 1095 2211 1140 et
2253 1085 2392 1140 votis
2448 1083 2704 1139 omnibus
2746 1083 3136 1152 expetendum,
3167 1083 3361 1136 eodem
3395 1097 3490 1134 an-

1923 1177 2052 1248 gulo
2115 1177 2371 1246 conjungi
2423 1191 2489 1230 ac
2537 1175 2833 1230 contineri.
2869 1174 3080 1229 Etenim
3109 1184 3338 1242 utraque
3367 1189 3491 1241 pars

1925 1267 2120 1322 eodem
2176 1266 2461 1336 proposito
2516 1266 2746 1334 parique
2773 1263 2954 1318 studio
2983 1261 3258 1325 convenit,
3278 1261 3489 1315 nullum

1926 1358 2086 1427 plane
2121 1359 2303 1412 locum
2340 1356 2608 1412 voluntati
2651 1355 2730 1409 illi
2799 1354 3197 1423 relinquentes,
3225 1367 3342 1422 qua
3374 1351 3495 1405 vin-

1927 1462 2054 1503 cere
2103 1454 2199 1501 aut
2246 1446 2387 1502 vinci
2423 1446 2652 1502 studet:
2681 1445 2734 1500 id
2768 1446 2915 1500 enim
2960 1458 3068 1499 non
3099 1441 3491 1511 discipulorum

1928 1538 2127 1594 Christi
2185 1546 2242 1594 et
2291 1538 2694 1592 moderatorum
2752 1536 3062 1601 hominum,
3124 1533 3222 1588 sed
3270 1540 3497 1588 conten-

1929 1632 2192 1686 tiosorum
2225 1631 2391 1686 fuerit
2419 1645 2484 1685 ac
2525 1629 2628 1684 sibi
2681 1629 2899 1698 suisque
2927 1625 3319 1696 cupiditatibus
3346 1622 3497 1693 peni-

1930 1729 2019 1776 tus
2064 1720 2466 1789 indulgentium
2505 1737 2518 1773 :
2553 1735 2745 1775 verum
2799 1718 2964 1772 unius
2992 1717 3242 1772 veritatis
3267 1714 3495 1768 adiuve-

1931 1809 2146 1866 nienda:
2169 1809 2350 1865 aii‘ecti
2383 1809 2679 1870 desiderio,
2711 1823 2834 1863 cum
2865 1824 2971 1877 qua
2998 1815 3052 1862 et
3081 1805 3225 1860 vinci
3249 1805 3497 1873 cupiant.

1936 1899 2055 1954 sine
2083 1911 2189 1968 qua
2211 1897 2296 1952 vel
2326 1897 2546 1952 vincere
2591 1896 2783 1950 nolint.
2840 1893 2957 1949 iam
2993 1895 3140 1949 enim
3165 1905 3388 1947 necesse
3414 1901 3502 1946 est

1937 1993 2221 2048 veritatem
2253 1991 2433 2061 palam
2465 1989 2782 2053 dilucidari,
2807 1997 2864 2044 et
2892 1987 3185 2058 praevalere
3223 1985 3500 2048 omnibus,

1936 2081 2172 2138 devictis
2193 2082 2263 2138 iis
2293 2096 2415 2152 quae
2443 2079 2648 2136 frustra
2699 2079 2777 2134 illi
2811 2079 3138 2147 obstrepunt
3175 2114 3192 2140 ,
3229 2082 3286 2130 et
3305 2088 3425 2130 sese
3447 2073 3504 2127 in

1938 2173 2183 2229 omnium
2227 2171 2442 2227 animos
2471 2171 2751 2225 insinuare
2782 2185 2797 2224 ι
2831 2166 3179 2223 mendacium
3223 2178 3355 2219 vero
3384 2177 3509 2233 pro-

1937 2265 2027 2319 cul
2089 2261 2254 2333 abigi,
2322 2271 2544 2322 nactum
2600 2260 2724 2314 loca
2747 2259 2860 2323 illa,
2894 2258 2949 2312 in
2982 2256 3187 2328 quibus
3219 2263 3510 2308 versantur

1940 2355 2036 2409 lilii
2076 2351 2344 2408 mendacii
2375 2367 2391 2416 ;
2424 2362 2480 2406 et
2507 2364 2745 2420 regnans
2778 2347 2836 2401 in
2865 2347 2937 2402 iis
2965 2346 3060 2415 qui
3093 2344 3268 2415 pluris
3299 2343 3508 2396 faciunt

1941 2444 2207 2502 mendacii
2263 2452 2498 2514 patrem,
2553 2441 2656 2495 sub
2685 2439 2781 2494 illo
2821 2438 2949 2492 vitae
2977 2437 3120 2491 duce
3151 2443 3376 2502 agentes
3394 2447 3510 2486 om-

1940 2539 2030 2591 nia
2052 2547 2106 2591 et
2135 2534 2384 2590 dicentes
2415 2551 2430 2588 :
2473 2530 2679 2600 Ecquis
2730 2536 2999 2599 praesente
3038 2525 3258 2594 negotio
3285 2525 3511 2592 dignum

1941 2627 2224 2698 quidpiam
2254 2623 2442 2693 eloqui
2477 2620 2700 2677 valeat?
2729 2618 2926 2690 ecquid
2950 2634 3019 2673 ex
3058 2615 3226 2672 rebus
3261 2624 3388 2669 ante
3418 2628 3512 2681 ge-

1942 2705 2043 2773 stis
2097 2715 2334 2772 coni‘erri
2386 2713 2558 2784 possit
2619 2727 2744 2766 cum
2785 2705 3193 2780 praesentibus?
3240 2705 3516 2760 Pranerita

1941 2809 2126 2864 omnia
2155 2805 2519 2878 praesentibus
2559 2801 2891 2863 obruuntur,
2949 2799 3153 2854 cedunt
3185 2797 3394 2858 omnia,
3428 2796 3518 2850 in-

1945 2903 2142 2957 feriora
2172 2907 2300 2955 sunt
2328 2897 2513 2952 omnia
2558 2894 2626 2949 iis
2663 2892 2919 2962 qumjatn
2975 2889 3135 2944 llunt.
3186 2888 3515 2944 Plaudamus

1897 3021 1900 3026 -
1943 3005 2155 3053 omnes.
2192 2989 2441 3043 laetemur
2469 2998 2662 3039 omnes
2715 2980 2936 3051 spiritu,
2965 2985 3165 3034 canant
3187 2993 3378 3032 omnes
3410 2976 3524 3030 Sal-

1945 3081 2123 3138 Vatori
2179 3081 2464 3150 hymnum,
2520 3085 2636 3130 tum
2669 3081 2729 3127 ut
2758 3071 2830 3126 ob
2857 3071 3122 3126 collocata
3150 3067 3415 3124 benelicia
3441 3057 3521 3122 illi

274 3182 490 3244 πάντες
540 3157 936 3254 εὐφρανθῶ-μεν
984 3157 1070 3253 ⁷τῷ
1126 3188 1437 3254 πνεύματι’
1494 3157 1661 3238 πᾶσίν
1687 3157 1848 3238 δ’τού

1956 3170 2140 3241 gratiae
2174 3175 2427 3239 agantur,
2461 3173 2574 3219 tum
2600 3169 2660 3216 ut
2685 3158 2891 3214 nostris
2921 3157 3180 3226 precibus
3208 3167 3520 3224 congruens

274 3275 541 3344 Σωτῆρος
572 3273 739 3344 ὕμνος
787 3275 1016 3346 μελέτω,
1060 3276 1119 3329 τδ
1153 3276 1533 3347 μὲν¹χάριτας
1567 3275 1860 3345 ὁμολογού-

283 3382 382 3419 σιν
413 3365 562 3434 αύτῷ
589 3365 700 3419 τῶν
726 3369 784 3429 ές
831 3367 1012 3438 δεῦρο,
1044 3368 1107 3420 τὸ
1144 3367 1201 3421 δὲ
1232 3370 1326 3423 καὶ
1358 3367 1510 3430 τέλος
1538 3367 1858 3436 εὐχομένοις

282 3459 426 3514 ἰδεῖν
454 3461 566 3520 τοῖς
616 3459 926 3528 προοιμίοις
960 3459 1277 3529 συμϐαῖνον.
1323 3460 1397 3511 Ού
1453 3461 1559 3529 μὴν
1589 3459 1728 3512 ἀλλὰ
1765 3458 1860 3511 καὶ

286 3568 549 3620 συνεισφε
563 3552 701 3620 ρέτω
733 3551 890 3619 ἡμῶν
925 3551 1156 3615 ἕκαστος
1203 3550 1382 3604 πάντα
1411 3551 1480 3602 τὰ
1521 3551 1663 3603 κατὰ
1701 3549 1860 3602 δύναο

291 3661 416 3716 μιν,
449 3647 541 3696 καὶ
573 3645 674 3696 ὅσα
704 3643 840 3708 πρὸς
871 3643 931 3696 τὸ
975 3641 1126 3706 τέλος
1172 3643 1482 3708 ἐποίσουσι,
1511 3644 1605 3695 καὶ
1641 3642 1740 3710 τὴν
1772 3643 1863 3694 ἐπὶ

286 3734 450 3805 κιλῷ
481 3737 571 3789 καὶ
603 3737 902 3788 συνοίσοντι
926 3733 1078 3803 ίεράν
1109 3733 1220 3786 τῶν
1258 3732 1607 3801 Χριστιανῶν
1645 3733 1861 3786 ἕνωσιν.

291 3827 525 3882 Πάντων
560 3825 781 3887 ἁπτέον,
814 3826 984 3879 πᾶσιν
1017 3825 1387 3895 ὲγχειριστέον
1430 3824 1596 3894 μηδὲν
1631 3822 1866 3875 ἐλλελοι-

289 3915 496 3981 ⁴ιτότας,
532 3914 607 3984 μὴ
633 3914 895 3984 σπουδῆς,
928 3911 1004 3984 μὴ
1035 3913 1367 3985 προθυμίας,
1398 3913 1475 3984 μὴ
1514 3913 1765 3980 ἀγώνων.
1793 3913 1869 3982 μὴ

291 4006 508 4070 πόνων,
547 4005 932 4075 μεμνημένους
977 4007 1058 4058 ὅτι
1091 4003 1193 4058 οὐκ
1239 4003 1496 4074 εὔχεσθαι
1541 4009 1701 4075 μόνον
1727 4003 1866 4068 δέον,

295 4096 443 4151 ἀλλὰ
473 4097 568 4150 καὶ
616 4095 818 4158 αὐτοὺς
873 4097 1172 4167 ὑπηρετεῖν
1216 4096 1294 4164 τῷ
1338 4094 1459 4162 Θεῷ
1485 4111 1499 4126 ο
1527 4093 1651 4148 οὐδὲ
1694 4093 1872 4148 πάντα

305 4187 597 4242 ὲλπιστέον
644 4187 794 4255 παρὰ
834 4186 928 4239 τοῦ
964 4187 1294 4257 κρείττονος,
1345 4187 1513 4256 μηδὲν
1554 4186 1750 4249 αὐτοὺς
1780 4204 1874 4240 πο-

297 4279 630 4347 νουμένους.
687 4279 789 4349 Είη
826 4279 937 4349 γὰρ
978 4280 1045 4332 ἂν
1076 4277 1234 4332 τοῦτό
1269 4295 1331 4347 γε
1380 4277 1621 4331 ἐναντίον
1653 4273 1730 4340 οἷς
1759 4279 1876 4330 δεό-

311 4369 481 4441 μεθα,
511 4373 559 4423 εί
588 4370 938 4440 συλλήπτορα
973 4369 1072 4441 μὲν
1111 4370 1275 4422 αὑτὸν
1310 4372 1533 4438 σχήσειν
1559 4368 1874 4439 εὐχοίμεθα,

302 4463 474 4529 ἡμεῖς
523 4461 581 4514 δὲ
614 4461 782 4531 μηδὲν
825 4461 986 4531 ἡμῶν
1019 4459 1208 4516 ἀὐτῶν
1259 4460 1420 4529 ἔργον
1459 4459 1877 4529 παρασχοίμεθα

301 4549 464 4615 ἄξιον
489 4551 673 4616 λόγου,
713 4545 758 4618 ᾧ
785 4553 879 4603 καὶ
908 4551 1239 4619 συλλήψαιτο
1265 4566 1288 4590 ·-
1320 4550 1463 4603 οὕτω
1489 4549 1598 4620 γὰρ
1621 4548 1688 4602 ἂν
1714 4550 1877 4602 αὐτόν

307 4657 375 4694 τε
405 4642 606 4712 μᾶλλον
635 4643 832 4711 ἕξομεν
882 4645 1015 4712 ἡμῖν
1059 4641 1600 4711 συλλαμβανόμενον,
1650 4640 1782 4710 ῥᾷόν
1821 4656 1880 4692 τε

307 4733 454 4803 πρὸς
493 4733 556 4786 τδ
593 4733 748 4794 τέλος
796 4733 891 4785 καὶ
946 4731 1277 4802 εὐοδῶτερον
1326 4732 1657 4802 ἀφιξόμεθα.
1695 4735 1761 4786 ’0
1791 4734 1885 4785 καὶ

305 4822 545 4888 γένοιτο,
591 4821 694 4875 Od
725 4823 930 4892 Σῶτερ,
983 4823 1317 4886 έπιστάντας
1349 4825 1416 4894 τῇ
1469 4823 1654 4892 ἡμέρᾳ
1701 4823 1884 4894 ἐκείνῃ

314 4912 588 4983 κροτῆσαί
621 4930 704 4966 σοι
749 4914 813 4967 τὸ
839 4913 1108 4967 ἐπινίκιον
1153 4914 1248 4967 καὶ
1275 4915 1646 4983 χαρμόσυνον,
1681 4911 1775 4981 ὑφ’
1806 4914 1887 4966 lvi.

323 5003 426 5072 μιν
453 5004 874 5073 ὑπηχουμένους
929 5004 1022 5056 καὶ
1056 5003 1135 5070 τῷ
1182 5003 1332 5072 αὐτῷ
1382 5001 1683 5070 πνεύματι,
1719 5004 1889 5054 ταυτὸ

315 5093 375 5147 δὲ
409 5095 568 5163 μέλος
617 5094 992 5158 ἀποδιδόντας,
1023 5095 1119 5148 καὶ
1145 5095 1247 5164 τὴν
1288 5091 1461 5160 αὐτὴν
1505 5093 1891 5163 ἡρμοσμένους

315 5187 614 5255 ἁρμονίαν,
643 5187 750 5239 ὑπὸ
785 5187 868 5240 σοὶ
902 5187 1002 5257 μιᾷ
1027 5186 1124 5238 καὶ
1147 5188 1212 5254 τῇ
1245 5186 1381 5254 αὐτῇ
1407 5185 1620 5256 κεφαλῇ
1650 5184 1743 5238 καὶ
1770 5186 1894 5254 ζῇν,

321 5279 424 5332 καὶ
461 5278 752 5343 κινεῖσθαι,
788 5278 887 5331 καὶ
923 5281 1102 5341 πνεῖν,
1138 5278 1306 5330 ταυτὸ
1337 5281 1694 5347 φρονοῦντας,
1729 5276 1896 5329 ταντδ

322 5369 763 5439 φθεγγομένους,
793 5370 1046 5440 ἀλλήλοις
1076 5369 1234 5431 ὄντας
1265 5369 1451 5424 ταυτό.
1489 5369 1691 5438 Χριστὲ
1741 5369 1896 5437 βασι-

323 5460 444 5529 λεῦ,
474 5462 570 5514 ινα
594 5464 684 5531 ἐφ’
713 5463 862 5534 ἡμᾶς
895 5462 1124 5532 βασιλέα
1152 5462 1246 5514 καὶ
1273 5460 1367 5513 τὸν
1395 5460 1561 5513 αὐτόν
1593 5475 1653 5511 σε
1683 5461 1773 5511 καὶ
1806 5457 1898 5512 θέ-

324 5551 494 5622 λομεν
530 5553 628 5606 καὶ
677 5549 1064 5622 εύχόμεθα,οὖ
1099 5549 1177 5620 τῷ
1223 5549 1394 5619 τιμίῳ
1448 5545 1899 5616 ἐξηγοράσθημεν

329 5643 549 5712 αἶματι,
580 5642 638 5704 ὃς
671 5642 867 5712 λύτρον
904 5641 1026 5694 ἀνθ’
1060 5640 1218 5711 ἡμῶν
1262 5637 1638 5709 πεπραμένων
1667 5637 1772 5689 ὑπὸ
1801 5635 1901 5707 τὴν

328 5736 616 5806 ἁμαρτίαν
681 5736 879 5787 σαυτὸν
927 5733 1157 5799 ἔδωκας,
1197 5731 1255 5794 ὂς
1307 5731 1456 5800 ἡμᾶς
1489 5727 1901 5797 κατεχομένους

335 5827 439 5882 ὑπὸ
494 5827 586 5881 τοῦ
622 5825 884 5896 τυράννου
939 5826 1295 5896 ἁφήρπασσς.
1335 5822 1430 5874 Ἐν
1483 5815 1575 5872 οὖν
1628 5819 1717 5870 καὶ
1753 5819 1900 5887 ἡμᾶς

1960 3260 2230 3333 principio
2287 3257 2412 3312 ﬁnis
2457 3251 2810 3311 concedatur.
2873 3246 3071 3300 Verum
3101 3245 3335 3314 quisque
3358 3243 3523 3297 etiam

1959 3361 2206 3406 nostrum
2251 3348 2321 3404 de
2363 3361 2465 3403 suo
2521 3345 2771 3400 conferat
2803 3342 2988 3398 omnia
3039 3338 3379 3408 quaeunque
3427 3345 3530 3402 pro

1959 3444 2173 3500 viribus
2225 3439 2450 3510 poterit.
2513 3447 2569 3492 et
2595 3435 2912 3491 conducunt
2941 3430 3009 3486 ad
3041 3428 3204 3484 linem
3230 3434 3285 3481 et
3317 3438 3528 3479 sacram

1961 3533 2414 3591 Christianorum
2436 3525 2927 3590 consociationem,
2960 3535 3076 3577 rem
3103 3517 3242 3574 adeo
3273 3515 3533 3570 decoram

1963 3634 2020 3681 et
2075 3622 2312 3677 utilem:
2351 3616 2611 3673 tentanda
2663 3614 2869 3680 omnia,
2931 3605 3270 3681 experiunda
3321 3603 3532 3666 omnia,

1966 3713 2304 3787 parcendum
2355 3710 2493 3766 nulli
2549 3722 2658 3763 non
2687 3705 2900 3768 studio,
2927 3717 3036 3758 non
3067 3699 3386 3787 diligentiae,
3425 3707 3535 3749 non

1967 3786 2284 3870 sudoribus,
2309 3817 2421 3857 non
2449 3798 2736 3855 laboribus
2761 3813 2778 3862 ;
2811 3793 3058 3862 illudque
3091 3786 3356 3844 memoria
3380 3797 3535 3853 repe-

1970 3896 2220 3960 tendum,
2271 3869 2529 3962 oportere
2586 3902 2697 3942 non
2745 3884 2920 3940 solum
2947 3893 3142 3951 preces
3161 3875 3415 3936 fundere,
3440 3869 3538 3928 sed

1969 3997 2221 4046 nostrum
2272 3983 2444 4039 etiam
2499 3979 2612 4034 Deo
2677 3971 3044 4029 ministerium
3091 3967 3316 4022 oﬂerre.
3351 3964 3541 4028 Neque

1971 4081 2122 4137 enim
2162 4093 2190 4132 a
2225 4075 2338 4132 Deo
2375 4071 2651 4144 speranda
2685 4074 2814 4122 sunt
2845 4062 3032 4119 omnia
3063 4061 3202 4118 nihil
3232 4057 3394 4114 nobis
3429 4055 3542 4111 ela-

1974 4170 2299 4227 borautibus
2328 4184 2343 4222 :
2378 4181 2506 4222 nam
2537 4161 2796 4232 precibus
2823 4157 3026 4215 nostris
3055 4152 3108 4209 id
3134 4159 3282 4208 esset
3323 4155 3544 4232 contraf

1976 4261 2143 4323 rium.
2193 4258 2238 4312 si
2306 4257 2403 4311 Dei
2451 4231 2674 4324 quidem
2707 4249 3063 4320 imploremus
3092 4240 3377 4301 auxilium,
3407 4231 3545 4289 nihil

1979 4366 2110 4406 vero
2155 4357 2444 4419 prastetur
2497 4362 2529 4400 a
2574 4343 2732 4398 nobis
2773 4341 2997 4410 dignum
3027 4335 3118 4391 cui
3153 4349 3213 4390 se
3240 4332 3386 4387 Deus
3411 4343 3551 4398 prte-

1981 4444 2110 4498 beat
2157 4441 2486 4509 adiutorem.
2534 4436 2613 4490 Ita
2637 4433 2784 4488 enim
2807 4431 2980 4502 magis
3011 4438 3068 4484 et
3095 4428 3212 4496 ipse
3238 4422 3398 4479 nobis
3431 4419 3549 4488 apio

1985 4520 2270 4597 inlabitur,
2317 4541 2375 4586 et
2421 4543 2521 4585 nos
2579 4526 2646 4581 ad
2697 4525 2859 4580 finem
2896 4522 3110 4577 facilius
3131 4516 3551 4586 expeditiusque

1984 4624 2389 4696 perveniemus.
2423 4617 2580 4686 Quod
2607 4616 2815 4670 utinam
2837 4605 3076 4674 eveniat,
3105 4609 3250 4664 Deus
3277 4605 3550 4696 Salvator,

1984 4695 2042 4773 et
2085 4715 2371 4770 videamus
2420 4711 2574 4765 illum
2600 4709 2746 4764 diem
2786 4719 2897 4775 quo
2923 4702 3024 4758 tibi
3052 4700 3300 4755 victoriae
3327 4695 3556 4751 lautitia-

1986 4822 2095 4878 que
2145 4807 2406 4876 hymnum
2459 4813 2742 4863 canamus,
2810 4798 2865 4852 in
2893 4809 3004 4851 uno
3031 4792 3336 4860 eodemque
3355 4787 3554 4878 spiritu

1987 4877 2367 4962 concinentes,
2413 4904 2476 4950 ut
2529 4907 2677 4948 unus
2725 4889 2997 4944 eiiiciatur
3067 4889 3392 4942 concentus,
3414 4887 3471 4934 et
3499 4877 3557 4932 in

1985 5007 2158 5058 unam
2213 4988 2609 5045 convenientes
2661 4981 3026 5038 harmoniam.
3055 4976 3161 5030 sub
3189 4988 3298 5028 uno
3332 4973 3560 5027 eodem-

1990 5101 2099 5157 que
2147 5093 2201 5139 te
2250 5082 2429 5151 capite
2475 5079 2770 5142 vivamus,
2833 5081 3186 5133 moveamur,
3243 5063 3557 5135 spiremus,

1993 5177 2140 5234 idem
2187 5174 2512 5236 sentiamus,
2566 5168 2710 5224 idem
2765 5167 3077 5236 loquamur,
3144 5159 3288 5215 idem
3363 5157 3558 5212 simus.

1993 5265 2212 5322 Christe
2269 5279 2386 5325 rex,
2449 5275 2621 5316 unum
2672 5264 2726 5311 te
2776 5254 2940 5310 nobis
3002 5264 3187 5323 regem
3216 5247 3471 5302 volumus
3503 5247 3560 5295 et

1995 5365 2272 5427 optamus,
2304 5353 2462 5424 cujus
2491 5349 2737 5422 pretioso
2763 5341 3027 5412 redempti
3052 5354 3244 5396 sumus
3272 5334 3562 5427 sanguine,

1996 5425 2091 5520 qui
2120 5457 2174 5502 te
2194 5460 2297 5518 pro
2317 5431 2480 5500 nobis
2531 5443 2635 5498 sub
2693 5444 2919 5510 peccato
2941 5429 3184 5489 venditis
3210 5425 3445 5499 pretium
3473 5436 3566 5476 re-

1998 5535 2335 5610 demptionis
2398 5530 2697 5594 tradidisti,
2755 5528 2851 5597 qui
2885 5540 2987 5581 nos
3014 5539 3045 5580 a
3070 5533 3304 5594 tyranno
3343 5526 3570 5610 oppreso

1999 5646 2092 5688 sos
2128 5606 2406 5699 eripuisti.
2473 5622 2651 5680 linum
2701 5633 2921 5692 quoque
2973 5625 3158 5688 partes
3201 5611 3394 5668 ambas
3418 5606 3568 5664 ovile

2003 5723 2099 5779 tibi
2150 5719 2380 5785 ciﬂcias,
2430 5730 2503 5772 ne
2551 5711 2780 5786 patiaris
2834 5718 2958 5766 tuos
2983 5707 3126 5764 inter
3180 5719 3239 5760 se
3277 5699 3566 5764 dissidere,

2004 5830 2072 5872 ne
2095 5809 2348 5884 projicias
2400 5803 2492 5863 mu
2521 5820 2591 5862 uo
2641 5802 2786 5860 inter
2813 5814 2870 5856 se
2900 5797 3042 5855 bello
3074 5795 3398 5868 flagrantes;
3435 5788 3565 5862 quin
