3990 6212
405 325 511 386 ξιθῦ
1358 326 1873 387 BESSARiONlS
1912 326 1978 385 S.
2024 325 2097 383 Β.
2141 324 2207 387 Ε.
2248 325 2718 386 CAliDlNALlS
3567 326 3673 389 536

405 433 519 491 imo
572 450 640 491 ne
696 446 908 507 partem
962 434 1188 490 alteram
1251 438 1554 509 projicias,
1586 439 1814 492 alteram
1856 452 1993 491 vero

2098 434 2254 499 αὐτὸς
2291 436 2460 506 ἄμφω
2497 436 2680 507 σαυτῷ
2717 435 2978 506 ποίμνιον
3029 435 3287 507 ἓργασαι,
3346 436 3423 510 μὴ
3477 439 3673 513 ἀνέχου

407 528 504 582 tibi
556 528 812 584 asciscas.
870 528 978 583 Pro
1022 528 1271 599 utrisque
1340 538 1392 586 te
1440 531 1619 601 ipsum
1654 532 1983 601 profudisti;

406 620 629 687 sanguis
655 629 779 675 tuus
803 621 1080 691 pretiosus
1102 623 1196 694 qui
1225 622 1436 680 effusus
1458 634 1561 690 est,
1584 626 1755 695 partis
1781 626 1986 681 utrius-

406 727 512 779 que
566 711 667 764 fuit
726 713 1053 767 lavacrum:
1112 731 1262 770 nunc
1310 732 1443 785 ergo
1502 718 1576 772 sit
1617 720 1781 772 etiam
1834 719 1989 773 favor

407 810 535 856 tuus
585 801 745 857 nobis
813 806 1532 871 communis;communcm
1598 811 1845 881 utrisque
1907 813 1990 867 fer

408 911 589 963 opem,
631 896 891 965 trabeque
934 897 999 951 ad
1033 900 1264 967 teipsum
1311 910 1598 971 utrosque,
1635 919 1801 957 unum
1833 920 1991 959 eum-

298 1006 311 1015 -
407 983 640 1051 demque
674 991 723 1038 te
750 983 909 1039 linem
938 987 1303 1049 constituens.
1340 1005 1440 1045 nos
1466 1005 1600 1046 vero
1630 993 1988 1061 proportione

409 1073 556 1125 inter
602 1089 703 1126 nos
727 1085 781 1127 et
816 1076 1087 1131 charitate
1128 1089 1317 1133 mutua
1352 1082 1717 1151 coniungens,
1749 1092 1804 1137 et
1838 1084 1989 1138 nulla

407 1157 620 1212 ratione
672 1164 1016 1228 permittens.
1076 1176 1135 1219 ut
1168 1167 1239 1220 sit
1290 1168 1433 1222 inter
1463 1186 1565 1226 nos
1605 1171 1895 1226 dissidium
1928 1189 1991 1227 ac

411 1247 747 1315 disiunctio;
803 1269 867 1307 ex
924 1272 1034 1324 quo
1082 1256 1174 1310 ﬁat
1231 1261 1564 1328 necessario,
1599 1272 1659 1316 ut
1684 1263 1848 1331 poliri
1886 1264 1989 1318 (ine

411 1355 518 1392 non
550 1341 713 1396 liceat
741 1358 806 1397 ex
839 1344 1052 1401 duabus
1084 1360 1232 1403 certe
1295 1353 1547 1420 partibus
1595 1348 2005 1424 alteri.,Spiri-'

416 1440 505 1483 tus
560 1443 766 1497 sancte,
810 1436 1201 1492 charismatum
1235 1441 1386 1506 fons,
1411 1444 1643 1511 spiritus
1684 1447 1989 1516 sapientiae,

412 1520 641 1587 spiritus
674 1524 1006 1605 intellectus,
1035 1529 1260 1598 spiritus
1313 1532 1520 1588 timoris
1554 1534 1668 1599 Dei,
1697 1537 1765 1592 de
1801 1546 1995 1609 quoet

412 1627 536 1689 cum
567 1631 676 1684 quo
699 1618 1045 1687 propositum
1092 1629 1173 1675 est
1230 1623 1492 1679 Ecclesiis
1549 1626 1651 1682 hoc
1687 1640 1990 1697 certamen,

413 1724 631 1761 omnem
691 1725 721 1763 a
766 1711 935 1766 nobis
993 1712 1286 1780 superbam
1330 1715 1516 1785 abigas
1579 1718 1985 1788 cogitationem,

413 1798 508 1852 Dei
540 1815 671 1853 vero
701 1798 951 1853 timorem
987 1803 1232 1861 omnium
1267 1817 1516 1860 nostrum
1545 1808 1744 1863 animis
1765 1810 1988 1879 inferas,

416 1891 754 1945 intellectum
817 1894 975 1948 nobis
1039 1904 1092 1947 et
1141 1897 1468 1965 sapientiam
1534 1899 1778 1966 donans;
1830 1912 1994 1974 atque

418 1997 524 2035 tina
567 1997 691 2037 cum
724 1984 883 2039 nobis
918 1987 1176 2061 tynnibus
1202 1988 1258 2042 in
1296 1999 1573 2045 certamen
1604 2008 1702 2062 pro
1732 2004 1783 2048 te
1815 2010 1995 2052 susce-

415 2084 571 2142 ptum
632 2074 996 2140 descendens,
1056 2080 1346 2135 veritatem
1386 2084 1645 2140 omnibus
1675 2087 1993 2155 patefacias,

415 2172 475 2216 ut
514 2165 605 2233 qui
658 2180 766 2219 non
816 2167 978 2221 modo
1026 2168 1101 2222 sis
1132 2179 1189 2224 et
1214 2173 1427 2226 voceris
1457 2173 1693 2243 Spiritus
1723 2179 1993 2248 veritatis,

415 2253 511 2307 sed
561 2256 723 2309 etiam
779 2257 913 2312 illud
962 2259 1058 2313 tibi
1108 2260 1430 2324 vindicaris,
1496 2273 1555 2318 ut
1588 2280 1806 2322 omnem
1840 2272 1997 2327 nobis

415 2344 702 2399 veritatem
735 2349 1049 2412 annunties,
1111 2351 1413 2406 secundum
1478 2370 1728 2412 veracem
1752 2369 1809 2415 et
1842 2362 1996 2417 nullo

420 2434 585 2488 modo
640 2433 981 2494 deiicientem
1018 2441 1267 2497 veritatis
1319 2459 1531 2499 vocem.
1569 2448 1709 2505 Deus
1735 2450 1847 2517 ipsa
1875 2452 1995 2507 Tri-

414 2526 581 2592 nitas,
642 2543 762 2596 qua:
817 2530 1193 2586 ineﬂ‘abilibus
1237 2535 1416 2589 modis
1445 2539 1627 2593 omnia
1661 2540 1992 2608 produxisti,

412 2628 471 2671 et
499 2620 747 2675 contines
778 2622 959 2676 omuia
991 2632 1047 2678 et
1081 2624 1428 2692 providentia
1473 2630 1637 2700 regis,
1670 2640 1825 2686 tuum
1854 2633 1995 2703 opus

414 2720 501 2764 est
534 2710 720 2780 homo,
755 2725 876 2782 post
905 2716 1089 2770 omnia
1135 2718 1357 2785 quidem
1399 2720 1631 2777 fortasse
1653 2724 1778 2787 alia,
1803 2726 1899 2780 sed
1935 2738 1997 2783 ut

415 2799 489 2855 sit
553 2812 681 2857 ante
741 2806 925 2860 omnia
988 2807 1252 2874 visibilia,
1309 2811 1993 2885 productus;hocetiam,

418 2904 481 2948 ut
530 2909 631 2966 ego
679 2896 902 2966 quidem
958 2898 1220 2966 arbitror,
1248 2902 1449 2957 eximio
1486 2905 1748 2976 regioque
1785 2908 1997 2966 honore

412 2987 662 3055 aﬂectus,
700 3001 759 3045 ut
789 2992 840 3046 in
877 2993 1044 3047 vitam
1081 2994 1464 3065 ingrederetur
1496 3013 1621 3054 cum
1654 3010 1842 3070 parata
1875 3005 1993 3075 jam

2089 524 2440 596 διῃρημένων
2475 527 2585 580 τῶν
2619 527 2751 590 σῶν,
2791 528 2931 596 μηδὲ
2975 530 3138 596 πρόει
3173 528 3551 598 πολεμοῦντας
3583 534 3676 585 ἀλ-

2090 618 2275 689 λήλοις
2304 634 2317 649 ·
2339 619 2545 687 μᾶλλον
2565 619 2620 671 δὲ
2649 619 2725 688 μὴ
2756 618 3022 688 θατέρους
3045 619 3143 688 μὲν
3177 619 3357 689 πρόει,
3394 620 3674 677 ἀντιποιοῦ

2090 686 2153 764 δῖε⁷
2197 686 2441 782 θατέρων
2469 727 2483 740 ⁸
2529 711 2671 782 ὑπὲρ
2716 686 3003 780 νέκατέρων
3047 686 3312 783 ήπροῆδιας
3367 714 3589 777 σαυτὸν,
3618 717 3678 768 τὸ

2089 804 2272 870 τίμιον
2320 799 2462 873 αἷμά
2489 821 2583 856 σου
2614 803 2676 857 τδ
2718 803 2882 874 χυθὲν
2922 804 3130 873 ἀμφοῖν
3183 805 3433 873 ἒγεγόνει
3484 807 3678 873 λουτήο

2097 909 2229 960 ριον.
2270 893 2471 962 Κοινὴν
2510 892 2604 946 οῦν
2639 895 2773 962 ἡμῖν
2820 894 2915 947 καὶ
2946 896 3044 962 τὴν
3081 894 3234 962 παρὰ
3268 895 3471 947 σαυτοῦ
3506 897 3676 967 ῥοπὴν

2092 983 2260 1035 τανῦν
2286 983 2537 1052 χάρισαι,
2567 986 2763 1047 κοινῶς
2792 984 3125 1055 ἀμφοτέροις
3149 984 3555 1055 προσθέμενος,
3584 989 3677 1040 καὶ

2096 1075 2235 1143 πρὸς
2268 1074 2431 1128 αὑτὸν
2466 1076 2701 1137 ἑλκύσας
2738 1078 2887 1145 ἡμᾶς
2915 1076 3283 1145 ἀμφοτέρους,
3311 1078 3449 1146 πρὸς
3480 1078 3543 1129 ἓν
3575 1078 3679 1146 μεν

2094 1165 2189 1217 καὶ
2219 1163 2278 1215 τὸ
2311 1166 2443 1218 αὐτὸ
2472 1165 2624 1227 τέλος
2649 1166 2818 1230 τάξας
2849 1167 3067 1232 σαυτὸν,
3103 1169 3164 1219 ὲν
3197 1168 3462 1238 ἀναλογίᾳ
3496 1169 3556 1221 δὲ
3583 1169 3680 1221 ἀλ-

2094 1252 2289 1322 λήλους
2326 1255 2473 1323 ἡμᾶς
2501 1255 2597 1307 καὶ
2634 1255 2818 1324 σχέσει
2844 1258 2909 1325 τῇ
2947 1256 3391 1326 πῷςάλλήλους,
3434 1258 3510 1326 μὴ
3541 1275 3681 1325 συγ-

2094 1348 2349 1415 χωρήσας
2403 1348 2674 1416 ἀπαρτεῖς
2711 1348 2962 1417 ἀλλήλων
3005 1343 3146 1401 εἶναι
3198 1348 3292 1401 καὶ
3355 1349 3678 1412 διεστῶτας,

2096 1435 2394 1488 κάντεῦθεν
2424 1436 2485 1500 ἒξ
2515 1438 2765 1507 ἀνάγκης
2796 1436 2892 1490 καὶ
2918 1437 3014 1490 τοῦ
3044 1437 3234 1500 τέλους
3263 1439 3676 1506 ἀποτυγχάνον-

2094 1546 2195 1592 τας
2227 1529 2450 1591 πάντως
2478 1546 2541 1597 γε
2570 1529 2697 1592 τοὺς
2732 1530 2973 1598 ἑτέρους.
3004 1530 3078 1581 Τὸ
3122 1528 3347 1598 Πνεῦμα
3388 1529 3449 1583 τὸ
3495 1528 3675 1595 ἆγιον,

2096 1618 2128 1687 ὴ
2165 1618 2272 1670 τῶν
2312 1620 2671 1689 χαρισμάτων
2702 1620 2854 1688 πηγὴ
2885 1660 2900 1685 ,
2936 1619 3153 1689 πνεῦμα
3204 1620 3424 1687 σοφίας,
3456 1618 3677 1687 πνεῦμα

2098 1711 2396 1773 συνέσεως,
2426 1711 2647 1781 πνεῦμα
2676 1711 2846 1780 φόϐου
2875 1711 3035 1777 Θεοῦ,
3070 1712 3210 1780 ὑπὲρ
3243 1704 3304 1763 οῦ
3337 1712 3433 1763 καὶ
3467 1710 3589 1778 μεθ’
3616 1710 3677 1762 οὗ

2099 1801 2127 1853 ό
2178 1800 2540 1870 προκείμενος
2578 1803 2699 1866 ταῖς
2734 1802 3087 1868 Ἐκκλησίαις
3115 1800 3303 1869 ἀγὼν,
3362 1799 3678 1861 άπελάσαις

2103 1892 2205 1960 μὲν
2235 1893 2328 1960 ἀφ’
2361 1893 2522 1962 ἡμῶν
2573 1894 2752 1948 πάντα
2794 1894 3057 1963 λογισμὸν
3088 1892 3462 1963 ὑπερήφανον,
3512 1891 3681 1959 φόϐον

2100 1982 2157 2035 δὲ
2189 1982 2325 2036 Θεοῦ
2362 1986 2487 2046 ταῖς
2538 1985 2837 2055 ἡμετέραις
2892 1984 3150 2038 ἁπάντων
3195 1983 3411 2052 ἐνθείης
3458 1981 3680 2052 ψυχαῖς,

2105 2074 2321 2129 σύνεσίν
2352 2092 2413 2127 τε
2446 2077 2541 2128 καὶ
2584 2077 2779 2143 σοφίαν
2819 2077 2952 2145 ἡμῖν
2983 2074 3382 2146 χαρισάμενον,
3417 2075 3513 2127 καὶ
3558 2074 3681 2142 μεθ’

2099 2167 2263 2236 ἡμῶν
2320 2166 2438 2237 ἅμα
2492 2167 2714 2220 πάντων
2779 2167 2871 2219 τὸν
2935 2166 3077 2234 ὑπὲρ
3139 2164 3341 2218 σαυτοῦ
3397 2163 3686 2230 διενεγκὸν

2099 2258 2310 2323 ἀγῶνα,
2342 2259 2651 2327 ἀναφήναις
2674 2258 2773 2327 τὴν
2798 2258 3062 2326 ἀλήθειαν
3096 2256 3323 2320 ἅπασιν,
3352 2255 3449 2308 ﬁt:
3479 2256 3556 2325 μὴ
3582 2255 3683 2323 τῆς

2099 2348 2359 2419 ἀληθείας
2381 2348 2441 2403 ὃν
2468 2349 2628 2419 μόνον
2656 2350 2749 2404 καὶ
2778 2348 2945 2403 καλοῦ
2956 2365 3119 2419 μενον
3154 2346 3399 2416 Πνεῦμα,
3430 2347 3564 2399 ἀλλά
3588 2350 3689 2400 καὶ

2100 2440 2283 2494 πᾶσαν
2334 2439 2469 2509 ἡμῖν
2519 2439 2618 2509 τὴν
2672 2440 2936 2510 ἀλήθειαν
2980 2438 3341 2507 ἀναγγέλλειν
3372 2438 3534 2508 ἔργον
3587 2454 3689 2490 πεο

2101 2528 2420 2599 ποιημένον,
2450 2529 2595 2583 κατά
2627 2529 2726 2599 τὴν
2755 2531 2855 2600 τῆς
2885 2528 3147 2598 ἀληθείας
3168 2527 3353 2597 φωνὴν
3374 2526 3471 2596 τὴν
3502 2525 3683 2596 ἀληθῆ

2099 2638 2160 2675 τε
2200 2622 2297 2675 καὶ
2339 2623 2807 2691 ἀπαράγραπτον.
2858 2621 2917 2673 'U
2955 2619 3153 2690 Θεὸςή
3200 2619 3392 2689 Τριὰς,
3429 2619 3462 2687 ἡ
3500 2618 3688 2671 πάντα

2103 2712 2208 2781 μὲν
2238 2713 2649 2782 παραγαγοῦσα
2676 2712 2857 2781 λόγοις
2888 2714 3172 2801 ἀρρήτοις,
3223 2711 3401 2763 πάντα
3429 2709 3487 2762 δὲ
3520 2709 3687 2762 συνέ-

2086 2821 2291 2876 χουσα,
2328 2804 2424 2857 καὶ
2465 2804 2871 2875 προνοουμένη,
2921 2805 3019 2857 καὶ
3067 2801 3416 2871 κυϐερνῶσα,
3465 2801 3557 2853 σὺν
3589 2801 3690 2855 άν-

2102 2896 2321 2967 θρωπος
2366 2896 2551 2967 ἔργον,
2592 2898 2730 2965 μετά
2757 2897 2935 2949 πάντα
2967 2896 3065 2964 μὲν
3102 2894 3233 2957 ἴσως
3269 2892 3538 2955 τὰ-ἀλλα,
3573 2894 3688 2962 πρὸ

2101 2990 2322 3043 πάντων
2346 2990 2403 3043 δὲ
2442 2990 2593 3059 ὅμως
2626 2989 2736 3042 τῶν
2766 2988 3065 3056 ὁρωμένων
3096 2985 3369 3054 ὑπάρξας,
3397 2985 3688 3054 ἐξαίρετον

414 3081 556 3134 bona
582 3097 646 3136 ac
668 3092 867 3152 praesto
892 3095 1101 3141 essent.
1150 3087 1289 3142 Huic
1340 3082 1483 3159 saepe
1521 3099 1577 3145 tu
1605 3094 1850 3161 quidem,
1878 3072 1993 3151 imo

2103 3079 2387 3134 καὶτοῦτο
2440 3078 2584 3149 σχὼν
2630 3080 2727 3132 καὶ
2774 3077 3059 3148 βασιλικὸν
3094 3072 3271 3146 οἶμαι,
3315 3076 3553 3145 ἑτοίμοις
3586 3076 3689 3129 καὶ

412 3188 544 3227 vero
599 3189 818 3243 semper
863 3190 931 3230 ne
961 3175 1145 3232 desint
1173 3193 1294 3247 qua:
1328 3179 1394 3234 ad
1423 3194 1625 3250 corpus
1649 3192 1901 3251 spectant
1934 3195 1989 3241 et

414 3274 741 3331 praesentem
797 3265 964 3319 vitam
1016 3275 1107 3319 tua
1171 3267 1510 3335 providentia
1555 3273 1863 3341 prOSplcis:
1896 3276 1988 3330 sed

417 3369 529 3407 non
567 3356 763 3410 minori
790 3357 1187 3426 gubernatione
1244 3360 1506 3424 consulis,
1546 3371 1606 3415 ut
1638 3363 1838 3419 habeat
1864 3381 1986 3436 quae

416 3446 484 3498 ad
545 3448 759 3501 statum‘
788 3450 983 3503 animm
1036 3451 1338 3519 pertinent,
1381 3453 1588 3521 quibus
1648 3455 1738 3509 illa
1799 3458 1992 3512 melior

418 3538 511 3589 hat
544 3553 558 3589 :
588 3538 744 3606 cujus
775 3539 1056 3607 proprium
1083 3541 1285 3596 bonum
1321 3552 1405 3601 est
1442 3544 1667 3610 veritas,
1703 3556 1757 3601 et
1788 3562 1991 3617 nequa-

413 3642 578 3694 quam
642 3627 965 3683 hallucinari
1022 3631 1076 3683 in
1138 3630 1205 3686 iis
1239 3632 1291 3687 in
1333 3634 1534 3702 quibus
1572 3651 1784 3692 summa
1806 3654 1989 3693 rerum

416 3718 692 3783 consistit,
744 3721 949 3791 quippe
1007 3737 1131 3779 cum
1192 3723 1244 3778 id
1302 3726 1375 3780 sit
1405 3727 1652 3783 omnium
1680 3744 1803 3799 qua:
1829 3731 1994 3789 hahe-

423 3826 547 3864 mns
578 3823 739 3882 atque
772 3815 1011 3874 habituri
1038 3835 1255 3889 sumus,
1313 3826 1584 3896 Optimum
1620 3844 1683 3884 ac
1705 3830 1990 3889 divinissi-

425 3906 597 3958 mum.
628 3907 703 3961 Ald
764 3925 909 3965 nunc
960 3916 1125 3968 etiam
1152 3916 1311 3972 nobis
1341 3919 1603 3985 concede,
1637 3931 1692 3976 et
1726 3922 1908 3978 tribue
1934 3935 1993 3980 ut

423 3994 574 4047 illam
612 3996 754 4051 inter
796 4016 897 4055 nos
927 4002 1250 4072 habeamus,
1279 4016 1332 4062 et
1358 4000 1766 4079 comparantem
1790 4014 1996 4083 ample-

422 4095 659 4143 CIamur.
706 4090 957 4160 lgnoscas
984 4111 1115 4151 vero
1147 4098 1387 4165 interim,
1417 4101 1463 4156 si
1492 4118 1595 4171 qua
1633 4119 1699 4158 ex
1736 4114 1890 4176 parte
1913 4107 1993 4162 in-

422 4176 521 4230 viti
547 4178 866 4236 aberramus
895 4183 965 4237 ab
991 4200 1078 4251 ea,
1111 4195 1169 4241 et
1216 4191 1523 4257 pmsertim
1574 4192 1671 4248 ubi
1698 4194 1766 4251 de
1803 4205 1855 4252 te
1877 4196 1994 4269 agi-

425 4277 538 4331 tur,
603 4268 696 4339 qui
749 4285 858 4326 non
916 4273 1079 4329 modo
1104 4275 1220 4346 ipse
1255 4281 1772 4353 pervestigationem
1800 4268 1995 4360 eﬁupis

422 4374 489 4413 ac
540 4364 1056 4429 perscrutationem,
1116 4368 1213 4422 sed
1275 4379 1331 4424 et
1382 4386 1448 4426 ex
1504 4374 1589 4430 his
1614 4392 1736 4446 quae
1773 4380 1993 4442 creasti.

425 4448 711 4520 pleraque,
750 4468 872 4507 cum
903 4463 1083 4510 tamen
1120 4459 1271 4512 tenui
1308 4460 1540 4530 quadam
1583 4474 1747 4535 atque
1777 4468 1998 4522 umbra-

424 4538 507 4593 tili
547 4541 707 4610 plane
778 4545 991 4599 ratione
1050 4547 1291 4609 divinam
1357 4560 1502 4605 tuam
1535 4554 1824 4624 imaginem
1854 4556 1996 4613 refe—

426 4638 575 4684 rant.
641 4631 834 4688 Aduue
893 4636 1355 4704 supplicantibus.
1392 4649 1554 4712 teque
1580 4644 1742 4698 nobis
1770 4647 1869 4699 viie
1893 4648 1998 4700 du-

420 4732 563 4784 cem,
598 4736 719 4789 quae
748 4721 903 4777 ducit
933 4724 999 4777 ad
1039 4734 1087 4778 te
1115 4727 1289 4781 solum
1320 4744 1507 4784 verum
1545 4729 1733 4795 Deum,
1767 4748 1998 4802 sequen-

423 4809 569 4864 tibus
628 4812 825 4880 pnebe.
890 4812 959 4867 Et
1015 4816 1472 4883 quemadmodum
1529 4820 1644 4889 ipse
1678 4836 1801 4876 cum
1828 4822 1995 4894 hypo-

421 4900 661 4957 stasibus
713 4902 830 4957 sive
892 4905 1143 4972 personis
1184 4906 1286 4962 tria
1327 4908 1422 4971 sis,
1479 4925 1643 4965 unam
1669 4921 1725 4967 et
1745 4915 1991 4970 eamdem

422 4991 597 5047 habes
623 4994 985 5051 substantiam
1022 5008 1077 5053 et
1099 5009 1369 5065 naturam,
1411 5016 1765 5071 personarum
1803 5022 1994 5062 nume-

421 5099 519 5151 το,
553 5086 689 5139 nihil
749 5086 1003 5142 obstante
1057 5090 1186 5145 huic
1241 5091 1553 5160 identitati;
1605 5094 1676 5149 ita
1740 5111 1862 5160 nos,
1891 5099 1992 5153 etsi

423 5174 579 5229 ιιιιιιιὶ
642 5175 1095 5248 diversarumque
1149 5181 1433 5236 nationum
1491 5185 1687 5251 simus,
1716 5188 1826 5253 jam
1865 5204 1996 5241 vero

422 5264 840 5322 subseminante
887 5266 1135 5335 inimico,
1162 5269 1391 5325 diversa:
1420 5274 1607 5337 etiam.
1640 5276 1774 5344 proh
1806 5276 1993 5333 dolori

422 5358 697 5427 Opiuiouis
719 5369 774 5414 et
816 5361 963 5424 ﬁdei,
996 5362 1313 5418 diversitate
1340 5364 1441 5419 hac
1476 5366 1709 5432 sublata,
1734 5382 1902 5420 unum
1940 5379 1999 5421 ut

422 5448 600 5502 simus
656 5460 819 5520 atque
866 5451 1009 5505 idem
1072 5467 1265 5508 omnes
1306 5455 1481 5518 etlice,
1516 5455 1658 5511 idem
1687 5457 1996 5523 credentes,

426 5540 575 5594 idem
632 5543 698 5597 de
745 5553 795 5597 te
822 5545 1150 5614 opinantes;
1180 5546 1430 5619 nihilque
1469 5548 1649 5612 obstet
1701 5548 1998 5619 quominus

426 5647 595 5684 ιιιιιιιιι
630 5635 822 5696 simus.
856 5637 1113 5707 idemque
1136 5639 1203 5693 dc
1237 5650 1288 5695 te
1325 5640 1649 5706 sentiamus,
1680 5655 1787 5694 nou
1817 5639 2000 5695 diver-

426 5722 562 5777 sitas
615 5727 855 5793 generis,
904 5742 1010 5783 non
1063 5744 1328 5787 numerus
1377 5743 1432 5789 et
1475 5733 1779 5803 frequentia
1818 5733 1999 5791 homi-

431 5826 585 5871 num.

2101 3172 2495 3240 προκειμένοις
2544 3172 2658 3234 τοῖς
2708 3170 2934 3239 ἀγαθοῖς
2985 3170 3254 3222 εἰσελθεῖν
3288 3169 3368 3232 είς
3402 3171 3493 3221 τὸν
3536 3167 3687 3237 βίον.

2095 3262 2300 3316 Τούτου
2336 3263 2600 3326 πολλάκις
2632 3264 2732 3332 μὲν
2762 3263 2793 3333 ἢ
2836 3264 3040 3333 μᾶλλον
3066 3263 3155 3315 ἀεὶ
3184 3264 3253 3316 τὰ
3289 3264 3579 3331 σωματικά
3611 3263 3683 3333 δὴ

2094 3354 2270 3407 ταῦτα
2329 3355 2425 3407 καὶ
2458 3356 2810 3407 συντείνοντα
2864 3356 2930 3424 τῇ
2989 3353 3242 3422 παρούσῃ
3283 3355 3397 3422 ζωῇ
3443 3356 3685 3423 προνοῇ,

2093 3445 2191 3515 οὐχ
2222 3439 2387 3515 ἦττον
2440 3445 2498 3499 δὲ
2538 3444 2635 3498 καὶ
2686 3445 2788 3499 ὅσα
2840 3447 2921 3507 είς
2956 3444 3057 3515 τὴν
3107 3444 3288 3513 ψυχῆς
3326 3444 3682 3497 κατάστασιν

2050 3558 2053 3561 λ
2094 3536 2277 3606 ἀφορᾷ
2304 3534 2398 3588 καὶ
2454 3535 2744 3605 βελτίωσιν
2766 3552 2781 3568 ο
2814 3530 2882 3609 ἧς
2926 3536 3059 3589 ῖδιον
3093 3535 3301 3604 ἀγαθὸν
3331 3536 3363 3605 ή
3419 3534 3682 3603 ἀλήθεια,

2096 3629 2191 3681 καὶ
2225 3627 2287 3682 τδ
2319 3627 2394 3698 μὴ
2427 3626 2734 3682 πλανᾶσθαι
2768 3627 2902 3698 περὶ
2935 3626 3004 3680 τά
3034 3626 3249 3695 καίρια,
3295 3626 3369 3690 ὡς
3397 3625 3559 3679 τοῦτο
3586 3627 3682 3692 ὃν,

2096 3713 2171 3775 ὧν
2214 3720 2413 3790 έχομέν
2459 3737 2519 3773 τε
2570 3723 2663 3774 καὶ
2701 3719 2921 3792 ἕξομεν,
2961 3722 3021 3774 τὸ
3066 3721 3293 3791 ἄριστον
3326 3722 3423 3774 καὶ
3462 3720 3687 3774 θειότα-

2095 3828 2212 3867 τον.
2255 3810 2431 3866 Τοῦτο
2455 3812 2519 3884 δὴ
2555 3814 2652 3867 καὶ
2678 3811 2775 3866 νῦν
2802 3813 2934 3883 ἡμῖν
2965 3811 3401 3883 πρυτανεύσαις,
3430 3812 3683 3883 χοριηγή⁹

2099 3922 2197 3971 σας
2247 3904 2492 3959 συνεῖναί
2540 3921 2600 3959 τε
2631 3904 2826 3977 αὐτὴν,
2876 3904 2970 3958 καὶ
3012 3901 3386 3974 ἀναφανεῖσαν
3417 3905 3690 3959 ἀσπάσα-

2099 3997 2244 4063 σθαι,
2288 3997 2555 4071 συγγνοὺς
2582 3996 2704 4066 μὲν,
2740 3996 2794 4049 εί
2843 4012 2898 4050 τι
2930 3995 3099 4065 αὐτῆς
3137 3996 3524 4067 ἁμαρτάνομεν
3574 3998 3690 4068 οὐχ

2099 4086 2339 4150 ἑκόντες,
2373 4088 2468 4140 καὶ
2519 4087 2759 4158 μάλιστα
2795 4090 2852 4141 ὲν
2886 4091 3000 4152 τοῖς
3040 4090 3172 4159 περὶ
3217 4088 3418 4143 σαυτοῦ
3468 4088 3688 4156 λόγοις,

2097 4177 2156 4242 ὃς
2183 4178 2284 4231 οὐκ
2316 4177 2476 4242 αὐτὸς
2507 4179 2670 4248 μόνον
2702 4177 3114 4248 ἀνεξιχνίαστός
3155 4197 3215 4234 τε
3249 4180 3342 4233 καὶ
3375 4180 3683 4250 ἀνεξερεύ-

2099 4284 2260 4340 νητος
2297 4269 2589 4339 ὑπάρχεις,
2625 4268 2763 4323 ἀλλά
2797 4270 2895 4325 καὶ
2929 4271 3037 4325 τῶν
3083 4272 3192 4325 σῶν
3246 4272 3688 4343 δημιουργημά-

2100 4378 2211 4415 των
2240 4361 2448 4416 τούτων
2479 4361 2549 4414 τά
2593 4360 2841 4428 πλείονα,
2901 4362 3078 4417 καίτοι
3128 4364 3347 4433 ἀμυδρά
3397 4364 3524 4417 ὄντα
3575 4364 3691 4433 τῆς

2108 4453 2210 4521 σῆς
2250 4454 2404 4515 θείας
2452 4452 2665 4515 είκόνος
2719 4453 3089 4525 ἀπηχήματα,
3147 4455 3241 4507 καὶ
3272 4448 3385 4507 οἷον
3438 4452 3586 4505 σκιαί
3618 4469 3689 4505 τε

2105 4547 2201 4599 καὶ
2234 4545 2429 4599 εἴδωλα
2454 4562 2468 4576 ·
2521 4544 2837 4609 ἐπινεύσαις
2871 4546 2930 4599 δὲ
2986 4547 3291 4616 δεομένοις,
3334 4548 3427 4599 καὶ
3466 4545 3565 4615 τῆς
3594 4549 3690 4610 είς

2110 4637 2169 4690 σὲ
2204 4638 2480 4709 φερούσης
2534 4642 2628 4693 τὸν
2665 4639 2826 4709 μόνον
2879 4639 3139 4709 ἀληθινὸν
3192 4639 3326 4693 Θεὸν
3374 4638 3690 4710 ἡγούμενος

2105 4732 2418 4801 ἑπομένοις.
2446 4731 2553 4784 Καὶ
2580 4731 2771 4801 ὥσπερ
2804 4732 2968 4795 αὐτὸς
3002 4733 3131 4803 τρία
3167 4734 3286 4793 ταῖς
3318 4731 3691 4784 ὑποστάσεσι-ι

2104 4821 2179 4875 ῶν
2207 4822 2317 4875 είτε
2355 4821 2693 4891 προσώποις,
2728 4822 2856 4891 μίαν
2897 4823 2992 4875 καὶ
3021 4822 3123 4893 τὴν
3157 4822 3329 4893 αὐτὴν
3361 4820 3552 4884 σώζεις
3586 4822 3689 4873 οὒ-

2104 4914 2225 4967 σίαν
2255 4916 2349 4966 καὶ
2402 4914 2567 4984 φύσιν
2599 4956 2614 4979 ,
2666 4914 2823 4968 οὐδὲν
2853 4917 2919 4985 τῇ
2969 4918 3259 4985 ταυτότητι
3304 4912 3478 4985 ταύτῃ
3511 4930 3693 4983 προσ·

2103 5007 2391 5076 ισταμένου
2417 5006 2511 5060 τοῦ
2541 5006 2776 5077 ἀριθμοῦ
2804 5007 2912 5059 τῶν
2942 5006 3276 5077 προσώπων,
3305 5006 3477 5069 οὕτως
3501 5007 3685 5075 ἡμᾶς,

2106 5101 2339 5163 πολλοὺς
2382 5101 2482 5170 μὲν
2513 5100 2674 5163 ὄντας
2702 5101 2797 5154 καὶ
2831 5100 3106 5171 διαφόρων
3132 5104 3330 5169 γενῶν,
3361 5103 3462 5172 ἥδη
3494 5101 3551 5155 δὲ
3579 5102 3682 5153 τοῦ

2105 5192 2306 5262 ἐχθροῦ
2365 5192 2827 5262 ὑποσπείραντος,
2884 5195 3067 5263 οίμοιί
3103 5199 3198 5246 καὶ
3226 5193 3389 5259 δόξης
3439 5193 3536 5246 καὶ
3582 5193 3683 5245 πί-

2110 5299 2306 5349 στεως,
2342 5284 2551 5355 ταύτην
2586 5285 2686 5355 μὲν
2719 5286 2932 5348 ἀνέλοις
2965 5285 3062 5354 τὴν
3088 5286 3377 5355 διαφορὰν,
3412 5285 3468 5336 ἓν
3496 5284 3552 5337 ὁὶ
3583 5287 3684 5336 καὶ

2104 5376 2305 5428 ταυτὸν
2340 5375 2634 5445 ἐσομένους
2676 5376 2995 5441 ἀποδείξαις·
3016 5377 3083 5445 τῇ
3118 5376 3306 5428 πίστει
3335 5378 3426 5429 καὶ
3453 5378 3520 5445 τῇ
3549 5374 3687 5447 δόξῃ

2106 5467 2170 5534 τῇ
2222 5465 2351 5533 περὶ
2380 5464 2497 5530 σοῦ,
2539 5465 2755 5527 οὐδενὸς
2809 5464 2948 5535 πρὸς
2978 5462 3039 5518 τὸ
3085 5462 3144 5517 ἓν
3188 5459 3327 5516 εἶναι
3377 5464 3472 5519 καὶ
3502 5466 3686 5516 ταυτά

2108 5559 2327 5626 φρονεῖν
2361 5556 2487 5626 περὶ
2520 5558 2612 5610 σοῦ
2655 5558 3117 5627 προσισταμένου,
3148 5557 3211 5609 οὐ
3241 5556 3343 5625 τῆς
3367 5555 3475 5607 τῶν
3500 5554 3686 5622 γενῶν

2108 5648 2450 5714 ἑτερότητος,
2485 5648 2545 5701 οὐ
2579 5647 2671 5702 τοῦ
2723 5648 2831 5702 τῶν
2875 5648 3143 5718 σωμάτων
3197 5645 3432 5717 ἀριθμοῦ
3484 5662 3540 5698 τε
3583 5646 3685 5697 καὶ

2108 5737 2363 5809 πλήθους.
3132 5752 3135 5756 ’

3952 706 3955 775 i
