3990 6212
242 326 338 392 δπτ

1310 314 1596 377 ORATIO
1642 316 2053 376 FERRAilIdi
2118 317 2419 377 ll.\li['l‘.\.

3395 321 3501 381 533

319 434 486 490 Ἀλλὰ
526 426 702 485 ταῦτα
737 427 836 498 μὲν
868 425 1002 496 ἡμῖν
1033 423 1241 495 ηὗχθω.
1280 423 1471 494 Ὕμεῖς
1497 426 1551 479 δὲ
1582 426 1634 479 τί
1666 442 1810 494 φατε

1998 423 2103 479 Sed
2130 425 2396 482 hactenus
2420 441 2633 496 preces.
2666 426 2773 481 Vos
2804 436 2989 481 autem
3017 430 3148 498 quid
3182 431 3387 496 dicitis,
3407 437 3499 503 qni

233 533 283 583 oi
311 529 414 598 τὴν
451 525 605 594 ἱερὰν
630 519 837 590 ταύτην
872 518 1095 571 σύνοδον
1130 516 1585 586 συγκροτοῦντεε,
1627 520 1675 569 οἱ
1718 516 1813 569 τοῦ

235 618 566 684 πράγματος
604 610 901 680 ἡγεμόνες,
950 608 1000 659 οἰ
1037 606 1209 659 πολλὰ
1260 607 1367 675 μιν
1419 606 1812 674 ἠγωνισμένοι,

237 706 415 760 πολλὰ
446 704 505 756 δε
538 703 636 754 καὶ
666 698 935 761 πολλάκις
986 695 1279 764 εὐξάμενοι
1313 696 1518 765 ταύτην
1554 696 1681 748 ἰδεῖν
1716 696 1815 765 τὴν

236 800 473 869 ἡμέραν,
504 796 579 858 ὼς
604 793 708 864 ήδη
729 792 825 843 καὶ
843 790 952 842 τῶν
979 789 1288 858 μελλόντων
1306 790 1576 858 ἐσομένην
1603 790 1815 861 προάγ-

235 894 396 957 γελον
427 927 444 951 ,
477 886 578 953 τὴν
623 883 795 951 αὐτὴν
826 883 920 935 καὶ
954 880 1129 949 ἀρχὴν
1160 879 1270 932 τῶν
1303 880 1667 949 πραγμάτων,
1716 883 1813 933 καὶ

234 982 330 1034 τοῦ
373 980 564 1040 τέλους
612 977 838 1045 κήρυκα
895 971 1257 1039 διαπρύσιονς
1294 971 1391 1033 Τίς
1434 971 1599 1036 ἀξίως
1663 972 1809 1040 ὑμᾶς

239 1058 540 1142 μακαρῖσοι
572 1086 587 1134 ;
619 1068 700 1129 τίς
726 1067 772 1119 δ’
808 1066 1123 1134 εύφημήσοι
1153 1064 1406 1129 δεόντως,
1439 1064 1538 1133 ἤδη
1567 1064 1673 1116 τῶν
1712 1065 1808 1118 πό-

234 1180 342 1216 νων
390 1162 545 1231 ὑμῶν
606 1158 853 1228 ὁρῶντας
900 1158 1026 1219 τοὺς
1080 1156 1329 1226 καρποὺς
1364 1154 1804 1224 ἁναθάλλοντας;

232 1249 641 1319 Μακαριὼτατε
694 1248 897 1315 Πάτερ,
958 1245 1053 1299 νῦν
1089 1246 1260 1308 ὅντως
1311 1245 1581 1314 ὑπάρχεις
1623 1249 1805 1315 μακά-

232 1358 374 1412 ριος,
406 1340 606 1393 καῖ’ἔτι
656 1339 860 1408 μᾶλλον
889 1337 1012 1407 ἔσῃ,
1058 1337 1287 1390 ἐπειδὰν
1333 1337 1469 1390 Θεού
1498 1340 1807 1407 ἡγουμένου

229 1437 313 1494 εἰς
346 1433 501 1494 τέλος
550 1431 1011 1498 καταντήσωμεν,
1046 1422 1103 1478 οἷ
1142 1427 1208 1479 ἂν
1247 1428 1456 1489 ἐκεῖνος
1506 1430 1640 1496 ἡμῖν
1668 1428 1806 1497 ἡγή-

231 1541 414 1580 σαιτο.
436 1523 617 1577 “and
646 1538 729 1575 σοι
756 1522 905 1590 παρὰ
925 1519 1061 1573 Θεοῦ
1086 1519 1332 1572 κείσεται
1360 1515 1499 1572 ἆθλα
1522 1519 1620 1590 τὴν
1644 1520 1808 1587 ἁγίαν

227 1614 399 1668 αὐτοῦ
451 1614 784 1679 Ἐκκλησίαν
832 1609 1114 1664 ένὼσαντι.
1147 1610 1308 1677 Μέγα
1347 1609 1444 1679 ἔσῃ
1488 1609 1806 1678 πεποιηκὼς

227 1710 420 1778 ἔργον,
455 1707 506 1759 εί
562 1705 833 1771 διαγένοιο
869 1703 1036 1773 μέχρι
1070 1703 1257 1764 τέλους
1298 1702 1673 1771 έγκαρτερῶν,
1710 1704 1806 1755 καὶ

1926 530 2135 569 sacram
2184 517 2327 571 hanc
2368 518 2635 588 synodum
2689 518 3004 583 celebratis,
3052 522 3144 590 qui
3171 523 3245 576 rei
3284 527 3506 591 agendae

1928 609 2196 671 praestis,
2260 626 2352 677 qui
2382 611 2582 664 multos
2633 612 2949 680 suscepistis
2972 612 3211 677 labores,
3240 626 3295 670 et
3332 617 3501 670 multa

1924 713 2303 765 saepenumero
2341 712 2460 756 vota
2486 702 2721 765 fecistis,
2746 714 2801 757 ut
2853 704 2998 758 diem
3035 704 3180 760 hunc
3221 708 3501 774 videretis,

1922 791 2078 857 quasi
2100 790 2212 859 jam
2246 793 2612 860 prrenuntinm
2646 792 2987 859 futurorum,
3020 798 3111 863 qui
3141 798 3307 853 simul
3334 810 3391 854 et
3412 818 3503 855 re-

1924 898 2044 935 rum
2114 884 2370 949 initium,
2418 896 2474 940 et
2529 887 2652 940 linis
2706 903 2885 956 praeco
2941 904 3087 944 esset
3120 892 3502 948 clarissimus?

1923 972 2058 1038 Quis
2086 990 2242 1043 aeque
2270 992 2333 1030 ac
2365 978 2522 1031 decet
2547 978 2740 1032 beatos
2766 994 2864 1033 vos
2902 982 3186 1050 praedicet,
3212 986 3337 1051 quis
3366 987 3501 1040 satis

1925 1062 2143 1119 idoneis
2200 1080 2295 1120 vos
2328 1066 2529 1121 alliciat
2578 1070 2855 1133 laudibus,
2884 1072 2976 1139 qui
3015 1074 3265 1127 laborum
3296 1088 3502 1130 vestru-

1918 1170 2039 1209 rum
2065 1156 2276 1213 fructus
2298 1159 2408 1227 jam
2435 1161 2702 1231 pullulare
2723 1163 2958 1219 videtis?
2983 1165 3299 1223 Beatissime
3319 1170 3499 1237 Pater,

1921 1260 2113 1300 revera
2143 1262 2290 1301 nunc
2311 1264 2371 1303 es
2394 1250 2588 1305 beatus
2620 1252 2847 1323 erisque
2885 1256 3059 1310 multo
3093 1257 3305 1312 beatior
3351 1276 3499 1323 cum,

1918 1334 2031 1388 Deo
2058 1335 2221 1402 duca,
2246 1338 2313 1391 ad
2340 1338 2503 1394 linem
2533 1346 2975 1409 pervenerimus,
3009 1360 3172 1413 quem
3207 1349 3368 1402 nobis
3390 1349 3499 1404 dux

1920 1425 2038 1493 ipse
2096 1430 2459 1484 concesserit.
2517 1431 2682 1487 Multa
2713 1435 2811 1487 tibi
2844 1446 3008 1489 erunt
3036 1453 3065 1489 a
3113 1438 3222 1491 Deo
3260 1440 3500 1507 reposita

1917 1513 2164 1582 praemia,
2223 1518 2268 1569 si
2322 1529 2569 1573 sanctam
2616 1521 2739 1590 ejus
2768 1522 3070 1577 Ecclesiam
3119 1528 3185 1579 ad
3234 1529 3498 1583 unitatem

1921 1604 2209 1661 reduxeris
2245 1622 2261 1659 :
2304 1624 2561 1678 magnum
2596 1627 2737 1680 opus
2776 1616 3121 1680 praestiteris,
3152 1619 3196 1671 si
3225 1632 3398 1688 usque
3430 1621 3496 1673 ad

1923 1698 2088 1751 linem
2119 1703 2566 1766 perseveraveris
2594 1720 2610 1756 :
2641 1704 2687 1758 si
2722 1706 2977 1760 scandala
3008 1709 3233 1776 quidem
3262 1726 3293 1765 e
3317 1712 3499 1765 medio

228 1802 418 1855 πάντα
458 1798 557 1867 μὲν
587 1797 821 1866 ἐξαίρων
854 1798 917 1848 εκ
954 1796 1118 1864 μέσου
1150 1796 1219 1845 τὰ
1251 1793 1548 1857 σκάνδαλα,
1580 1795 1805 1863 είρήνην

1913 1788 2221 1852 sustuleris,
2264 1806 2453 1855 pacem
2512 1808 2641 1848 vero
2685 1796 2967 1852 induxeris
3019 1808 3075 1852 et
3122 1804 3492 1856 concordiam.

228 1893 289 1946 δὲ
320 1892 417 1943 καὶ
442 1891 698 1958 ὁμόνοιαν
727 1889 1088 1955 ἀντεισάγων.
1120 1888 1295 1939 Πολὺν
1322 1886 1445 1940 έθου
1473 1886 1654 1956 ζῆλον,
1686 1888 1811 1940 πολ-

230 1984 336 2051 ὶὴν
371 1984 665 2051 μέριμναν,
697 1981 942 2049 μεγάλην
972 1979 1282 2047 ἀγρυπνίαν
1306 1996 1365 2031 τε
1399 1980 1493 2031 καὶ
1525 1980 1807 2048 φροντίδα,

238 2075 577 2140 συναγαγεῖν
637 2072 735 2141 μεν
766 2071 835 2122 τὰ
869 2069 963 2121 τοῦ
1018 2066 1256 2139 Χριστοῦ
1312 2069 1579 2121 πάντοθεν
1621 2071 1809 2133 τέκνα,

237 2162 815 2232 συνδιασκεψαμένους
864 2161 909 2213 δ’
963 2157 1214 2231 ἁλπήλοις
1266 2160 1571 2228 ἀδελφικῶς
1619 2179 1680 2214 τε
1718 2164 1811 2215 καὶ

240 2254 636 2323 πνευματικῶς
684 2254 963 2307 συνελθεῖν
1011 2253 1092 2316 είς
1148 2252 1317 2305 ταυτδ
1373 2255 1810 2323 περιγενομένης

236 2350 336 2416 τῆς
365 2345 643 2415 ἀληθείας.
670 2343 860 2406 Οὐδεὶς
881 2342 1053 2406 ἄλλως
1078 2344 1215 2412 ἐρεῖ,
1239 2344 1443 2405 πάντες
1466 2346 1668 2405 ῖσασιν,
1702 2346 1811 2411 ἐγώ

237 2453 323 2489 σοι
375 2439 467 2488 καὶ
519 2436 721 2497 πάντες
776 2434 1051 2503 μάρτυρες
1104 2432 1320 2487 τούτου.
1372 2434 1534 2486 Ἀλλά
1590 2436 1669 2487 δεῖ
1716 2437 1811 2489 καὶ

236 2530 381 2599 πρὸς
413 2530 472 2582 τὸ
525 2528 680 2591 τέλος
732 2526 1179 2589 ἁποσκοποῦντα,
1214 2528 1394 2580 πάντα
1450 2528 1588 2594 πρὸς
1634 2531 1812 2580 έκεῖνο

232 2621 334 2673 καὶ
363 2618 521 2682 τάξαι
570 2619 664 2671 καὶ.
694 2616 901 2687 πρᾶξαι
954 2614 1434 2685 προμηθούμενον,
1475 2615 1624 2677 ὅπως
1653 2615 1718 2668 ἂν
1743 2615 1811 2685 ην

234 2711 298 2761 ιν
331 2710 533 2777 ἀρχαῖς
581 2706 924 2777 εὐφροσύνην
956 2703 1344 2773 καρπούμεθα,
1385 2705 1510 2757 καθ’
1558 2704 1677 2756 ὁδὸν
1710 2703 1809 2756 αύ-

236 2801 518 2870 ξανομένη
544 2816 604 2852 τε
638 2800 734 2853 καὶ
784 2796 1158 2869 προϐαίνουσα
1188 2794 1675 2867 πολλαπλασιασθῇ
1705 2813 1809 2848 που

232 2892 375 2961 περὶ
401 2891 471 2943 τὰ
497 2891 644 2961 τέλη,
674 2891 769 2943 καὶ
798 2892 877 2952 εις
908 2890 998 2942 τὸν
1028 2888 1253 2956 ἔσχατον
1282 2887 1538 2955 ἀφίκοιτο
1562 2889 1709 2958 ὅρον.
1744 2886 1808 2941 Ei

230 2983 497 3051 λαμπραὶ
554 2983 610 3036 αί
646 2982 835 3050 ἀρχαὶ,
892 2982 987 3034 καὶ
1038 2979 1266 3033 τοιαύτά
1301 2995 1367 3047 γε
1402 2979 1471 3032 τά
1523 2979 1807 3048 προοίμια,

229 3072 456 3140 λόγισαι
490 3073 639 3123 ποῖον
673 3070 827 3124 ἔσται
885 3071 946 3124 τὸ
990 3070 1141 3132 τέλος
1188 3070 1488 3137 συμϐαῖνον
1532 3067 1808 3128 τοιαύταις

1914 1876 2142 1932 Multum
2173 1880 2477 1937 adhibuisti
2502 1886 2703 1944 zelum,
2738 1886 2963 1939 multam
2996 1888 3441 1943 sollicitudinem
3473 1932 3488 1954 ,

1913 1970 2147 2025 multum
2167 1974 2464 2043 evigilasti,
2485 1977 2685 2031 multas
2705 1991 2865 2031 curas
2882 1979 3163 2033 contulisti
3182 1982 3248 2032 ad
3269 1997 3497 2049 congre-

1912 2060 2121 2129 gandos
2166 2064 2409 2133 undique
2435 2066 2638 2121 Christi
2671 2068 2834 2132 ﬁlios,
2872 2078 2932 2121 ut
2956 2068 3209 2123 fraterno
3230 2085 3297 2123 ac
3328 2070 3495 2139 spiri-

1915 2150 2008 2203 tali
2041 2151 2241 2206 all'ectu
2294 2160 2572 2212 communi
2624 2158 3024 2213 deliberatione
3056 2161 3262 2224 habita,
3314 2163 3498 2215 victri-

1914 2254 2031 2293 cem
2063 2246 2348 2311 sequendo
2383 2250 2694 2313 veritatem,
2725 2251 2777 2303 in
2800 2267 2962 2304 unam
2992 2261 3121 2306 eant
3144 2254 3493 2307 sententiam.

1912 2331 2083 2387 Nemo
2121 2335 2176 2389 id
2217 2345 2402 2404 negat,
2435 2348 2627 2393 notum
2656 2350 2742 2393 est
2789 2342 3082 2405 omnibus;
3118 2354 3287 2398 testes
3330 2346 3495 2416 hujus

1916 2423 1999 2476 rei
2041 2439 2234 2481 sumus
2271 2427 2369 2481 tibi
2421 2443 2521 2497 ego
2556 2440 2611 2483 et
2655 2446 2869 2485 omnes.
2924 2432 3029 2486 Sed
3063 2444 3278 2502 oportet
3327 2439 3491 2491 etiam

1913 2522 2163 2581 spectare
2201 2515 2388 2582 linem,
2425 2520 2769 2589 consilioque
2803 2533 2897 2577 tuo
2930 2524 2997 2577 ad
3037 2526 3129 2578 illu
3157 2545 3186 2577 ιι
3234 2538 3290 2581 et
3330 2544 3493 2598 agere

1911 2611 1968 2655 et
2006 2602 2237 2673 dirigere
2285 2608 2513 2663 omnia:
2554 2619 2612 2663 ut
2662 2611 2881 2676 laetitia,
2928 2630 3090 2681 quam
3138 2616 3191 2667 in
3239 2621 3490 2684 presenti

1914 2695 2279 2762 percipimus,
2312 2700 2577 2766 paulatim
2615 2704 2915 2758 crescendo
2941 2720 3373 2776 progressusque
3412 2708 3493 2763 fa-

1913 2786 2129 2852 ciendo,
2164 2790 2564 2858 multiplicetur
2596 2791 2664 2845 ad
2707 2792 2878 2846 linem
2921 2776 3085 2863 atque
3129 2796 3195 2849 ad
3239 2797 3490 2852 ultimum

1912 2879 2199 2945 perveniat
2221 2881 2526 2939 cumulum.
2556 2882 2613 2936 Si
2644 2884 2933 2953 splendida
2956 2885 3109 2940 initia
3141 2895 3197 2939 et
3220 2888 3343 2941 talia
3364 2899 3493 2944 sunt

1910 2970 2161 3035 exordia,
2190 2973 2479 3027 considera
2513 2974 2693 3043 qualis
2716 2976 2825 3030 erit
2862 2978 2983 3032 linis
3011 2979 3318 3048 lmjusmodi
3346 2983 3494 3050 prin-

1913 3060 2075 3128 cipiis
2120 3076 2454 3133 congruens.
2489 3064 2720 3131 Quantis
2754 3082 2881 3122 vero
2925 3068 3099 3123 fausta
3140 3074 3487 3139 precantium

227 3164 460 3232 ἀρχαῖς.
512 3162 689 3214 Πόσον
720 3161 776 3214 δὲ
825 3160 1077 3225 τεύξεται
1112 3159 1468 3229 μακαρισμοῦ
1517 3161 1612 3213 καὶ
1646 3158 1806 3213 ὲπαί-

1913 3152 2049 3207 votis
2078 3168 2143 3208 ac
2171 3154 2454 3219 laudibus,
2482 3174 2645 3228 quam
2671 3160 2813 3213 laetis
2842 3160 3216 3218 celebrabitur
3236 3167 3485 3230 vocibus,

229 3270 369 3317 νων,
400 3238 533 3322 ὅσης
560 3253 699 3321 εύφη
711 3251 860 3321 μίας,
892 3251 1034 3304 ὅσων
1066 3252 1368 3319 στεφάνων,
1396 3252 1451 3313 ὃς
1480 3252 1575 3303 καὶ
1611 3250 1804 3303 τοσαύ-

229 3361 336 3406 τας
376 3346 474 3413 μὲν
507 3344 946 3414 προκατεϐάλετο
981 3343 1193 3412 φθάσας
1211 3345 1467 3413 ἀφορμὰς
1498 3343 1609 3395 τῶν
1667 3359 1809 3413 πρα-

230 3438 487 3505 γμάτων,
507 3435 744 3488 τοσαῦτα
763 3434 808 3487 δ’
823 3436 905 3487 ἔτι
925 3434 1311 3488 καταϐαλείται
1332 3452 1347 3496 ;
1372 3436 1555 3505 Ἔχεις
1574 3436 1808 3489 ἐνταῦθα

230 3526 643 3593 συλληψόμενόν
674 3542 732 3577 τε
764 3527 858 3579 καὶ
898 3527 1179 3595 ἑψόμενον,
1214 3527 1299 3595 ἐφ’
1333 3522 1414 3589 οἷς
1446 3530 1618 3581 ἅπασι
1649 3529 1797 3592 δέον,

230 3619 332 3671 τὶν
384 3618 499 3669 υίόν
526 3634 595 3671 τε
631 3620 723 3671 καὶ
760 3617 989 3687 βασιλέα
1029 3618 1118 3672 τὸν
1152 3618 1543 3672 εὐσεϐέστατον
1590 3621 1681 3674 καὶ
1709 3637 1812 3687 γα-

228 3709 533 3778 ληνότατον
586 3710 677 3761 καὶ
732 3709 1115 3779 φιλόχριστον⁹
1149 3710 1205 3770 ὃς
1254 3709 1467 3763 πολλῶν
1510 3711 1679 3764 ὄντων
1728 3705 1808 3774 οἷς

232 3800 592 3871 κεκόσμηκεν
616 3800 808 3853 ἑαυτὸν
830 3799 1080 3865 ἀγαθοῖς,
1112 3800 1392 3869 ἐξαίρετον
1422 3800 1536 3869 ἔχει
1564 3803 1657 3853 τὸν
1681 3803 1809 3871 περὶ

231 3889 379 3945 Θεοῦ
414 3894 509 3944 καὶ
554 3891 647 3944 τοῦ
684 3890 852 3945 καλοῦ
890 3890 1055 3959 ζῆλον
1090 3893 1183 3944 καὶ
1214 3893 1307 3945 τὸν
1352 3892 1491 3963 ύπερ
1522 3894 1623 3963 τῆς
1653 3894 1809 3946 εὐσε-

230 3983 399 4044 ϐείας
430 3981 652 4049 ἀγῶνα·
687 3981 745 4047 ὃς
778 3982 1064 4053 ἡλικιῶτιν
1091 3982 1232 4052 ἔχων
1274 3984 1372 4053 τὴν
1417 3984 1569 4053 ἱερὰν
1601 3984 1809 4055 ταύτην

229 4071 340 4140 τῆς
370 4071 530 4137 ἁγίας
557 4071 665 4123 τῶν
706 4072 1042 4141 Ἐκκλησιῶν
1078 4073 1325 4136 ἑνὼσεως
1357 4072 1569 4142 έφεσιν,
1606 4076 1667 4127 ού
1696 4075 1805 4129 διε-

228 4163 481 4230 λίμπανε
513 4163 719 4233 σπουδῇ
746 4164 846 4232 μὲν
868 4166 1175 4233 ἁνερευνῶν
1197 4165 1325 4228 τοὺς
1349 4166 1575 4235 καιροὺς
1597 4166 1647 4219 οῖ
1674 4168 1810 4238 πρὸς

229 4253 404 4305 τοῦτο
432 4254 761 4315 συνοίσουσι,
796 4255 961 4323 σοφίᾳ
992 4255 1049 4307 δὲ
1081 4258 1243 4323 γνοὺς
1275 4256 1365 4307 καὶ
1386 4255 1562 4322 εὑρὼν
1590 4258 1682 4310 καὶ
1708 4275 1812 4325 φα-

229 4347 405 4396 νέντα
433 4345 714 4414 ἁρπάσας,
764 4350 857 4398 καὶ
890 4348 946 4408 ἐς
986 4347 1102 4399 τόδε
1130 4347 1194 4416 δὴ
1223 4346 1284 4399 τδ
1334 4347 1610 4416 ὁρώμενον
1638 4366 1809 4417 προα-

230 4435 433 4501 γαγὼν
484 4439 554 4487 τὰ
607 4437 701 4489 τοῦ
743 4439 1111 4507 πράγματος·
1162 4438 1217 4498 ὃς
1260 4440 1395 4507 πρὸς
1453 4438 1512 4491 ἓν
1542 4441 1697 4493 τοῦτο
1749 4441 1809 4492 τὸ

231 4525 453 4594 αγαθὸν
502 4528 851 4591 ἀποϐλέπων,
902 4530 996 4581 καὶ
1026 4528 1229 4598 ταύτης
1268 4530 1387 4591 ὅλος
1430 4531 1668 4597 γεγονὼς
1715 4531 1813 4599 τῆς

231 4622 507 4688 ἐφέσεως,
562 4618 942 4687 κατεφρόνησε
979 4618 1080 4685 μὲν
1133 4617 1424 4683 κινδύνων,
1476 4619 1722 4687 ὑπερεῖδε
1757 4619 1814 4674 δι

230 4710 458 4780 τρυφῆς
486 4711 583 4763 καὶ
616 4709 875 4771 ἀνέσεως,
911 4708 1284 4778 κατεφρόνησε
1332 4708 1389 4761 δὲ
1422 4711 1681 4762 τοσούτου
1713 4726 1813 4763 πε-

233 4801 447 4867 λάγους
501 4816 558 4851 τε
612 4799 705 4852 καὶ
770 4800 1029 4867 κυμάτων
1082 4799 1173 4850 ῐσα
1225 4798 1656 4868 κορυφουμόνων
1718 4801 1814 4854 καὶ

232 4891 424 4961 ϐρεσι,
453 4890 735 4959 προήκατο
760 4889 817 4943 δέ
860 4904 923 4956 γε
953 4887 1098 4959 ζωήν
1133 4905 1193 4942 τε
1233 4891 1331 4943 καὶ
1364 4890 1480 4956 βίον
1518 4891 1615 4943 καὶ
1645 4890 1814 4962 αὐτὴν

230 4980 347 5050 τὴν
382 4980 613 5049 πατρίδα
644 4980 787 5048 ὑπὲρ
832 4977 927 5031 τοῦ
974 4979 1229 5047 γενέσθαι
1277 4980 1538 5049 συνεργὸς
1563 4980 1643 5050 τῷ
1673 4982 1837 5052 Θεῷ,

233 5072 341 5125 καὶ
375 5073 440 5140 τῇ
480 5071 779 5142 Ἐκκλησία
809 5071 1187 5141 πρυτανεύσαι
1216 5071 1460 5143 εῖρήνην,
1489 5066 1555 5143 ἦς
1600 5074 1661 5126 ού
1688 5075 1814 5143 τρό-

235 5176 416 5229 φιμος
442 5162 626 5229 μόνον,
653 5160 793 5214 ἀλλὰ
817 5162 913 5216 καὶ
943 5160 1204 5231 πρόϐολος
1229 5158 1367 5215 εῖναι
1395 5166 1491 5217 καὶ⁵
1516 5163 1813 5226 σπουδάζει

236 5252 347 5304 καὶ
373 5252 761 5321 ἐπηγγείλατο.
795 5252 911 5304 Οὐκ
942 5251 1405 5321 ἀπολειφθήσεται
1437 5254 1535 5321 τῆς
1583 5254 1705 5323 ῖσης
1732 5270 1813 5308 σοι

236 5340 558 5409 προθυμίας
584 5342 696 5394 οὐδ’
720 5345 748 5395 ὁ
777 5342 922 5411 ἱερὸς
968 5343 1063 5396 καὶ
1094 5343 1392 5412 σεϐάσμιος
1444 5342 1811 5415 πατριάρχης,

237 5432 269 5481 ὁ
297 5429 479 5501 γῆρας
540 5432 638 5501 μὶν
670 5432 985 5502 ὑποφαίνων
1035 5432 1195 5502 βαθὺ,
1245 5435 1338 5486 καὶ
1381 5433 1676 5505 κεκμηκὼς
1708 5436 1812 5506 ήδη

238 5521 324 5589 τῷ
357 5522 593 5591 σώματι,
626 5524 805 5593 ψυχὴν
833 5524 891 5576 δὲ
940 5524 1187 5578 πλουτῶν
1223 5525 1524 5589 νεάζουσαν
1554 5527 1667 5590 τοῖς
1714 5544 1813 5580 κα-

239 5613 360 5676 λοῖς
389 5615 477 5666 καὶ
504 5614 584 5684 τῷ
612 5617 886 5683 πνεύματι
913 5615 1163 5681 ζέουσαν,
1197 5618 1291 5670 καὶ
1334 5617 1503 5670 πολλὰ.
1540 5618 1639 5686 μὲν
1668 5618 1812 5685 έφιε·

248 5705 445 5775 μένην,
477 5706 652 5760 πολλὰ
689 5706 733 5760 δ’
764 5707 1069 5778 εὐχομένην
1117 5706 1415 5779 ἀξιωθῆναι
1459 5708 1807 5779 ὑπουργῆσαι

1909 3254 2145 3312 quantas
2178 3247 2517 3316 adipiscetur
2544 3249 2778 3315 laureas,
2822 3242 2914 3319 qui
2967 3262 3115 3306 tanta
3154 3255 3266 3322 jam
3300 3272 3485 3311 rerum

1908 3331 2263 3389 fundamenta
2291 3337 2426 3404 jecit
2477 3347 2535 3393 et
2583 3352 2839 3407 praeterea
2892 3340 3105 3409 jaciet?
3154 3341 3331 3399 llabcs
3373 3347 3486 3410 hic,

1908 3424 2002 3493 qui
2028 3439 2183 3478 suam
2230 3428 2326 3482 tibi
2358 3433 2452 3483 det
2475 3444 2721 3497 Operam,
2753 3440 2915 3500 teque
2954 3434 3327 3503 subsequatur
3353 3454 3490 3507 qua-

1910 3529 2129 3584 cunque
2168 3532 2307 3586 0pus
2337 3519 2393 3572 in
2428 3536 2487 3573 re
2532 3520 2717 3586 fuerit,
2756 3521 2925 3576 lilium
2961 3533 3017 3578 et
3074 3526 3487 3600 imperatorem,

1909 3610 2214 3679 piissimum
2246 3620 2301 3664 et
2326 3610 2739 3665 serenissimum
2760 3623 2814 3667 et
2834 3611 3037 3668 Christi
3064 3626 3363 3681 amantem,
3387 3622 3486 3687 qui

1908 3716 2031 3755 cum
2065 3701 2252 3756 multis
2278 3702 2519 3771 seipsum
2559 3703 2722 3758 bonis
2744 3706 3045 3771 ornaverit,
3081 3711 3375 3780 praecipue
3400 3724 3483 3766 ta-

1908 3807 2034 3848 men
2054 3793 2151 3847 Dei
2186 3803 2242 3848 et
2272 3793 2575 3849 honestatis
2606 3797 2725 3850 zelo
2756 3800 3116 3869 certandiqne
3149 3816 3247 3868 pro
3272 3805 3478 3870 pietate
3544 3874 3549 3877 _

1907 3883 2090 3939 studio
2110 3883 2301 3954 ﬂagrat
2332 3907 2343 3940 :
2376 3886 2469 3953 qui
2489 3885 2559 3939 ab
2588 3886 2812 3942 ineunte
2835 3897 2995 3942 aetate
3019 3890 3241 3943 insitum
3273 3892 3484 3948 habens

1908 3988 2128 4028 sacrum
2174 3976 2281 4030 boc
2315 3975 2652 4032 desiderium
2688 3987 2893 4031 sanctae
2944 3980 3173 4033 unitatis
3212 3981 3483 4038 Ecclesia-

1907 4082 2052 4133 rutn,
2076 4082 2357 4137 nunquam
2392 4068 2691 4124 intermisit
2718 4070 2965 4124 studium
3003 4071 3341 4140 inquirenda:
3382 4092 3480 4144 op-

1908 4160 2266 4227 portunitatis
2297 4160 2365 4214 ad
2396 4161 2805 4217 conﬁciendum
2838 4163 2942 4217 hoc
2977 4167 3281 4233 negotium;
3315 4183 3477 4235 quam

1908 4252 2070 4305 etiam
2102 4254 2401 4320 prudenter
2421 4255 2691 4323 cognitam
2722 4265 2777 4309 et
2802 4257 3101 4323 inventam,
3140 4268 3198 4311 ut
3228 4258 3343 4310 visa
3374 4270 3480 4329 est,

1907 4340 2164 4409 arripuit,
2205 4358 2431 4413 remque
2463 4346 2517 4398 in
2553 4360 2677 4400 eum
2726 4355 2928 4400 statum
2985 4348 3238 4416 perduxit
3282 4350 3335 4401 in
3371 4364 3481 4417 quo

1846 4468 1887 4521 υ
1915 4447 2060 4485 nunc
2090 4436 2460 4503 cozispicitur;
2511 4436 2715 4504 qui,ad
2749 4438 2851 4492 hoc
2894 4454 3062 4493 unum
3116 4441 3315 4493 bonum
3361 4459 3483 4512 spe-

1918 4531 2093 4588 ctans,
2124 4533 2383 4592 totusque
2420 4526 2474 4578 in
2517 4525 2620 4579 hnc
2651 4526 2988 4581 desiderium
3018 4531 3362 4595 incumbens,
3386 4548 3483 4602 pe-

1917 4611 2089 4665 ricula
2115 4628 2213 4680 pro
2230 4616 2403 4668 nihilo
2422 4614 2598 4680 duxit,
2616 4616 2841 4672 delicias
2862 4622 3190 4689 contempsit
3206 4632 3260 4675 et
3285 4624 3481 4689 Otium;

1918 4708 2025 4752 tam
2052 4713 2261 4754 vastum
2307 4704 2529 4772 pelagus
2560 4714 2616 4757 et
2649 4706 2825 4760 undas
2859 4708 3029 4761 instar
3081 4713 3357 4765 monitum
3402 4714 3485 4767 in-

1918 4799 2287 4847 tumescentes
2338 4793 2624 4862 despexit;
2666 4796 2832 4850 vitam
2880 4808 2938 4852 et
2981 4814 3113 4867 opes
3152 4803 3384 4871 projecit
3419 4819 3484 4857 ac

1917 4880 2088 4947 ipsam
2117 4882 2368 4950 patriam,
2406 4895 2463 4937 ut
2503 4885 2599 4939 Dei
2633 4887 2788 4940 ﬁeret
2819 4900 3169 4957 cooperator,
3200 4902 3254 4944 et
3293 4906 3483 4960 pacem

1915 4970 2175 5026 Ecclesiae
2210 4978 2527 5040 cunticeret,
2561 4978 2719 5043 cujus
2744 4995 2857 5059 non
2880 4981 3041 5034 modo
3069 4982 3345 5045 alumnus,
3388 4999 3480 5039 ve-

1917 5078 2037 5115 rum
2063 5064 2228 5118 etiam
2262 5076 2635 5135 propugnator
2659 5083 2782 5123 esse
2812 5078 2870 5123 et
2906 5071 3093 5125 studet
3117 5082 3173 5126 et
3210 5073 3487 5141 pollicitus

1915 5164 2023 5210 est.
2048 5157 2173 5212 Pari
2200 5157 2299 5211 tibi
2329 5160 2514 5214 studio
2552 5168 2753 5230 praesto
2778 5163 2886 5216 erit
2913 5180 3072 5219 sacer
3102 5181 3167 5220 ac
3199 5169 3484 5222 venerabi-

1914 5245 1983 5300 lis
2010 5248 2349 5317 patriarcha,
2401 5251 2494 5319 qui
2527 5252 2683 5306 senio
2704 5252 2928 5323 quidem
2977 5255 3263 5311 confectus
3306 5267 3390 5312 est
3432 5268 3490 5312 et

1913 5338 2081 5394 edeto
2102 5340 2211 5408 jam
2247 5351 2333 5396 est
2356 5356 2609 5411 corpore,
2639 5344 2734 5398 sed
2768 5345 2936 5414 pollet
2960 5346 3026 5399 ad
3058 5348 3315 5415 praeclara
3338 5363 3444 5416 qua

1914 5447 2020 5500 que
2074 5433 2301 5503 juvenili
2337 5435 2545 5499 animo,
2581 5434 2866 5505 fervetque
2901 5438 3097 5507 spiritu
3134 5456 3148 5503 ;
3184 5450 3238 5493 et
3293 5455 3483 5509 magna.

1913 5525 2135 5593 quidem
2173 5528 2329 5580 ardet
2357 5525 2654 5589 desiderio,
2691 5525 2859 5580 multa
2897 5542 3029 5581 vero
3059 5528 3175 5581 edit
3216 5537 3363 5590 vota,
3406 5528 3493 5581 di-

1912 5632 2053 5685 gnus
2087 5627 2147 5670 ut
2177 5618 2270 5671 liat
2295 5618 2389 5686 qui
2438 5617 2569 5672 huic
2597 5619 2751 5687 operi
2798 5633 2953 5673 suam
2995 5635 3221 5688 operam
3276 5627 3437 5672 navet
3466 5635 3484 5674 :

1912 5716 2077 5777 atque
2133 5708 2203 5763 ob
2254 5708 2306 5762 id
2359 5708 2591 5764 fortasse
2650 5708 3013 5778 pra-sentibus
3068 5708 3398 5774 oblectatur,
3432 5714 3492 5763 et
