3990 6212
513 310 615 370 539

1453 294 1955 358 BESSARIONIS
1993 292 2050 354 S.
2092 292 2165 351 Β.
2206 290 2272 349 Ε.
2318 282 2788 345 CARDINALIS

3637 273 3747 339 5N

514 421 754 475 libenter
800 420 1175 469 commoratur
1204 411 1257 464 in
1287 426 1539 479 corpore,
1584 421 1643 465 ut
1679 410 1923 465 divinqu
1974 408 2079 462 hoc

2186 405 2315 475 τῷδε
2350 403 2427 473 τῷ
2461 400 2628 469 ἔργῳ,
2680 398 2776 450 καὶ
2822 392 2910 446 διὰ
2944 390 3092 445 τοῦτ’
3122 392 3252 454 ίσως
3310 396 3611 461 χαίρουσαν
3638 394 3750 456 τοῖς

516 521 658 576 opus
684 505 750 558 ad
778 503 978 557 bonum
1003 502 1211 555 exitum
1259 500 1539 569 perducat,
1571 501 1709 555 citra
1730 515 1895 569 quem
1924 499 2080 554 valde

528 598 775 668 graviter
798 594 965 648 terret
998 591 1073 645 illi
1098 592 1315 646 animus
1338 591 1792 646 inhabitationem
1810 592 2079 660 corporis,

515 696 578 742 ut
626 688 735 756 jam
785 682 1115 751 consumpti.
1158 681 1361 737 Omnes
1414 696 1570 736 suam
1621 680 1719 736 tibi
1766 681 2085 750 prmbebunt

513 791 735 846 operam
764 774 830 828 ad
856 773 1020 828 ﬁnem
1047 783 1102 827 et
1131 787 1272 841 opus
1300 773 1405 827 hoc
1437 771 1672 826 arduum
1699 788 1713 824 :
1747 786 1911 826 nemo
1925 770 2084 841 quid-

526 882 691 938 quam
745 866 916 934 magis
954 873 1177 933 exoptat
1206 864 1312 921 line
1354 863 1460 918 hoc
1502 864 1851 932 optatissimo
1884 864 2097 918 :illum.

492 968 828 1029 spectamus
853 970 1066 1019 omnes,
1101 954 1403 1009 vehemens
1428 955 1579 1010 illius
1600 970 1755 1010 amor
1784 955 2087 1011 inﬂammat

516 1050 764 1104 omnium
790 1047 1030 1109 animos,
1067 1060 1261 1101 omnes
1290 1056 1578 1115 propterea
1607 1060 1640 1100 e
1685 1047 1847 1117 longe
1878 1047 2087 1103 dissitis

519 1135 837 1206 regionibus
861 1135 1224 1189 convenimus
1242 1143 1568 1203 :propterea
1595 1134 1649 1189 in
1670 1135 1845 1191 aliena
1862 1138 2086 1206 regione

517 1227 951 1295 peregrinamur,
983 1226 1236 1281 homines
1263 1226 1464 1294 partim
1488 1242 1519 1282 e
1545 1226 1720 1281 media
1762 1227 1878 1297 ipsa
1934 1229 2087 1283 Grae-

514 1318 622 1380 cia,
649 1316 849 1385 partim
880 1331 948 1370 ex
990 1317 1209 1372 ultimis
1238 1317 1395 1372 orbis
1436 1316 1506 1371 ad
1541 1322 1974 1388 septentrionem
2009 1328 2090 1374 at-

513 1422 624 1476 que
673 1406 740 1460 ad
766 1408 1036 1461 orientem
1081 1407 1318 1461 maxime
1348 1407 1706 1477 vergentibus
1734 1409 1912 1480 plagis
1944 1408 2087 1463 hanc

515 1496 687 1565 ipsam
719 1497 771 1551 in
799 1497 1009 1552 Italiam
1030 1496 1262 1551 navibus
1289 1502 1533 1554 advecti.

586 1584 666 1640 Ne
691 1600 821 1654 ergo
847 1594 954 1639 tam
993 1585 1294 1638 multorum
1324 1586 1512 1641 studio
1542 1589 1834 1657 pravaleat
1858 1588 2032 1644 hostis
2070 1607 2084 1655 ;

2183 494 2442 562 παροῦσι,
2475 492 2568 544 καὶ
2608 486 3073 558 ἐνασμενίζουσαν
3106 484 3185 555 τῷ
3223 482 3459 554 σώματι,
3488 485 3577 538 ενα
3599 483 3752 549 τέλος

2183 582 2470 648 ἐπενέγκοι
2498 576 2576 647 τῷ
2607 575 2736 645 θείῳ
2764 573 2941 643 τούτῳ
2972 572 3119 642 ἐργω
3143 571 3401 643 χρηστὸν,
3426 570 3502 634 ὡς
3528 572 3661 625 ἄνευ
3686 589 3752 641 γε

2183 673 2375 727 τούτου
2406 671 2500 724 καὶ
2541 666 2686 721 πάνυ
2711 665 2778 719 ἂν
2816 662 3301 735 ἀχθεσθησομένην
3343 662 3420 732 τῷ
3456 664 3649 732 σκήνει
3678 662 3754 725 ὥς

2184 766 2287 834 ἥδη
2322 761 2577 830 καμόντι.
2631 757 2842 819 Πάντες
2869 771 2952 808 σοι
3000 752 3371 822 συλλήψονται
3400 752 3496 805 τοῦ
3542 752 3754 807 σκοποῦ

2186 855 2279 907 καὶ
2321 851 2419 905 τοῦ
2470 849 2741 919 παρόντος
2795 847 3041 914 ἀγῶνος·
3072 845 3249 907 οὐδεὶς
3290 843 3420 898 ἄλλο
3457 861 3510 897 τι
3546 845 3756 914 μᾶλλον

2187 944 2442 1013 ἐπιθυμεῖ
2500 940 2596 994 τοῦ
2646 938 2845 1007 ἐφετοῦ
2897 935 3089 988 τούτου
3136 936 3361 999 τέλους·
3414 936 3551 1006 πρὸς
3597 935 3757 988 τοῦτο

2189 1035 2460 1105 βλέπομεν
2490 1033 2691 1093 πάντες
2713 1044 2727 1059 ⁸
2758 1029 2970 1081 ἐκείνου
3003 1028 3223 1081 πάντων
3270 1027 3369 1090 τὰς
3401 1028 3581 1096 ψυχὰς
3615 1029 3757 1097 ἐρως

2152 1122 2159 1127 ’
2187 1124 2481 1192 άναφλέγει
2506 1120 2732 1190 σφοδρός
2756 1136 2768 1150 ·
2791 1118 2881 1172 διὰ
2910 1119 3067 1171 τοῦτο
3094 1118 3378 1188 μακρόθεν
3397 1119 3601 1179 πάντες
3632 1135 3757 1170 συν-

2189 1215 2425 1284 ήλθομεν
2450 1229 2464 1245 ο
2494 1212 2583 1266 διὰ
2605 1211 2762 1265 τοῦτο
2800 1212 2887 1263 ἐπ’
2910 1209 3213 1281 ἀλλοδαπῆς
3244 1209 3621 1278 διατρίϐομεν,
3668 1209 3760 1262 άν-

2189 1308 2401 1377 θρωποι
2434 1307 2481 1359 οί
2511 1304 2612 1374 μὲν
2655 1305 2720 1357 ἐκ
2762 1302 2934 1372 μέσης
2964 1302 3137 1370 αὐτῆς
3174 1302 3275 1371 τῆς
3308 1300 3581 1364 Ἑλλάδος,
3630 1302 3683 1353 οἱ
3713 1299 3759 1352 δ’

2188 1399 2255 1449 ἐκ
2286 1396 2649 1466 βορειοτάτων
2704 1410 2765 1447 τε
2794 1394 2889 1447 καὶ
2920 1393 3406 1446 ἁνατολικωτάτων
3447 1394 3546 1461 τῆς
3575 1393 3762 1443 οἱκουι

2191 1488 2358 1557 μένης
2387 1486 2756 1549 πεπλευκότες
2787 1486 2868 1547 είς
2910 1484 3146 1537 Ἰταλίαν
3175 1484 3373 1553 αὐτὴν.

2260 1579 2350 1648 Μὴ
2387 1577 2452 1647 δὴ
2482 1578 2757 1630 τοσούτων
2807 1574 3047 1644 σπουδῆς
3075 1577 3106 1628 ό
3140 1574 3337 1644 ἐχθρὸς
3390 1573 3755 1643 περιγένοιτο,

517 1695 863 1750 nequaquam
893 1679 984 1733 ﬁat
1013 1678 1137 1742 hoc,
1176 1678 1429 1735 Salvator
1454 1682 1598 1736 Deus
1628 1698 1645 1736 :
1680 1699 1749 1739 ne
1780 1694 1966 1740 tantus
1988 1700 2086 1741 no-

2194 1669 2289 1741 μὴ,
2315 1669 2418 1724 Θεέ
2443 1668 2662 1738 Σῶτερ’
2693 1666 2768 1737 μὴ
2802 1669 3135 1736 ματαιώσειε
3165 1665 3265 1735 τὴν
3294 1665 3564 1735 τοσαύτην
3596 1664 3760 1734 ἡμῶν

516 1780 631 1825 ster
688 1781 1019 1834 conventus,
1085 1779 1193 1824 tam
1248 1771 1535 1840 frequens,
1586 1782 1692 1827 tam
1744 1776 1918 1830 multo
1956 1785 2083 1830 ante

2190 1760 2461 1816 τοσούτων
2493 1775 2558 1827 γε
2607 1758 2800 1823 όντων,
2854 1757 2997 1812 οὕτω
3043 1756 3557 1827 μεμεριμνημένην,
3612 1754 3760 1808 οὕτω

517 1862 836 1924 meditatus.
890 1870 999 1916 tam
1062 1863 1251 1919 multis
1298 1866 1457 1921 annis
1505 1865 1926 1933 consideratus,
1972 1878 2081 1923 tam

510 1954 704 2023 [multis
758 1953 1042 2009 laboribus
1086 1956 1375 2025 multoque
1425 1959 1619 2014 studio
1667 1958 1916 2026 habitus,
1965 1962 2085 2031 ejus

514 2060 684 2113 opera
718 2046 789 2098 sit
823 2044 1048 2100 frustra.
1088 2044 1209 2102 Non
1230 2057 1318 2104 est
1358 2047 1466 2104 hoc
1505 2050 1814 2119 sapientum
1868 2052 2085 2107 divino-

516 2150 750 2203 rumque
779 2136 1089 2201 hominum,
1109 2153 1373 2196 eorumve
1403 2141 1495 2212 qui
1523 2157 1805 2199 sermones
1831 2158 1962 2200 suos
1987 2161 2087 2200 no-

515 2238 647 2282 runt
677 2229 731 2281 in
768 2230 978 2296 judicio
1008 2229 1323 2300 disponere.
1375 2234 1526 2289 Alios
1566 2235 1848 2291 adoriatur
1890 2238 2084 2305 hostis,

513 2316 639 2371 aliis
677 2316 908 2372 devictis
958 2317 1216 2383 insultet,
1253 2334 1357 2375 nos
1387 2329 1569 2375 autem
1625 2336 1970 2392 nequaquam
2004 2332 2084 2377 at-

518 2408 709 2477 tingat.
758 2406 1115 2475 Spiritalibus
1163 2409 1334 2464 armis
1366 2410 1471 2481 ipsi
1503 2427 1603 2466 nos
1632 2427 1910 2468 armemus
1938 2414 2085 2468 hosti

514 2497 732 2551 obviam
767 2497 921 2551 ituri.
951 2496 1249 2553 lnduamur
1284 2500 1514 2556 loricam
1538 2502 1765 2570 iustitiae
1787 2513 1842 2558 et
1877 2503 2082 2574 galeam

514 2587 764 2657 spiritus,
793 2602 857 2642 ac
882 2586 1023 2644 duce
1056 2591 1218 2645 nobis
1252 2592 1349 2646 Dei
1384 2593 1555 2648 verbo
1582 2594 1859 2649 irruamus
1896 2596 1951 2649 in
1982 2596 2086 2649 ho-

515 2686 667 2741 stes;
697 2676 1066 2733 subsistamus
1094 2688 1278 2734 autem
1313 2695 1643 2750 quocunque
1683 2683 1816 2737 illud
1850 2699 1952 2739 nos
1983 2684 2085 2739 du-

516 2767 678 2833 xerit,
711 2770 1059 2825 destruentes
1092 2781 1313 2826 omnem
1340 2772 1688 2827 altitudinem
1731 2775 2083 2831 extollentem

517 2873 578 2914 se
599 2857 873 2915 adversus
895 2861 1128 2931 gloriam
1157 2862 1277 2926 Dei,
1310 2876 1536 2917 omnem
1577 2864 1968 2934 cogitationem
1995 2881 2087 2920 su-

517 2950 740 3017 perbam
768 2959 823 3007 et
848 2951 1095 3021 gloriola
1112 2952 1326 3008 avidam
1352 2970 1367 3020 ;
1407 2954 1771 3010 humilitatem
1798 2970 1929 3012 vero
1956 2957 2085 3012 Dei-

2190 1853 2458 1921 πολυετῆ,
2513 1849 2658 1907 οὕτω
2692 1850 2912 1912 πολλοῖς
2960 1848 3144 1912 πόνοις
3192 1849 3288 1903 καὶ
3326 1848 3498 1918 πολλῇ
3548 1847 3756 1916 σπουδῇ

2190 1943 2641 2012 κατορθωθεῖσαν
2672 1942 3007 1996 συνέλευσιν.
3058 1941 3135 1995 Οὐ
3175 1940 3313 2011 πρὸς
3354 1938 3567 2008 ἀνδρῶν
3593 1939 3758 1991 τοῦτο

2189 2036 2367 2104 σοφῶν
2400 2052 2459 2088 τε
2491 2037 2586 2088 καὶ
2635 2033 2819 2098 θείων,
2848 2032 2967 2087 ούδὶ
2990 2028 3126 2095 ³τοῦς
3172 2032 3363 2102 λόγους
3401 2031 3653 2086 εὐθύνειν
3679 2033 3757 2083 εί·-

2187 2128 2354 2182 δότων
2379 2130 2436 2181 ἐν
2468 2127 2672 2197 κρίσει.
2705 2124 2923 2186 Ἀλλοις
2954 2124 2983 2177 'o
3007 2122 3197 2193 εχθρὸς
3223 2122 3630 2192 ἐπεμϐαινέτω,
3660 2122 3754 2177 άλ-

2186 2220 2300 2283 λοις
2347 2219 2682 2289 ἐπιχαιρέτω
2731 2217 2922 2284 νικῶν,
2974 2216 3133 2288 ἡμῶν
3160 2217 3219 2271 δὲ
3263 2216 3340 2287 μὴ
3389 2216 3755 2287 προσάψαιτο.

2188 2312 2313 2373 Τοῖς
2345 2312 2743 2379 πνευματικοῖς
2783 2311 2970 2374 ὅπλοις
2999 2311 3152 2380 ἡμᾶς
3183 2309 3382 2372 αὐτοὺς
3413 2308 3761 2363 καθοπλίσω-

2190 2418 2291 2470 μεν
2347 2400 2802 2472 άντιστησόμενοι
2864 2400 2946 2471 τῷ
3018 2399 3300 2470 πολεμίῳ·
3352 2399 3759 2468 άναλαϐώμεθα

2191 2492 2419 2562 θώρακα
2458 2490 2837 2562 δικαιοσύνης,
2869 2493 2966 2546 καὶ
2996 2491 3437 2562 περικεφαλαίαν
3465 2492 3561 2545 τοῦ
3589 2492 3758 2545 πνεύ-

2191 2601 2382 2654 ματος.
2409 2584 2505 2637 καὶ
2545 2583 2637 2637 τοῦ
2676 2585 2772 2637 τοῦ
2799 2584 2934 2638 Θεοῦ
2974 2585 3226 2654 ῥήματος
3283 2584 3415 2653 ἡμῖν
3447 2584 3756 2652 ἡγουμένου

2187 2674 2432 2743 ἐπίωμεν
2454 2674 2597 2745 κατᾲ
2618 2673 2727 2728 τῶν
2754 2673 3135 2743 πολεμούντων
3152 2690 3166 2703 °
3210 2673 3661 2743 καταπαύσωμεν
3703 2674 3761 2727 δι

2188 2756 2244 2815 οἷ
2272 2762 2340 2817 ἂν
2367 2765 2503 2834 ἡμῖν
2520 2765 2653 2819 αὐτὸ
2687 2766 2972 2834 ὑφηγοῖτο,
2997 2766 3387 2836 καθαιροῦντες
3410 2766 3524 2819 πᾶν
3556 2764 3759 2833 ὕψωμα

2186 2857 2550 2926 ἐπαιρόμενον
2575 2858 2716 2910 κατὰ
2742 2858 2846 2927 τῆς
2869 2856 2965 2911 τοῦ
3000 2857 3138 2910 Θεοῦ
3184 2858 3363 2927 δόξης,
3393 2855 3572 2910 πάντα
3602 2857 3760 2923 λογι-

2189 2947 2325 3016 σμὸν
2358 2948 2712 3019 ὑπερήφανον
2745 2948 2841 3003 καὶ
2868 2948 3167 3014 κενόδοξον.
3204 2948 3552 3003 Ταπεινὼσει
3578 2946 3639 3001 δέ
3662 2947 3759 3000 καὶ

517 3055 625 3109 que
652 3043 903 3097 timorem
932 3044 1261 3101 adhibentes
1293 3044 1362 3100 ad
1386 3046 1643 3101 obeunda
1671 3048 1996 3113 certamina,
2021 3048 2086 3103 il-

2189 3041 2341 3109 φόϐῳ
2386 3040 2524 3094 Θεοῦ
2577 3041 2856 3112 χρώμενοι
2888 3041 3140 3112 συνεργῷ
3192 3041 3332 3113 πρὸς
3359 3043 3485 3107 τοὺς
3534 3040 3757 3105 ἄθλους,

515 3132 742 3203 lumque
769 3149 880 3203 pra:
921 3136 1099 3191 oculis
1128 3134 1416 3200 habentes,
1466 3150 1635 3209 utque
1663 3140 1729 3194 ad
1765 3141 1916 3196 illum
1960 3155 2088 3211 per-

518 3223 805 3280 veniamus
826 3226 1244 3293 contendentes,
1268 3242 1661 3300 nonnunquam
1687 3231 1827 3286 vinci
1866 3246 2090 3301 quoque

512 3313 663 3371 bene
684 3315 863 3386 potius
882 3316 1150 3383 volentes,
1168 3332 1331 3388 quam
1350 3320 1571 3376 vincere
1598 3323 1655 3375 in
1674 3322 1931 3377 omnibus
1972 3337 2090 3377 ma-

516 3405 602 3472 le;
627 3420 753 3462 cum
776 3409 920 3464 ratio
946 3409 1076 3466 boni
1104 3424 1217 3465 non
1240 3412 1417 3467 solum
1444 3411 1498 3466 in
1522 3427 1589 3468 eo
1612 3413 1763 3478 insit,
1791 3414 1835 3469 si
1857 3415 1981 3484 quis
2003 3416 2090 3471 vi-

515 3499 745 3554 ctoriam
774 3500 1044 3567 obtineat,
1078 3515 1203 3556 cum
1236 3501 1435 3558 habeat
1466 3518 1496 3558 a
1525 3518 1586 3559 se
1619 3504 1910 3561 veritatem
1937 3523 1953 3573 ;
1991 3506 2087 3563 sed

513 3590 884 3646 nihilominus
920 3592 973 3645 in
1031 3607 1100 3647 eo
1133 3594 1299 3648 etiam
1336 3592 1482 3649 idem
1513 3594 1646 3650 boni
1672 3597 1870 3653 modus
1906 3613 2090 3653 serve-

514 3691 625 3747 tur,
658 3683 703 3735 si
726 3681 852 3752 quis
868 3681 1011 3737 bene
1036 3683 1385 3748 succumbat,
1410 3686 1556 3755 quod
1582 3688 1812 3757 perinde
1832 3698 2089 3744 censetur

516 3788 580 3827 ac
636 3774 881 3830 vincere.
912 3773 1239 3844 Quanquam
1270 3774 1473 3831 dixerit
1520 3776 1755 3833 fortasse
1786 3780 2085 3850 quispiam,

515 3865 695 3933 majus
735 3865 900 3919 etiam
950 3864 1054 3921 hoc
1101 3880 1223 3921 esse
1268 3867 1437 3937 priori
1484 3868 1579 3923 illo
1611 3867 1840 3934 bonum,
1868 3871 2089 3939 quando

516 3954 813 4024 unicuique
860 3955 1128 4011 conducit
1167 3958 1359 4028 magis,
1403 3960 1583 4029 ipsum
1624 3959 1763 4016 atllci
1795 3960 2087 4027 beneﬁcio,

513 4060 676 4114 quam
719 4044 936 4100 adicere
974 4047 1183 4101 alium:
1215 4057 1272 4102 et
1292 4049 1486 4105 audire
1512 4050 1720 4120 potius,
1753 4066 1918 4121 quam
1966 4053 2089 4109 aliis

514 4134 702 4190 dicere
737 4152 752 4189 :
783 4146 839 4191 et
871 4136 1095 4192 liberari
1125 4138 1196 4192 ab
1233 4153 1448 4204 errore,
1474 4155 1638 4210 quam
1661 4141 1915 4201 liberare.
1947 4144 2090 4199 Invi-

513 4226 756 4281 ctissime
789 4227 1108 4296 imperator,
1131 4229 1241 4298 jam
1262 4245 1351 4285 res
1364 4239 1451 4285 est
1476 4231 1531 4286 in
1553 4233 1798 4299 cardine,
1828 4237 2087 4307 venitque

516 4327 733 4386 tempus
763 4317 911 4386 quod
959 4318 1069 4388 jam
1107 4318 1202 4374 diu
1235 4322 1527 4392 exoptasti.
1561 4323 1639 4379 Da
1668 4339 1800 4396 ergo
1830 4326 1942 4381 Deo
1970 4329 2086 4399 glo-

515 4409 652 4462 riam
679 4417 735 4462 et
770 4408 1022 4465 collauda
1047 4425 1171 4465 eum
1195 4430 1209 4478 ;
1258 4412 1408 4470 illius
1451 4414 1556 4473 hoc
1578 4430 1716 4487 opus
1743 4420 1961 4482 est,ille
1985 4422 2084 4476 tibi

515 4499 657 4555 hanc
684 4499 875 4570 injecit
901 4500 1316 4571 cogitationem,
1353 4513 1564 4560 tantum
1597 4508 1919 4563 instillando
1936 4525 2085 4564 alno-

515 4604 631 4645 rem
662 4607 676 4645 :
704 4590 801 4646 illo
832 4606 1052 4661 quoque
1075 4594 1385 4663 Opitulante
1434 4612 1525 4653 res
1572 4598 1639 4652 ad
1682 4600 1831 4654 hunc
1878 4611 2083 4655 statum

513 4678 780 4749 perducta
808 4690 916 4735 est.
942 4680 996 4736 Si
1023 4682 1188 4752 igitur
1215 4685 1286 4739 ob
1307 4695 1436 4742 ante
1470 4696 1591 4742 acta
1613 4688 1836 4758 quidem
1864 4706 2086 4760 magnas

512 4772 563 4826 ei
587 4770 794 4842 gratias
821 4772 1205 4841 habuerimus,
1226 4792 1328 4845 pro
1361 4777 1564 4834 futuris
1598 4796 1730 4836 vero
1759 4789 1874 4837 toto
1900 4782 2086 4837 animo

516 4878 706 4932 preces
761 4863 1141 4931 el'fuderimus,
1176 4882 1290 4922 rem
1335 4878 1487 4925 certe
1543 4881 1601 4926 et
1635 4873 1793 4927 nobis
1823 4882 1882 4929 et
1919 4888 2085 4944 opere

513 4953 661 5024 quod
685 4956 1025 5024 propositum
1050 4966 1136 5012 est
1168 4958 1387 5030 dignam
1415 4960 1788 5031 eﬂ'ecerimus,
1817 4964 2087 5034 nobisque

512 5044 813 5114 propitium
842 5046 1018 5117 magis
1058 5048 1237 5118 ipsum
1267 5049 1695 5118 reddiderimus,
1739 5054 1784 5109 si
1812 5069 1915 5109 nos
1943 5054 2087 5111 votis

513 5134 721 5189 nostris
734 5133 929 5205 dignos
962 5146 1305 5205 prmstemus,
1331 5139 1461 5195 dum
1494 5150 1551 5196 et
1571 5140 1641 5196 de
1674 5142 1964 5212 preteritis
1997 5144 2088 5197 ln-

512 5225 652 5293 grati
679 5239 788 5280 non
809 5228 1042 5292 erimus,
1074 5242 1285 5298 nosque
1318 5230 1465 5300 ipsos
1501 5240 1558 5287 et
1583 5233 1863 5303 negotium
1907 5242 2085 5288 totum

514 5312 571 5366 in
600 5328 725 5368 eum
765 5316 1144 5390 rejecerimus,
1175 5322 1325 5374 omni
1362 5330 1553 5376 nostra
1587 5336 1685 5391 spe
1730 5331 1789 5378 et
1820 5323 2087 5379 sollicitu-

512 5403 643 5459 dine
671 5406 935 5464 collocata
961 5409 1015 5463 in
1043 5423 1114 5464 eo
1152 5428 1167 5465 :
1200 5411 1404 5482 quippe
1431 5427 1559 5467 cum
1586 5414 1779 5483 ipseis
1808 5414 1880 5469 sit
1923 5431 1951 5468 a
1975 5430 2086 5485 quo

511 5496 798 5553 nutriendi
849 5514 1043 5556 sumus
1080 5503 1291 5559 scelesti
1323 5520 1388 5561 ac
1434 5505 1625 5562 divino
1652 5505 1934 5570 alimento,
1967 5508 2087 5561 sine

512 5602 621 5654 quo
659 5604 766 5642 non
796 5590 941 5645 vivet
971 5592 1165 5649 homo:
1191 5595 1259 5650 Et
1300 5597 1767 5666 quemadmodum
1802 5612 1951 5652 nunc
1999 5612 2087 5651 us-

515 5693 623 5747 que
651 5695 761 5736 non
796 5682 1055 5740 destitisti
1088 5694 1202 5743 tum
1222 5688 1488 5755 precibus
1511 5705 1543 5746 a
1575 5690 1686 5748 Deo
1716 5691 1978 5748 auxilium
2005 5689 2085 5748 el-

2191 3132 2447 3185 κάκεῖνον
2478 3133 2587 3201 πρὸ
2608 3130 2914 3203 ’ὀφθαλμῶν
2952 3133 3193 3204 θέμενοι,
3228 3135 3325 3188 καὶ
3366 3136 3502 3203 πρ³ς
3547 3136 3761 3187 ἐκεῖνον

2190 3222 2541 3290 ἐπειγόμενοι
2587 3224 2794 3291 φθάσαι
2818 3237 2834 3255 ·
2865 3224 3013 3277 ἐστιν
3042 3217 3104 3277 οὗ
3147 3225 3243 3277 καὶ
3271 3223 3527 3278 νικᾶσθαι
3569 3223 3763 3286 καλῶς

2191 3312 2398 3382 μᾶλλον
2437 3313 2739 3380 ἐθέλοντες,
2772 3315 2807 3385 ἢ
2840 3317 2999 3385 νικᾷν
3034 3316 3096 3368 έν
3126 3316 3263 3368 πᾶσι
3298 3315 3485 3378 κακῶς
3510 3331 3527 3348 ο
3562 3314 3663 3368 άτε
3690 3316 3761 3385 δὴ

2193 3405 2270 3476 μὴ
2299 3405 2391 3459 τοῦ
2417 3406 2804 3474 περιγίνεσθαι
2832 3408 3018 3476 μόνον,
3048 3408 3176 3461 ὅταν
3211 3408 3334 3478 μεθ’
3352 3408 3551 3461 ἑαυτοῦ
3582 3409 3759 3479 τάλη-

2191 3498 2282 3561 θὲς
2310 3498 2430 3569 ἔχῃ,
2456 3499 2551 3552 τὸν
2578 3496 2789 3565 άγαθοῦ
2822 3497 3087 3562 σώζοντος
3119 3499 3300 3568 λόγον,
3334 3498 3449 3554 ἀλλ’
3478 3501 3633 3556 οὐδὲν
3652 3496 3761 3572 ἧτ-

2187 3607 2279 3645 τον
2310 3594 2405 3644 καὶ
2447 3588 2542 3643 τοῦ
2574 3590 2843 3661 ἡττᾶσθαι
2876 3592 3056 3655 καλῶς
3084 3595 3250 3646 ταυτὸ
3296 3593 3391 3647 τοῦ
3422 3594 3589 3646 καλοῦ
3644 3593 3760 3646 σώ-

2191 3681 2375 3747 ζοντος
2408 3680 2630 3752 μέτρον,
2657 3682 2754 3738 καὶ
2782 3684 2840 3736 ἐν
2875 3682 2976 3752 (etp
3006 3685 3102 3738 τοῦ
3136 3687 3361 3756 κρατεῖν
3399 3686 3757 3754 κρινομένου.

2190 3770 2386 3824 Καίτοι
2438 3771 2576 3840 φαίη
2625 3788 2711 3835 τις
2737 3771 2803 3825 ἂν
2836 3771 2966 3835 ἴσως
3000 3772 3096 3825 καὶ
3138 3774 3325 3841 μεῖζον
3377 3774 3582 3841 άγαθὸν
3610 3769 3764 3829 εἶναι

2190 3861 2349 3916 τοῦτο
2378 3863 2473 3915 τοῦ
2502 3863 2796 3933 πρότερον,
2826 3864 2985 3934 ειπερ
3012 3863 3460 3935 λυσιτελέστερον
3485 3865 3563 3936 τῷ
3592 3869 3767 3920 παντὶ

2189 3952 2353 4006 αὑτὸν
2382 3954 2586 4020 ἀγαθόν
2613 3969 2665 4006 τι
2692 3953 2886 4008 παθεῖν
2924 3955 2957 4021 ἢ
2995 3956 3152 4010 ἄλλον
3196 3957 3460 4025 ποιῆσαι·
3488 3958 3582 4010 καὶ
3620 3959 3767 4025 μᾶλ-

2189 4046 2281 4101 λον
2311 4045 2546 4100 ἀκοῦσαι
2576 4046 2610 4116 ἢ
2660 4045 2826 4116 φάναι
2860 4048 3068 4116 ἑτέροις
3092 4063 3106 4078 ·
3144 4048 3237 4099 καὶ
3274 4048 3478 4117 πλάνης
3507 4050 3770 4105 ἀπαλλα-

2188 4139 2353 4208 γῆναι
2399 4137 2431 4208 ἢ
2481 4136 2820 4203 ἀπαλλάξαι.
2872 4139 3144 4206 Κράτιστε
3176 4138 3420 4210 βασιλεῦ,
3453 4139 3539 4191 ἐπ’
3584 4141 3770 4210 αὐτῆς

2188 4232 2285 4301 τῆς
2333 4230 2521 4300 ἀκμῆς
2571 4227 2673 4301 ἧκε
2702 4232 2772 4284 τὰ
2804 4231 3125 4301 πράγματα,
3175 4233 3269 4285 καὶ
3307 4231 3369 4283 δν
3412 4232 3476 4283 ἐκ
3541 4231 3769 4300 μακροῦ

2190 4323 2377 4391 χρόνοι
2413 4322 2655 4387 ἐπόθεις,
2702 4324 2930 4391 ἐπέστη.
2966 4322 3165 4376 Λοιπὸν
3193 4323 3281 4386 δὸς
3310 4323 3468 4387 δόξαν
3493 4323 3571 4391 τῷ
3609 4322 3765 4392 Θεῷ,

2118 4404 2163 4462 ι)
2188 4409 2338 4470 αἶνον
2387 4415 2587 4477 ἀπόδος
2621 4414 2772 4484 αὐτῷ
2799 4429 2814 4444 ⁰
2848 4413 3061 4467 ἐκείνου
3114 4413 3263 4467 τοῦτ’
3290 4414 3451 4484 ἔργον
3474 4431 3490 4446 ·
3547 4416 3770 4478 ἐκεῖνος

2188 4510 2296 4578 γάρ
2326 4524 2410 4560 σοι
2441 4507 2585 4560 κατὰ
2613 4504 2740 4559 νοῦν
2769 4503 2919 4558 τοῦτ’
2948 4504 3175 4574 ἐνέθηκε
3211 4505 3303 4557 τὸν
3328 4504 3586 4558 τοσοῦτον
3614 4508 3767 4569 ἐνεὶς

2187 4598 2401 4668 ἔρωτα·
2435 4597 2648 4650 ἐκείνου
2682 4597 2780 4649 καὶ⁵
2812 4595 3215 4665 συλλαὸομένου
3250 4598 3306 4659 ἐς
3334 4597 3453 4649 τόδε
3500 4597 3763 4666 ἀφίκετο.

2192 4693 2253 4744 Et
2284 4692 2350 4760 δὴ
2384 4691 2484 4761 τὴν
2516 4690 2614 4759 μὲν
2641 4687 2799 4752 ἀξίαν
2828 4686 2981 4755 αύτῷ
3011 4688 3173 4757 χάριν
3206 4690 3334 4756 περὶ
3372 4687 3481 4739 τῶν
3512 4685 3769 4755 φθασάν-

2188 4800 2297 4836 των
2339 4779 2625 4849 εἰσόμεθα,
2653 4781 2803 4849 .περὶ
2832 4778 2892 4832 δὲ
2936 4778 3051 4831 τῶν
3087 4778 3389 4847 μελλόντων
3432 4777 3582 4847 πάσῃ
3608 4780 3765 4849 ψυχῇ

2186 4874 2519 4944 δεησόμεθα,
2558 4872 2683 4936 ἄξια
2707 4871 2980 4942 δράσομεν
3006 4871 3106 4923 καὶ
3136 4870 3294 4939 ἡμῶν
3324 4870 3507 4924 αὐτῶν
3536 4873 3629 4923 καὶ
3658 4870 3765 4925 τοῦ

2186 4966 2353 5035 ἐργου
2405 4964 2501 5018 τοῦ
2559 4963 2949 5033 προκειμένου,
3009 4963 3104 5015 καὶ
3161 4961 3364 5031 μᾶλλον
3418 4962 3766 5030 ίλεωσόμεθα.

2184 5058 2372 5124 ἀξίους
2398 5057 2546 5126 ἡμᾶς
2572 5055 2770 5119 αὐτοὺς
2792 5055 2906 5108 τῶν
2925 5055 3219 5124 ηὐγμένων
3237 5052 3567 5119 δεικνύντες,
3590 5049 3676 5116 οἷς
3698 5070 3765 5106 τε

2188 5148 2319 5216 περὶ
2341 5149 2410 5200 τὰ
2443 5147 2728 5215 φθάσαντα
2758 5146 2859 5198 οὐκ
2888 5146 3380 5215 άγνωμονήσομεν,
3410 5140 3491 5208 οἷς
3517 5162 3579 5198 τε
3610 5148 3769 5215 ἡμᾶς

2186 5238 2385 5301 αὐτοὺς
2414 5240 2509 5291 καὶ
2534 5237 2629 5292 τοῦ
2653 5236 2817 5306 ἔργου
2849 5238 2912 5291 τὸ
2944 5239 3052 5292 πᾶν
3079 5238 3158 5300 είς
3189 5236 3354 5290 αὐτὸν
3378 5236 3759 5307 ἀναθήσομεν,

2187 5331 2369 5390 πάσας
2398 5329 2559 5399 ἡμῶν
2590 5330 2680 5380 ἐπ’
2706 5328 2871 5383 αὐτὸν
2920 5329 3349 5399 ἐπιρῤίπτοντες
3379 5328 3481 5391 τάς
3532 5326 3763 5388 ἐλπίδας

2185 5438 2246 5474 τε
2274 5422 2368 5475 καὶ
2404 5420 2702 5492 μερίμνας,
2732 5420 2809 5482 ὡς
2840 5419 3009 5474 αὐτοῦ
3046 5420 3201 5482 ὄντος
3225 5419 3322 5472 τοῦ
3364 5418 3512 5487 ἡμᾶς
3535 5415 3762 5484 διαθρέσ

2186 5512 2379 5581 ψοντος
2403 5510 2610 5580 τροφὴν
2636 5511 2740 5579 τὴν
2774 5510 2921 5562 θείαν
2944 5527 3004 5562 τε
3032 5511 3127 5562 καὶ
3149 5509 3422 5579 οὐράνιον,
3444 5501 3511 5577 ἧς
3535 5506 3669 5558 ἄνευ
3692 5504 3763 5559 οὐ

2190 5601 2415 5667 ζήσεται
2460 5599 2769 5669 ἄνθρωπος.
2807 5599 3018 5665 Ὥσπερ
3048 5598 3105 5650 δέ
3151 5596 3536 5656 διατετέλεκας
3588 5593 3762 5663 μέχρι

2186 5688 2282 5744 τοῦ
2315 5686 2431 5756 νῦν,
2466 5689 2526 5743 τὸ
2556 5688 2658 5760 μέν
2684 5705 2735 5742 τι
2766 5688 3060 5759 εὐχόμενος
3086 5684 3164 5758 τῷ
3188 5686 3307 5756 Θεῷ
3335 5684 3431 5739 καὶ
3457 5682 3561 5752 τῆς
3587 5679 3765 5741 αὑτοῦ
