3990 6212
349 310 447 376 st:
1383 317 1665 393 onmno
1706 321 1900 381 ann

1999 319 2122 378 [11E
2178 321 2487 382 HABITA.

3476 334 3584 401 £42

347 430 667 500 συμμαχίας
718 430 993 500 δεόμενος,
1042 434 1102 487 τὸ
1133 433 1191 486 δέ
1221 451 1274 488 τι
1310 434 1566 499 πράττων
1595 440 1688 491 καί
1745 437 1900 495 αὐτὸς

2006 431 2272 501 ﬂagitare,
2326 445 2439 488 tum
2478 444 2534 489 et
2568 435 2683 502 ipse
2711 450 2830 503 qua:
2878 452 2975 503 par
3003 439 3119 491 crat
3173 454 3452 508 praestare,
3507 448 3579 500 ita

344 522 415 573 τά
458 522 666 581 εἰκότα,
717 520 862 573 οὕτω
893 523 1079 575 καὶτὸ
1109 525 1220 578 άπὸ
1270 525 1424 578 τοῦδε
1458 527 1640 596 πολλῷ
1681 528 1902 595 μᾶλλον,

344 610 456 677 ὅσῳ
485 608 762 677 φθάνομεν
795 609 931 678 πρὸς
960 612 1020 663 τὺ
1049 613 1222 677 τέλος,
1256 616 1668 686 προθυμότερός
1688 635 1746 670 τε
1775 634 1909 670 σαυ-

2014 526 2187 578 multo
2231 526 2402 594 magis
2432 526 2483 580 in
2512 536 2817 595 posterum,
2861 539 3066 596 quanto
3095 545 3286 586 sumus
3320 534 3412 588 lini
3451 537 3579 590 vici-

2010 615 2214 675 niores,
2237 616 2462 670 ostende
2497 626 2547 670 te
2584 618 3000 685 promptiorem,
3020 630 3074 673 et
3102 621 3296 689 partim
3330 623 3579 679 invocato

344 697 441 750 τοῦ
478 698 700 767 φάνηθι,
755 700 849 752 καὶ
874 701 936 752 τὸ
984 703 1086 772 μέν
1124 719 1181 756 τι
1224 706 1488 760 ἑπικαλοῦ
1533 708 1625 759 τὸν
1661 708 1815 773 Θεὸν,
1845 708 1900 761 τὲ

2013 703 2200 766 Deum,
2243 707 2440 773 partim
2472 715 2527 760 et
2579 712 2695 776 ipse
2724 719 2920 761 novato
2950 723 3193 778 operam,
3242 726 3350 766 non
3394 727 3578 781 noctu,

344 784 403 837 δέ
438 803 492 838 τι
521 789 615 840 καὶ
653 788 815 851 αὐτὸς
844 793 1073 858 πρᾶττε,
1108 794 1183 863 μὴ
1212 795 1450 867 νύκτωρ,
1490 798 1563 868 μὴ
1619 799 1738 867 μεθ’
1773 799 1909 869 ἠμέ-

2008 806 2115 844 ιιοη
2178 791 2421 847 interdiu
2471 795 2642 863 quieti
2688 804 2741 849 te
2791 798 3030 860 tradens,
3065 799 3239 855 donec
3275 804 3341 855 ad
3373 802 3577 857 bonum

349 892 452 944 ραν
508 879 832 946 παυόμενος,
862 880 967 944 ἕως
1019 883 1085 935 ἃν
1115 886 1194 947 εἰς
1226 886 1431 954 ἀγαθὸν
1474 890 1900 959 κανταντήσειας

2008 883 2294 949 pervenias
2334 882 2496 937 ﬁnem
2549 894 2603 938 et
2632 886 2782 939 curis
2828 888 3068 941 animum
3104 891 3331 945 liberes.
3363 894 3493 958 Quae
3526 898 3576 950 vi

345 968 518 1031 τέλος,
560 973 657 1022 καὶ
706 973 821 1033 τοῖς
871 971 1156 1043 λογισμοῖς
1209 976 1392 1047 εὕροις
1434 981 1776 1037 ἀνάπαυσιν.
1823 983 1907 1036 Τά

347 1054 444 1125 at;
492 1075 581 1110 ποι
620 1060 895 1129 φερόμενα
936 1066 1032 1117 καὶ
1062 1066 1162 1119 ὅσα
1194 1068 1254 1120 τὸ
1284 1070 1564 1137 ἐνδόσιμον
1597 1074 1696 1141 τῆς
1746 1077 1903 1143 κινή-

347 1161 487 1207 σεως
521 1147 806 1217 εἰλήχασιν
848 1151 1078 1218 ἔξωθεν,
1107 1155 1484 1229 σχολαιότερον
1518 1162 1744 1226 φέρεται
1776 1166 1903 1233 περὶ
1930 1169 1936 1175 “

342 1235 403 1286 τὸ
428 1235 579 1298 τέλος
604 1238 873 1308 γενόμενα
896 1255 912 1271 ⁸
940 1242 1042 1297 ὅσα
1063 1243 1119 1296 δὲ
1142 1246 1303 1312 φύσει
1336 1250 1430 1302 καί
1453 1250 1688 1316 οἴκοθεν,
1725 1252 1902 1309 ταῦτά

340 1341 406 1391 γε
434 1326 627 1381 θᾶττον
663 1333 893 1386 κινεῖται
927 1333 1297 1403 πλησιάζοντα
1328 1343 1465 1410 πρὸς
1489 1344 1551 1396 τὸ
1580 1344 1752 1408 τέλος.
1791 1347 1902 1399 Καὶ

342 1414 409 1466 σὺ
440 1415 496 1468 δὲ
532 1419 658 1487 περὶ
705 1420 1048 1488 τάγαθά,’ὦν
1093 1428 1443 1503 κεφάλαιονή
1482 1434 1731 1502 παροῦσα
1767 1437 1900 1489 ὑπό-

340 1502 511 1566 θεσις,
542 1507 751 1560 οἴκοθεν
789 1512 883 1563 καὶ
906 1511 1093 1585 ὥσπερ
1126 1517 1285 1583 φύσει
1319 1525 1705 1590 κεκινημένος,
1741 1526 1816 1594 μὴ
1840 1528 1899 1578 τὸ
1953 1588 1959 1599 Ι

337 1592 607 1663 πρότερον
637 1599 837 1669 πάθῃς,
871 1601 1005 1656 ἀλλὰ
1039 1603 1234 1659 θᾶττον
1265 1612 1451 1678 τυχεῖν
1489 1592 1776 1680 ἐφιέμενος
1801 1615 1895 1669 τοῦ

336 1683 544 1736 οἰκείου
576 1701 658 1739 σοι
680 1689 871 1754 τέλους
902 1708 917 1723 ’
944 1696 1142 1748 οἰκεῖον
1172 1698 1282 1768 γὰρ
1312 1701 1535 1771 τάγαθῷ
1568 1704 1628 1755 τὸ
1662 1705 1896 1775 χρηστὸν

334 1774 433 1826 ἐπὶ
460 1778 574 1838 τοῖς
598 1777 823 1845 ἀγαθοῖς
849 1782 1003 1848 τέλος
1026 1800 1041 1817 ⁸
1071 1789 1267 1841 σαυτόν
1296 1807 1357 1842 τε
1385 1791 1478 1844 καὶ
1506 1794 1658 1864 ἡμᾶς
1690 1798 1897 1862 πάντας

333 1864 484 1918 ποίει
525 1868 988 1942 προθυμοτέρους,
1026 1864 1540 1950 παρακελευόμενος
1565 1903 1624 1939 τε
1659 1891 1753 1943 καὶ
1781 1891 1897 1944 ἐπι-

333 1956 689 2027 κελευόμενος
718 1962 892 2019 ἅπασι
913 1982 928 1999 ο
977 1970 1074 2022 καί⁵
1110 1972 1203 2024 τὸν
1249 1977 1673 2046 μακαριώτατον
1700 1982 1758 2034 δὲ
1790 1999 1896 2036 παο

333 2045 494 2115 τέρα,
523 2050 578 2102 εἰ
602 2066 656 2102 τι
689 2051 769 2120 τῷ
807 2056 953 2127 γήρᾳ
981 2057 1171 2129 κάμοι,
1212 2045 1450 2130 ὲνδιδοῦς
1492 2070 1687 2141 καὶτῷ
1717 2074 1895 2143 χρόνῳ

334 2138 431 2188 καὶ
467 2140 580 2201 τοῖς
625 2143 949 2212 νοσήμασιν,
985 2150 1375 2222 ὑπομιμνησκε
1424 2161 1520 2211 καὶ
1553 2138 1801 2217 διανίστα
1832 2138 1895 2219 τὸ

340 2226 442 2295 μὲν
504 2226 686 2295 λόγοις
748 2241 1230 2310 προτρεπτηρίοις,
1263 2245 1324 2296 τὸ
1364 2245 1415 2317 ,δ’
1472 2248 1655 2319 ἔργοις
1709 2256 1895 2319 αὐτοῖς

337 2320 534 2370 σαυτὸν
562 2322 783 2391 ἐνεργὸν
813 2330 1206 2398 παρεχόμενος.
1250 2336 1473 2402 Πάντως
1498 2343 1770 2397 αἰδέσεται
1800 2346 1895 2415 βα-

336 2407 491 2460 σιλέα
523 2412 920 2483 προτρέποντα,
950 2418 1059 2471 τῶν
1086 2425 1432 2493 πραγμάτων
1471 2407 1893 2504 ἐπιμελέστερον

332 2497 717 2569 ἀνθαψάμενος
766 2502 864 2556 σύν
894 2522 953 2558 τε
1002 2509 1081 2578 τῷ
1127 2511 1391 2583 θειοτάτῳ
1421 2497 1581 2587 ἡμῶν
1620 2526 1713 2575 καὶ
1763 2497 1894 2595 ἱερῷ

334 2590 671 2679 πατριάρχῃ,
701 2594 817 2657 τοῖς
837 2594 886 2647 τ’
923 2598 1378 2669 αἰδεσιμωτάτοις
1414 2609 1510 2675 τῆς
1546 2610 1708 2679 άγίας
1753 2590 1892 2668 Ῥωλ

334 2678 513 2746 μαίων
552 2678 877 2752 Ἐκκλησίας
929 2686 1142 2754 λογάσι,
1179 2692 1275 2745 καὶ
1324 2697 1461 2749 πᾶσι
1505 2701 1620 2762 τοῖς
1684 2702 1889 2770 ἄλλοις,

326 2767 483 2830 τέλος
510 2770 717 2837 ἀγαθὸν
741 2774 1097 2845 ἐπιθήσουσιν
1133 2781 1225 2851 ὑφ’
1254 2783 1486 2855 ἡγεμόνι
1520 2789 1662 2859 Θεῷ.
1703 2795 1767 2847 Ὀ
1796 2767 1890 2861 γέέ

328 2877 475 2913 νοιτο
530 2863 739 2927 πάντας
794 2865 1002 2932 ἰδόντας
1052 2869 1221 2941 ἡμᾶς,
1261 2874 1355 2928 καὶ
1403 2877 1504 2947 τῆς
1551 2880 1891 2953 τελεωτέρας

327 2953 742 3020 ἀπολαύσαντας
767 2957 1131 3030 εὐφροσύνης,
1168 2965 1261 3016 καὶ
1301 2975 1682 3042 πνευματικῆς
1720 2975 1888 3045 ἐμφο-

2002 971 2261 1026 Ieruntur
2294 975 2499 1042 aliquo,
2543 985 2598 1030 et
2634 981 3192 1047 quascuntjuexmotus
3238 985 3574 1053 principium

2005 1064 2347 1119 extrinsecus
2398 1065 2625 1131 habent,
2672 1068 2883 1122 tardius
2913 1081 3205 1124 moventur
3255 1076 3319 1126 ad
3375 1078 3572 1142 linem;

2004 1162 2122 1220 qua:
2136 1168 2266 1207 vero
2290 1164 2480 1208 natura
2499 1167 2554 1210 et
2578 1170 2645 1210 ex
2668 1158 2966 1213 intrinseco
2994 1160 3247 1215 feruntur
3274 1166 3571 1235 principio,

2003 1251 2290 1297 moventur
2322 1244 2507 1303 citius.
2535 1261 2659 1300 cum
2693 1248 2785 1302 lini
2814 1240 3071 1318 propiora
3122 1252 3279 1306 ﬁunt.
3309 1254 3389 1307 Tu
3434 1273 3575 1324 quo—-

2002 1344 2107 1396 que
2132 1346 2255 1384 cum
2287 1347 2354 1386 ex
2381 1333 2624 1401 ingenito
2652 1338 2920 1406 principio
2939 1349 2997 1393 et
3023 1341 3188 1394 veluti
3228 1355 3423 1397 natura
3458 1363 3576 1400 mo-

2000 1420 2176 1475 vearis
2198 1424 2263 1475 ad
2296 1424 2456 1487 bona,
2474 1442 2705 1493 quorum
2729 1438 2891 1497 caput
2909 1440 2994 1484 est
3009 1448 3248 1499 praesens
3270 1438 3571 1507 negotium,

1999 1522 2069 1563 ne
2098 1513 2252 1579 prius
2286 1512 2420 1565 illud
2459 1517 2704 1582 patiare;
2743 1518 2839 1572 sed
2873 1521 3103 1588 cupiens
3135 1538 3297 1592 quam
3330 1528 3571 1594 primum

1998 1606 2507 1671 assequiproprium
2547 1606 2642 1659 tibi
2677 1608 2839 1661 linem
2878 1610 3028 1678 (boni
3073 1615 3219 1667 enim
3248 1615 3425 1671 bonus
3448 1619 3572 1672 ﬁnis

1999 1703 2098 1756 per
2137 1691 2279 1746 bona
2307 1702 2387 1747 est
2422 1696 2724 1764 proprius),
2757 1702 2990 1766 teipsum
3019 1712 3075 1755 et
3101 1720 3200 1757 nos
3223 1719 3415 1760 omnes
3449 1712 3572 1761 τεα-

2003 1778 2117 1832 dito
2142 1780 2435 1837 alacriores
2466 1794 2581 1838 tum
2614 1787 2985 1851 adhortando.
3018 1801 3127 1844 tum
3160 1797 3415 1850 omnibus
3433 1815 3569 1866 pra:-

2000 1869 2293 1937 cipiendo;
2328 1873 2706 1931 beatissimum
2752 1894 2973 1948 quoque
3011 1892 3243 1951 patrem,
3282 1888 3327 1940 si
3365 1903 3469 1955 qua
3502 1905 3570 1943 ex

1997 1971 2152 2029 parte
2176 1975 2439 2033 gravetur
2465 1968 2643 2034 senio,
2671 1972 3039 2027 succumbens
3064 1976 3206 2028 aetati
3239 1990 3301 2030 ac
3337 1979 3568 2042 morbis,

1996 2050 2065 2104 ad
2106 2058 2424 2110 memoriam
2471 2059 2688 2124 excita,
2748 2070 2806 2116 et
2863 2064 3116 2119 stimulos
3172 2066 3404 2122 admove
3454 2076 3568 2122 tum

1996 2143 2508 2215 cohortationibus,
2564 2158 2680 2205 tum
2732 2167 2794 2206 re
2846 2153 2961 2223 ipsa
2995 2157 3199 2226 negotii
3233 2171 3471 2215 actorem
3515 2173 3569 2217 te

1996 2232 2267 2302 praebens.
2306 2236 2668 2294 Reverebitur
2697 2256 2829 2298 sane
2861 2244 2907 2298 is
2929 2245 3319 2313 imperatorem
3351 2251 3570 2307 hortan—

1999 2332 2130 2388 tem,
2166 2340 2392 2394 remque
2421 2331 2734 2384 accuratius
2778 2335 3063 2387 tractando
3094 2350 3199 2389 una
3224 2352 3348 2391 cum
3379 2356 3567 2394 sacra-

1997 2416 2209 2470 tissimo
2261 2428 2447 2471 nostro
2481 2421 2792 2481 patriarcha
2820 2433 2875 2477 et
2918 2428 3395 2483 reverendlssimis
3439 2446 3567 2486 san-

1996 2513 2095 2559 cla:
2120 2506 2491 2561 Romanorum
2525 2510 2782 2565 Ecclesiae
2827 2515 3205 2582 optimatibus,
3246 2534 3311 2572 ac
3350 2522 3566 2576 caeteris

1997 2597 2278 2664 omnibus,
2309 2598 2470 2653 ﬁnem
2504 2601 2614 2654 Deo
2642 2601 2782 2656 duce
2817 2605 3022 2660 bonum
3073 2608 3371 2677 imponent.
3406 2612 3563 2677 Quod

1994 2687 2207 2742 utinam
2238 2704 2341 2745 nos
2389 2705 2580 2746 omnes
2612 2698 3037 2765 conspiciamus,
3075 2710 3130 2755 et
3176 2704 3424 2772 pleniore
3452 2709 3564 2761 fru-

1993 2786 2150 2833 entes
2195 2780 2385 2835 laztitia
2428 2783 2766 2854 spiritalique
2800 2791 2995 2855 gaudio
3022 2793 3216 2860 repleti
3254 2795 3322 2849 ad
3364 2798 3563 2854 beatis-

1992 2871 2118 2924 simi
2156 2873 2330 2941 patris
2366 2875 2553 2944 tuique
2588 2879 2731 2930 sacri
2755 2878 2969 2948 imperii
3000 2882 3187 2939 laudes
3217 2890 3563 2954 apertiusex-

1992 2960 2246 3028 citemur,
2281 2965 2617 3020 admirantes
2648 2976 2813 3036 atque
2839 2981 2898 3024 ut
2926 2988 3025 3041 par
3044 2984 3127 3028 est
3148 2977 3403 3046 plausum
3431 2982 3561 3038 dan-

329 3041 591 3111 ρηθέντας
618 3046 796 3114 χαρᾶς
825 3048 1212 3120 καθαρώτερον
1253 3055 1349 3108 έπί
1375 3074 1435 3110 τε
1457 3059 1551 3111 τὸν
1575 3041 1671 3114 rei:
1704 3041 1882 3133 μακα-

1999 3058 2108 3118 les;
2165 3068 2268 3108 nec
2299 3070 2406 3109 non
2456 3056 2798 3113 sanctissimo
2846 3066 3186 3131 patriarchae,
3220 3078 3277 3123 ut
3309 3081 3364 3124 et
3402 3088 3560 3129 sacro

328 3132 601 3199 ριωτάτνιυ
640 3137 844 3205 πατρὸς
870 3134 1042 3203 αἶνον,
1074 3141 1169 3193 καὶ
1210 3144 1309 3213 τὴν
1347 3146 1447 3217 τῆς
1476 3148 1642 3217 άγίας
1675 3132 1769 3205 σου
1796 3154 1888 3223 βα·-

1988 3142 2120 3199 buic
2169 3150 2466 3201 conventui
2508 3149 2765 3204 universo
2813 3162 2938 3221 post
2973 3155 3234 3225 hymnum
3260 3162 3371 3218 Deo
3401 3165 3559 3221 debi-

321 3221 529 3283 σιλείας
578 3224 857 3293 εὐφημίαν
913 3227 1289 3301 διαναστῆναι,
1334 3237 1647 3307 ἀγαμένους
1681 3259 1741 3295 τε
1794 3221 1889 3301 καὶ

1999 3244 2102 3288 tum
2120 3249 2468 3292 communem
2486 3241 2643 3295 vobis
2659 3242 2953 3297 verborum
2976 3260 3235 3303 coronam
3252 3265 3554 3313 nectentes.

319 3312 695 3382 κροτήσαντας
731 3316 801 3369 τὰ
840 3318 1027 3372 εἰκότα
1058 3323 1157 3376 καὶ
1200 3326 1294 3380 τόν
1322 3344 1383 3381 τε
1433 3330 1742 3399 ἁγιώτατον
1782 3354 1889 3391 πα-

1999 3323 2153 3379 Detur
2176 3328 2312 3381 mihi
2341 3338 2655 3399 postremus
2702 3331 2793 3388 hic
2832 3333 3010 3400 labor,
3056 3349 3117 3392 ut
3148 3347 3428 3400 communi
3460 3364 3556 3404 vos

316 3404 612 3472 τριάρχην,
643 3404 857 3459 καὶτὸν
907 3408 1051 3478 ἰερὸν
1080 3411 1274 3469 τοῦτον
1319 3417 1413 3472 καὶ
1451 3418 1611 3487 ἅγιον
1639 3422 1751 3495 [τον.
1789 3429 1884 3482 καὶ

2005 3417 2147 3471 aude
2178 3432 2505 3488 prosequar,
2541 3421 2781 3477 bonorer
2805 3440 2835 3478 a
2871 3427 3030 3483 vobis
3074 3430 3177 3484 hac
3220 3434 3503 3493 [unctione
3536 3459 3550 3494 :

315 3492 402 3554 εἰς
425 3509 485 3545 τε
538 3494 630 3546 τὸν
671 3495 997 3570 ἁγιώτατον]
1030 3499 1290 3571 σύλλογον
1323 3508 1558 3574 ἅπαντα,
1601 3492 1741 3581 μετὰ
1785 3518 1878 3572 τὸν

1999 3506 2347 3561 novissimum
2370 3510 2473 3565 hoc
2511 3511 2925 3570 mihisubeatur
2945 3528 3246 3585 certamen,
3275 3534 3334 3579 ut
3353 3529 3555 3596 quibus

312 3582 397 3653 τῷ
425 3582 541 3654 Θεῷ
594 3583 947 3657 ὀφειλόμενον
990 3590 1183 3661 ὕμνον,
1231 3596 1409 3652 κοινὸν
1458 3602 1554 3654 καὶ
1608 3603 1738 3671 ὑμῖν
1788 3606 1881 3660 τὸν

1999 3611 2130 3650 unus
2160 3596 2418 3668 idemque
2453 3600 2712 3658 dominus
2738 3615 2821 3662 est
2854 3607 2912 3661 in
2936 3612 3196 3667 omnibus
3233 3614 3378 3671 Deus
3414 3619 3548 3675 Ver-

310 3671 424 3724 ἀπὸ
446 3671 552 3725 τῶν
580 3673 755 3742 λόγων
790 3677 1091 3744 πλέξαντας
1126 3684 1414 3767 στέφανον.
1442 3688 1632 3759 Δοίητε
1685 3694 1748 3764 δή
1781 3713 1872 3763 μοι

1999 3691 2141 3752 bum,
2188 3704 2300 3743 uno
2348 3692 2654 3763 eodemque
2702 3711 2960 3755 sermone
2985 3708 3353 3762 communiter
3392 3726 3423 3765 a
3462 3727 3550 3767 me

310 3759 504 3814 τοῦτον
550 3764 861 3829 τελευταῖον
912 3766 1361 3844 ἀγῶνα,’κοινὴν
1418 3778 1547 3848 ὑμῖν
1597 3759 1873 3854 εὐφημίαν

1999 3784 2277 3852 irnemini,
2309 3785 2572 3842 reddente
2599 3803 2663 3842 ex
2715 3790 2783 3845 iis
2815 3808 2937 3862 qua:
2965 3798 3122 3853 vobis
3148 3799 3443 3868 debentur,
3486 3821 3551 3860 ea

310 3856 579 3921 κροτῆσαι
628 3871 643 3887 ·
682 3859 976 3943 τιμήσαιτέ
1037 3879 1107 3930 με
1172 3865 1350 3937 τούτῳ
1413 3870 1561 3941 πόνῳ
1592 3889 1605 3904 υ
1639 3875 1871 3947 κάμοιμι

1999 3890 2099 3944 [uae
2136 3876 2349 3931 viribus
2371 3877 2678 3941 oﬂ‘eruntur
2706 3881 2759 3935 in
2779 3856 2999 3941 Christo
3027 3887 3159 3953 Deo,
3189 3906 3353 3959 quem
3391 3895 3550 3951 decet

302 3940 503 3995 τοῦτον
529 3940 843 4000 τελευταῖον
871 3948 964 4003 τὸν
1008 3946 1191 4017 ἆθλον,
1225 3956 1315 4025 ὑφ’
1348 3959 1442 4012 ἕνα
1464 3963 1556 4015 καὶ
1585 3962 1676 4017 τὸν
1709 3966 1871 4021 αὐτὸν

1999 3967 2156 4021 ιωιιίε
2183 3967 2355 4038 gloria
2392 3968 2445 4022 iu
2476 3971 2691 4025 saecula.

298 4031 445 4084 Θεὸν
471 4033 641 4101 Λόγον
668 4035 726 4088 ὲν
752 4039 885 4090 πᾶσι
930 4041 1279 4107 τετελεκότας
1310 4045 1597 4121 δεσπότην,
1641 4053 1722 4107 ἐνὶ
1770 4060 1862 4111 καὶ
1900 4060 2082 4130 ταυτῷ
2132 4031 2275 4126 λόγῳ
2345 4058 2488 4128 ὑμᾶς
2531 4062 2805 4132 κοσμῆσαι
2870 4067 3047 4137 κοινῇ,
3082 4067 3150 4121 τὰ
3183 4068 3383 4128 δυνατά
3437 4075 3545 4131 υῶν

298 4128 673 4197 ὀφειλομένων
703 4131 832 4201 ὑμῖν
867 4134 1238 4206 άπονείμαντα
1293 4142 1352 4195 ἐν
1391 4144 1611 4218 Χριστῷ
1648 4150 1725 4219 τῷ
1783 4153 1922 4229 Θεῷ,
1961 4149 2006 4224 ᾧ
2037 4128 2236 4226 πρέπει
2267 4157 2417 4211 πᾶσα
2450 4157 2577 4224 δόξα
2634 4128 2714 4223 εἰς
2753 4159 2875 4224 τοὺς
2915 4128 3138 4228 αἰᾱζνας.
