3990 6212
446 307 555 372 543

1371 265 1897 355 'Imssmioms
1938 296 1996 353 s.
2041 294 2117 352 ιι.
2159 290 2227 350 E.
2274 282 2742 346 (nummus

3573 242 3675 338 sit

1734 436 3649 465 ________________________.__.

927 629 1273 762 ΤΟΥ
1354 618 2397 758 ΣΟΦΩΤΑΤΟΥ
2474 607 3165 741 ΝΙΚΑΙΑΣ

1429 855 1628 908 ΠΡΟΣ
1674 852 1819 906 τιιΝ
1843 851 1983 904 ΑΝΑ
2000 812 2330 902 τοΑιΚΗὶν
2368 845 2587 899 ΣΥΝοΔ
2599 843 2699 898 οΝ

862 1010 2339 1316 ΔΟΓΜΑΤΙΚρΣ
2473 999 3245 1176 ΛΟΓΟΣ

1641 1413 1899 1497 ΠΕΡΙ
1973 1403 2475 1492 ΕΝΩΣΕΩΣ

874 1744 1763 1912 SAPIEN'I‘ISSIMI
1870 1750 2764 1908 ARCHIEPISﬂllPI
2844 1750 3258 1907 NIGMNI

1491 2003 1604 2062 AD
1644 2000 2055 2065 SYNODUM
2093 2000 2663 2065 ORIENTALEM

1149 2178 1870 2335 ORATIO
1985 2172 3108 2333 DOGMATICA

1998 2442 2140 2485 SIVB

1685 2587 1834 2672 DE
1913 2582 2386 2675 UNIONE
2434 2570 2467 2604 ⁸

539 2920 654 2990 Τὴν
687 2918 786 2989 μὲν
818 2918 925 2971 τῶν
964 2918 1305 2984 Ἐκκλησιῶν
1332 2920 1424 2972 τοῦ
1451 2920 1584 3000 ΘΛεοῦ
1618 2920 1769 2990 ἱερὰν
1809 2923 2038 2993 εἰρήνην
2063 2925 2115 2985 Α
2141 2922 2235 2993 ροῦ
2272 2921 2397 2977 καθ’
2444 2922 2602 3000 ἡμῶν
2655 2921 3001 2990 ἐγειρόμενος
3057 2924 3441 2993 μυκτηρισμός
3486 2942 3551 2979 τι
3609 2927 3711 2983 καὶ

467 3012 657 3080 τεοκαὶ
686 3010 941 3079 ὁμόνοιαν
987 3010 1087 3062 οὐκ
1115 3011 1259 3062 ἔστιν
1301 2996 1495 3072 οὐδεὶς
1526 3012 1672 3074 ὅστις
1718 3012 1785 3066 ἂν
1831 3014 1893 3066 οὐ
1938 3012 2034 3067 τοῦ

467 3103 672 3164 παντός
700 3118 757 3153 τε
787 3102 1103 3171 τιμήσαιτο,
1125 3103 1217 3152 καὶ
1248 3102 1493 3172 μεγάλην
1516 3103 1866 3173 εὐδαιμονίαν
1896 3105 2037 3174 ήγή..

454 3193 646 3245 ’σαιτοο
681 3190 776 3244 καὶ
806 3190 899 3258 ἀφ’
928 3184 992 3259 ἧς
1022 3189 1056 3259 ἦ
1084 3206 1143 3241 τε
1172 3189 1267 3241 τοῦ
1302 3190 1550 3260 Σωτῆρος
1591 3191 1725 3261 εὐχή
1767 3193 1901 3262 πρὸς
1945 3193 2037 3247 τὸν

468 3283 604 3335 Θεὸν
633 3282 725 3335 καὶ
757 3282 975 3349 Πατέρα
1008 3281 1235 3349 λήψεται
1267 3281 1439 3343 τέλος·
1481 3282 1753 3348 Ποίησον
1788 3284 2036 3350 αὐτοὺς,

470 3372 601 3439 περὶ
630 3370 741 3423 τῶν
797 3370 1056 3440 μαθητῶν
1088 3367 1254 3422 αὑτοῦ
1312 3369 1561 3436 λέγοντος
1590 3373 1682 3424 καὶ
1714 3371 1790 3441 τῷ
1814 3372 2038 3443 ὀνόματι

472 3461 637 3513 αὐτοῦ
670 3461 1048 3530 κεκλημένων,
1078 3460 1181 3513 ἵνα
1207 3454 1354 3513 ὦσιν
1377 3459 1466 3523 ἓν,
1497 3461 1695 3527 καθὼς
1731 3462 1829 3515 καὶ
1866 3462 2038 3530 ἡμεῖς

468 3550 540 3603 ἐν
576 3550 782 3618 ἐσμεν·
814 3549 907 3602 καὶ
930 3547 1237 3609 ἀκολούθως
1262 3548 1449 3617 ἕψεται
1474 3548 1532 3603 τὸ
1555 3551 1739 3619 χρῆμα
1767 3551 1865 3619 τῆς
1888 3552 2036 3614 θείας

469 3644 714 3711 ἀγάπης,
748 3642 871 3710 ἥτις
899 3641 1046 3709 ἡμᾶς
1075 3640 1358 3707 ἀγαγοῦσα
1390 3641 1671 3708 ἐγγυτάτω
1702 3643 2040 3712 παραστήσει

469 3735 631 3801 Θεοῦ,
671 3736 764 3788 καὶ
792 3734 852 3787 τδ
882 3738 1109 3804 σημεῖον
1140 3736 1271 3804 ήμῖν
1304 3736 1599 3802 ὲπανθήσει
1628 3739 1728 3804 τῆς
1776 3735 1873 3789 τοῦ
1905 3738 2040 3805 Χρι-

474 3828 605 3880 στοῦ
644 3825 965 3895 μαθητεὶας.
1008 3824 1336 3895 Ἀρθήσεται
1357 3826 1413 3877 δὲ
1445 3827 1541 3893 ἀφ’
1572 3825 1729 3896 ήμῶν
1756 3826 1790 3896 ἦ
1818 3843 1876 3879 τε
1910 3826 2039 3897 παρ’

474 3916 724 3985 ἀλλήλων
763 3916 956 3986 ἔχθρα.
1007 3916 1241 3985 πρᾶγμα
1289 3915 1680 3968 ἐναντιώτατον
1732 3916 2041 3985 ἀνθρώποις

474 4008 838 4073 Χριστιανοῖς,
869 4007 963 4058 καὶ
982 4004 1156 4058 ταῦτά
1180 4021 1243 4073 γε
1273 4004 1410 4074 πρὸς
1439 4004 1702 4073 ἀλλήλους
1732 4004 1765 4075 ἢ
1792 4005 1910 4057 κατ’
1942 4005 2039 4057 ἀλ-

473 4097 672 4168 λήλων*
714 4097 1020 4166 ἀρθήσεται
1051 4097 1107 4150 δὲ
1142 4098 1170 4149 ὁ
1196 4096 1347 4164 παρὰ
1370 4096 1479 4148 τῶν
1511 4095 1722 4165 ἐχθρῶν
1753 4095 1847 4148 τοῦ
1881 4112 2044 4149 σταυ-

2138 3014 2442 3084 χλευασμὸς
2479 3014 2573 3067 καὶ
2603 3013 2943 3081 κατάγελως,
2979 3012 3409 3080 ἑπεγγελώντων
3439 3017 3592 3083 ήμίν,
3626 3016 3705 3079 ὡς

2139 3103 2202 3173 δὴ
2237 3105 2583 3174 Χριστιανοϊς
2622 3105 2720 3173 μὶν
2776 3101 2894 3155 οὖσι
2942 3103 3035 3154 καὶ
3077 3103 3412 3171 λεγομένοις,
3461 3107 3555 3171 καὶ
3608 3107 3707 3160 τὸν

2139 3193 2301 3244 αὐτὸν
2324 3193 2783 3273 ἐπιγραφομένοις
2806 3192 3105 3262 Δεσπότην,
3136 3187 3236 3245 εἶτ’
3261 3193 3502 3262 ἀλλήλων
3528 3192 3709 3259 οὕτως

2098 3340 2105 3345 ,
2140 3285 2646 3355 ἁπεσχοινισμὲνοις
2680 3282 2791 3345 τοῖς
2825 3282 3118 3351 δόγμασιν,
3147 3283 3221 3346 ὡς
3255 3283 3480 3352 ἐχθρούς
3515 3302 3573 3337 τε
3611 3284 3712 3339 καὶ

2143 3375 2587 3445 πολεμιωτάτους
2626 3372 2895 3443 ἀλλήλους
2932 3374 3206 3442 ἡγεῖσθαι.
3255 3376 3355 3427 Διὰ
3396 3375 3571 3429 ταῦτα
3605 3379 3711 3447 μιν

2141 3465 2234 3518 οὖν
2275 3466 2370 3518 καὶ
2419 3464 2497 3516 ἔτι
2538 3461 2722 3533 πολλῷ
2753 3461 2959 3515 τούτων
3016 3463 3240 3516 πλείονα
3286 3464 3550 3533 φιλοῦμεν
3606 3470 3711 3534 μὲν

2143 3557 2381 3618 ἅπαντες
2414 3554 2511 3623 τὴν
2541 3554 2785 3623 εἰρήνην,
2820 3554 2914 3607 καὶ
2934 3554 3031 3622 τὴν
3057 3554 3166 3605 τῶν
3191 3554 3541 3623 Χριστιανῶν
3566 3572 3711 3626 συμ-

2142 3643 2349 3714 φωνίαν
2401 3644 2530 3712 περὶ
2579 3641 2830 3695 πλείστου
2873 3643 3195 3712 ποιούμεθα·
3253 3645 3315 3696 τὸ
3354 3645 3399 3697 δ’
3443 3646 3594 3708 ὅπως
3643 3648 3709 3699 ἂν

2142 3734 2352 3802 γένοιτο
2382 3731 2634 3785 τοσοῦτον
2669 3733 2855 3797 καλὸν,
2890 3734 2988 3786 καὶ
3013 3734 3127 3786 τίσι
3159 3734 3382 3803 τρόποις
3428 3736 3709 3806 προσισαο

2145 3825 2321 3891 σθείη,
2358 3823 2591 3876 ἐνταῦθα
2640 3824 2704 3894 δὴ
2762 3826 2890 3894 περὶ
2942 3825 3175 3895 διάφορα
3223 3825 3558 3895 σχιζόμεθα,
3613 3830 3713 3880 καὶ

2142 3916 2416 3986 διαφόρως
2460 3916 2589 3986 περὶ
2618 3915 2807 3969 τούτου
2841 3916 3086 3985 νοοῦμεν.
3145 3918 3279 3985 Περὶ
3309 3916 3500 3971 τούτου
3538 3919 3596 3971 δι
3644 3918 3715 3990 δὴ

2145 4006 2238 4058 καὶ
2284 4006 2351 4058 τὰ
2396 4006 2490 4059 νῦν
2524 4006 2812 4071 σκεπτέον,
2843 4007 2936 4058 καὶ
2961 4009 3153 4077 ῥητέον
3182 4007 3261 4070 εἰς
3302 4005 3533 4078 δύναμιν
3564 4024 3581 4039 ’
3613 4015 3721 4062 καὶ

2143 4094 2207 4165 δὴ
2244 4097 2472 4164 λέγομεν
2502 4095 2699 4160 οὕτως.

547 4231 765 4286 Sacram
810 4230 1174 4284 Eccicsiarum
1214 4228 1306 4281 Dei
1363 4241 1550 4294 pacem
1605 4235 1769 4295 atque
1814 4242 2044 4282 concor-

2147 4228 2616 4300 stianosiquidem
2672 4230 3004 4292 nominatos,
3061 4239 3117 4285 et
3150 4234 3399 4286 eumdem
3450 4233 3724 4289 habentes

476 4324 622 4377 diam
650 4336 812 4375 nemo
835 4327 939 4385 est,
961 4319 1062 4371 viri
1095 4316 1548 4388 praestantissimi,
1578 4317 1669 4385 qui
1691 4333 1800 4371 non
1824 4317 2043 4372 maximi

475 4414 708 4468 aestimet
730 4451 745 4475 ,
777 4420 834 4465 et
864 4411 986 4465 loco
1016 4425 1239 4463 summ-.2
1284 4407 1561 4463 felicitatis
1597 4422 1715 4463 esse
1743 4407 1927 4463 ducat.
1965 4406 2047 4463 0b

477 4522 597 4560 eam
654 4505 857 4574 quippe
893 4503 1193 4557 Salvatoris
1246 4499 1416 4555 nostri
1470 4502 1647 4553 oratio
1700 4498 1769 4553 ad
1827 4497 2046 4554 Patrem

482 4598 799 4665 porrigitur,
827 4595 919 4663 qui
952 4609 1074 4648 cum
1108 4608 1206 4661 pro
1232 4590 1520 4660 discipulis
1544 4600 1597 4643 et
1622 4589 1688 4643 iis
1706 4590 1798 4658 qui
1829 4589 2049 4644 nomine

482 4688 603 4759 ejus
628 4686 805 4739 vocati
842 4698 992 4748 sunt,
1026 4697 1346 4752 precaretur
1384 4692 1400 4734 :
1437 4678 1575 4744 Fac,
1612 4679 1813 4749 inquit,
1864 4680 2047 4745 Pater,

484 4788 540 4832 ut
572 4795 733 4831 unum
766 4778 891 4840 sint,
916 4773 1358 4845 quemadmodum
1390 4781 1439 4823 et
1479 4787 1569 4824 nos
1599 4787 1763 4823 unum
1790 4787 1970 4824 sumus
2005 4772 2047 4825 '.

487 4870 591 4924 Per
613 4870 754 4923 hanc
771 4867 991 4921 divinus
1020 4880 1194 4927 amor,
1221 4862 1364 4931 quod
1406 4860 1622 4929 signum
1654 4860 2051 4929 discipulorum

482 4961 688 5016 Christi
720 4968 823 5021 est,
853 4957 906 5010 in
947 4969 1048 5009 nos
1079 4954 1279 5018 iniluit,
1308 4952 1681 5019 toilunturque
1712 4968 1742 5004 a
1767 4933 1925 5004 uobis
1949 4950 2045 5003 ini-

487 5055 711 5109 micitiae
739 5068 803 5107 ac
836 5049 1208 5105 dissensiones
1240 5056 1466 5109 mutuae,
1503 5059 1625 5114 qua:
1651 5046 1719 5097 ab
1737 5043 2054 5098 hominibus

486 5147 791 5217 prasertim
846 5139 1174 5199 Christianis
1221 5137 1569 5192 alienissima
1620 5148 1743 5189 esse
1806 5136 2056 5189 debent:

490 5238 757 5292 tolluntur
787 5244 843 5289 et
862 5232 1169 5289 (lerisiones
1189 5238 1244 5283 et
1268 5226 1589 5298 opprobria,
1617 5226 1822 5296 quibus
1846 5241 1876 5281 a
1902 5226 2057 5281 Chri-

489 5329 560 5385 sti
588 5327 769 5383 crucis
804 5323 1055 5379 hostibus
1078 5321 1338 5378 continue
1362 5319 1654 5384 aflicimur,
1689 5317 1783 5387 qui
1814 5333 1913 5372 nos
1933 5318 2056 5373 irri-

492 5422 647 5484 deut,
678 5425 1037 5474 contemnunt
1081 5427 1147 5468 ac
1178 5426 1276 5481 pro
1308 5410 1485 5466 nihilo
1518 5407 1742 5472 habent,
1801 5418 1862 5461 ut
1892 5406 2057 5463 Chri-

568 5559 585 5591 ²
614 5558 773 5613 Joan.
811 5572 944 5621 xm,
988 5555 1070 5608 il.

2152 4321 2461 4386 Dominum,
2487 4330 2865 4376 verumtamen
2888 4322 2959 4377 ita
2989 4323 3129 4377 inter
3161 4339 3262 4377 nos
3277 4323 3482 4378 divisos
3509 4326 3723 4396 etdog-

2153 4411 2391 4464 matibus
2430 4410 2555 4466 ﬁdei
2585 4411 2936 4473 dissidentes,
2962 4423 3022 4466 ut
3054 4412 3145 4465 alii
3187 4414 3327 4466 alios
3395 4429 3494 4481 pro
3525 4415 3725 4469 inimi-

2151 4500 2230 4553 cis
2259 4508 2423 4569 atque
2454 4500 2704 4554 hostibus
2736 4500 3055 4558 habeamus.
3088 4501 3182 4557 liis
3214 4503 3379 4571 igitur
3410 4506 3732 4560 rationibus

2151 4591 2381 4659 aliisque
2438 4589 2694 4657 permoti,
2734 4603 2923 4657 pacem
2975 4590 3192 4659 quidem
3229 4607 3475 4646 amamus
3526 4608 3734 4648 omnes

2153 4693 2316 4750 atque
2343 4682 3050 4750 optamus,ctconcordiam
3073 4690 3238 4751 atque
3271 4684 3531 4738 unitatem
3560 4684 3736 4738 Chri-

2156 4772 2457 4828 stianorum
2520 4772 2740 4825 maximi
2798 4787 2991 4826 omnes
3048 4772 3299 4828 facimus.
3360 4776 3477 4840 Quo
3535 4785 3730 4831 autem

2154 4861 2318 4917 modo
2357 4878 2384 4914 a
2417 4861 2525 4916 Deo
2556 4863 2876 4931 praeclarum
2910 4862 3113 4917 bonum
3144 4866 3399 4932 consequi
3424 4865 3738 4934 possimus,

2154 4960 2210 5006 et
2242 4968 2362 5023 qua:
2416 4953 2558 5006 ratio
2616 4953 2865 5007 habenda
2916 4954 2989 5007 sit
3016 4954 3084 5007 ad
3130 4954 3539 5009 sanctissimum
3583 4970 3738 5025 opus

2160 5045 2578 5111 perliciendum,
2614 5044 2705 5099 hic
2742 5043 2977 5098 diversis
3020 5044 3377 5114 Opinionibus
3405 5060 3600 5100 sumus
3628 5061 3736 5099 va-

2160 5136 2373 5203 riisque
2424 5134 2567 5187 inter
2593 5148 2696 5189 nos
2724 5133 3015 5188 sententiis
3053 5135 3449 5203 discrepamus.
3474 5134 3741 5204 Quapro-

2160 5234 2280 5294 pter
2330 5225 2398 5279 de
2427 5225 2532 5279 hoc
2562 5240 2592 5279 a
2640 5224 2801 5279 nobis
2826 5225 2881 5278 in
2912 5226 3199 5294 praesentia
3243 5224 3733 5289 considerandum,

2157 5325 2212 5371 et
2238 5325 2503 5386 quantum
2552 5315 2808 5386 ingenioli
2838 5316 3013 5371 nostri
3050 5315 3195 5370 vires
3230 5314 3521 5379 sullicient,
3556 5296 3743 5369 disse;

2160 5409 2388 5463 rendum
2428 5406 2885 5463 existimavimus.

561 5699 576 5716 '
603 5693 822 5757 ipsomel
839 5692 1133 5742 Bessarione
1156 5692 1447 5751 interprete.
1472 5684 1655 5738 Verum
1677 5682 1800 5733 adeo
1826 5680 1982 5731 libera
2004 5685 2082 5730 est
2107 5679 2214 5742 ejus
2240 5679 2491 5739 versio,ut
2516 5689 2544 5725 e
2571 5676 2777 5737 regione
2802 5671 2959 5726 Graeci
2984 5676 3156 5723 textus
3175 5673 3291 5734 poni
3315 5683 3411 5719 nou
3435 5670 3675 5731 potuerit.
