3990 6212
409 366 511 431 547

1279 424 1281 427 ,
1359 359 1866 422 BESSARIONIS
1908 363 1971 421 S.
2016 362 2087 421 Ii.
2132 363 2195 426 E.
2236 358 2702 426 CAHDINALIS

3546 368 3646 430 548

409 479 594 541 Οὕτως
626 476 658 546 ἡ
685 472 876 544 πρώτη
908 472 1015 525 τῶν
1052 469 1450 539 οἶκουμενικῶν
1496 469 1729 523 συνόδων
1760 469 1821 522 τδ
1847 472 1980 539 ὁμο·
2011 469 2055 526 Δ
2086 471 2282 540 σθῆναι
2311 475 2501 538 κοινῶς
2529 475 2711 528 ούκόλί
2731 492 2824 544 γον
2850 473 3186 545 ἀμφιϐολίας
3210 476 3266 530 ὲν
3292 476 3471 550 ἑαυτῷ
3499 497 3662 552 περι-

409 575 593 627 ούσιον
626 565 929 636 ἀνεκήρυξε
959 562 1174 632 Πατρδς
1194 565 1287 617 καὶ
1312 562 1463 626 Υἱοῦ,
1490 561 1856 625 συνωθοῦντος
1884 560 1977 614 τοῦ

413 665 761 737 πράγματος,
795 657 890 709 καὶ
916 653 1008 706 τοῦ
1056 653 1267 724 Ἀρείου
1302 652 1363 705 τὸ
1391 653 1643 722 ἀνόμοιον
1676 651 1981 722 ληρωδοῦν-

412 772 523 818 τος.
558 751 745 810 Οὕτως
778 748 810 814 ὴ
842 744 1073 815 δευτέρα
1110 743 1206 810 τὴν
1234 741 1329 794 τοῦ
1381 739 1699 809 Πνεύματος
1749 738 1981 806 θεότητα

413 848 760 922 ὡμολόγησε,
813 838 1154 896 Μακεδονίου
1188 834 1430 896 τιθέντος
1495 830 1627 888 αὐτὸ
1683 831 1821 899 μετᾶ
1873 829 1981 883 τῶν

414 948 752 1017 κτισμάτων.
802 934 989 996 Οὕτως
1034 930 1238 999 ἑκάστη
1297 926 1514 986 σύνοδος
1548 926 1615 979 τὰ
1649 922 1773 977 καθ’
1810 922 1980 1017 αὐτὴν

414 1016 756 1110 ἀπεφήνατο,
792 1029 896 1083 ὑπὸ
954 1028 1050 1097 τῆς
1101 1023 1361 1077 ἑκάστοτε
1403 1018 1687 1090 παρούσης
1737 1016 1981 1122 ἀνάγκης

411 1107 727 1202 κινουμένη.
761 1122 897 1179 Οῦτε
932 1119 1037 1188 γὰρ
1071 1115 1295 1186 εἰρήνης
1333 1112 1474 1166 κατά
1516 1109 1737 1164 πάντων
1787 1107 1980 1161 ἀνθού-

413 1247 535 1300 σης,
566 1223 660 1278 καὶ
691 1214 1037 1291 κρατούντων
1065 1209 1174 1263 τῶν
1203 1205 1491 1277 βελτιόνων
1535 1204 1641 1256 ἔδει
1673 1202 1980 1308 πράγματα

411 1296 664 1388 ἐμποιεῖν
699 1312 816 1372 ταῖς
843 1304 936 1361 τοῦ
976 1301 1112 1357 Θεοῦ
1154 1297 1493 1368 ἐκκλησίαις,
1528 1296 1727 1358 αύτούς
1762 1310 1813 1394 τι
1844 1296 1982 1394 νεω-

410 1386 570 1485 τερον
605 1399 1185 1477 προσεξευρίσκονταςο
1214 1392 1342 1445 οὔτε
1376 1388 1709 1457 κινηθεισῶν
1744 1386 1851 1439 τῶν
1894 1386 1981 1485 ol-

415 1479 616 1578 ρέσεων
646 1501 679 1571 ἢ
716 1494 1033 1569 ἡσυχάζειν,
1070 1488 1101 1558 ἢ
1164 1484 1346 1541 αὐτῶν
1400 1479 1521 1578 τινα
1555 1479 1981 1578 ampullas-tm...

409 1570 675 1657 ἑκαστον,
700 1592 810 1645 εἴτε
837 1586 931 1640 καὶ
968 1583 1085 1655 μετ’
1126 1578 1325 1646 ὀλίγων
1359 1573 1619 1647 περὶτῶν
1650 1571 1846 1634 κοινῶς
1878 1570 1983 1624 ὑπὸ

415 1693 632 1746 πάντων
666 1680 994 1752 ὀφειλόντων
1046 1671 1444 1728 πιστεύεσθαι·
1492 1665 1630 1721 ἀλλὰ
1664 1668 1817 1735 κοινῇ
1887 1664 1983 1733 μὲν

410 1785 571 1839 τοῦτο
627 1780 823 1838 ποιεῖν,
881 1772 1056 1824 ποιεῖν
1116 1766 1172 1819 δὲ
1220 1762 1657 1829 κατεπειγούσης
1714 1758 1981 1825 ἀνάγκης.

426 1878 567 1931 Ἄλλο
608 1874 795 1939 ὥσπερ
828 1865 1064 1931 ἀνάγκη,
1122 1856 1395 1927 συνεδρίου
1431 1852 1613 1907 κοινοῦ
1668 1850 1979 1904 καταστάν-

413 1988 529 2033 τος,
579 1965 718 2035 μετὰ
750 1956 953 2026 πολλῆς
986 1955 1084 2023 τῆς
1116 1960 1190 2004 ’τε
1227 1949 1460 2019 βασάνου
1512 1946 1641 2013 περὶ
1682 1945 1793 2021 τῶν
1826 1959 1983 2012 κινη-

418 2034 618 2114 θέντων
649 2055 893 2120 ἐξέτασιν
924 2046 1206 2106 εἰσελθεῖν,
1239 2042 1334 2094 καὶ
1383 2039 1442 2092 τὸ
1496 2040 1561 2091 ἐκ
1608 2037 1706 2105 τῆς
1748 2034 1981 2103 συξητή-

417 2168 556 2214 σεως
592 2144 862 2215 ἔχ’ρανθὲν
907 2135 1253 2193 ἀσπάσασθαί
1285 2150 1344 2186 τε
1392 2133 1485 2205 καὶ
1542 2125 1941 2199 προσδέξασθαι
1968 2140 1981 2154 ο

412 2246 609 2305 οὕτως,
673 2241 723 2291 εἰ
782 2235 887 2303 πρὸ
942 2231 1033 2285 τοῦ
1088 2226 1270 2281 κοινοῦ
1325 2223 1615 2292 κριτηρίου
1670 2221 1793 2289 περί
1841 2233 1987 2280 τινος

410 2339 686 2404 δόγματος
721 2325 1045 2395 κινηθέντος
1076 2337 1158 2382 τις
1199 2316 1571 2414 ἀμφιϐάλλει,
1605 2312 1675 2414 τά
1706 2311 1894 2365 δίκαιά
1924 2325 1985 2414 τε

420 2427 588 2485 ποιεῖ,
633 2422 727 2473 κα¹ι
762 2418 991 2476 εἰκότως
1031 2412 1097 2466 ἂν
1145 2408 1419 2476 ἀποσταίη
1474 2407 1584 2459 τῶν
1633 2406 1762 2458 ἀνευ
1802 2406 1989 2468 κοινῆς

418 2515 749 2583 ἀποφάσεως
785 2507 914 2577 περὶ
954 2504 1066 2557 τῶν
1100 2500 1297 2555 κοινῶν
1332 2498 1789 2567 ἀποφηναμένων
1826 2493 1987 2555 αὐτὸς

420 2610 518 2682 μὲν
555 2606 650 2661 ἐπὶ
682 2605 791 2658 τῶν
822 2598 1019 2654 κοινῶν
1048 2594 1144 2649 καὶ
1191 2594 1346 2662 κοινῇ
1396 2588 1850 2682 παραδεδομένων
1892 2589 1989 2654 ἐμ-

425 2680 625 2777 μένων,
673 2699 765 2753 καὶ
817 2692 898 2759 οἷς
950 2688 1180 2758 οὐδεμία
1230 2684 1533 2777 ἀμιριϐολία
1567 2680 1989 2777 ὀὐδ’-ἐξέτασις

417 2771 690 2858 λείπεται,
726 2786 956 2843 ἐκείνων
1005 2782 1063 2835 δέ
1113 2796 1163 2831 τι
1223 2774 1517 2845 λεγόντων,
1564 2771 1592 2825 ὃ
1639 2772 1770 2841 πρὶν
1803 2771 1989 2837 ἐξετα-

420 2971 574 3026 illum
629 2960 899 3021 creaturis
959 2964 1380 3012 annumerante.
1433 2948 1540 3006 Per
1579 2947 1726 3002 hunc
1768 2944 1988 3000 modum

419 3062 657 3124 subinde
681 3067 1023 3127 unaquaeque
1046 3048 1306 3122 synodus,
1325 3059 1444 3116 quae
1466 3044 1641 3114 posita
1672 3042 1729 3097 in
1762 3040 1988 3110 ancipiti

2086 584 2268 636 φερει.

2154 659 2253 711 Διὰ
2289 661 2460 714 ταῦτα
2493 662 2783 731 τοιγαροῦν
2815 661 2908 716 καὶ
2946 662 3108 733 ἡμεῖς
3143 649 3374 727 εἰκότως
3420 666 3518 734 τῆς
3555 666 3667 721 Δα-

2088 751 2247 803 τίνων
2281 753 2601 821 ἀπέστημεν
2659 754 2972 820 κοινωνίας,
3034 756 3109 825 μὴ
3149 757 3473 827 ἀνεχόμενοι
3525 762 3667 830 πρὸς

2087 844 2280 897 ἕνωσιν
2308 846 2493 911 αὐτοῖς
2552 847 2851 915 συνελθεῖν,
2889 850 3020 920 πρὶν
3055 851 3352 905 ὑποπεσεῖν
3403 854 3663 923 οίκουμε-

2085 940 2207 1008 νικῇ
2237 940 2423 1009 κρίσει
2454 942 2516 994 τδ
2546 940 2676 1011 παρ’
2706 942 2888 999 αὐτῶν
2914 945 3194 1014 είσαχθὲν,
3222 948 3315 999 καὶ
3340 946 3463 1017 διχῆ
3490 949 3667 1001 διετεο

2084 1026 2285 1096 λοῦμεν
2317 1029 2678 1097 ἐγκαλοῦντες
2708 1032 2918 1100 αὐτοῖς,
2959 1036 3020 1086 τὸ
3050 1036 3149 1103 μέν
3173 1052 3243 1109 ’τι
3283 1037 3407 1106 δίχα
3435 1038 3533 1109 τῆς
3569 1040 3667 1091 καὶ

2088 1120 2247 1188 ἡμῶν
2281 1121 2460 1173 αὐτῶν
2499 1123 2725 1193 γνώμης
2778 1125 3173 1193 εἰσαγαγοῦσιν
3219 1131 3297 1190 εἰς
3334 1130 3431 1197 την
3479 1132 3670 1200 κοινὴν

2097 1210 2446 1282 Ἐκκλησίαν,
2497 1215 2558 1267 τὸ
2609 1214 2667 1267 δὲ
2708 1215 2832 1286 μηδ’
2875 1219 3227 1288 ἀνεχομένοις
3285 1222 3666 1289 συστήσασθαι

2088 1303 2305 1359 σύνοδον
2340 1310 2479 1361 κατὰ
2509 1308 2607 1374 τὰς
2642 1308 2882 1381 ἀρχαίας
2918 1314 3130 1378 ὲκείνας
3187 1317 3286 1376 τὰς
3321 1315 3427 1386 πρὸ
3476 1318 3657 1385 ήμῶν.

2064 1449 2071 1455 .
2098 1398 2259 1453 Ἀλλὰ
2286 1401 2447 1470 μέχρι
2482 1403 2583 1472 μὲν
2618 1405 2791 1477 ταύτῃ
2824 1405 3101 1475 χρώμενοι
3132 1406 3404 1461 διετέλουν
3425 1413 3492 1479 τῇ
3521 1410 3663 1478 γνὼ-

2087 1507 2184 1562 μῃ,
2228 1493 2426 1546 καὶτὰ
2486 1495 2619 1564 παρ’
2678 1498 2833 1567 ἡμῶν
2889 1499 3075 1562 αὐτοῖς
3143 1501 3466 1571 ἐγκλήματα
3522 1504 3663 1565 μετὰ

2087 1585 2289 1651 παντὸς
2325 1589 2543 1657 ἀπήντα
2578 1592 2815 1655 δικαίου,
2850 1591 2943 1645 καὶ
2977 1594 3135 1661 ἡμεῖς
3192 1594 3297 1659 ἔξω
3348 1595 3531 1663 πάσης
3580 1598 3665 1647 αῖ-

2086 1677 2225 1738 τίας.
2278 1680 2430 1733 Ἐπεὶ
2462 1680 2517 1732 δὲ
2551 1682 2746 1734 τούτου
2794 1683 2893 1752 μὲν
2929 1684 3029 1755 ήδη
3083 1685 3457 1752 κατέγνωσαν,
3514 1689 3606 1739 καὶ
3635 1688 3662 1739 ὃ

2090 1769 2488 1839 προύϐάλλοντο
2538 1773 2756 1842 ἀξίωμα
2813 1776 2944 1829 ἴδιον
2992 1777 3333 1839 ἀπεώσαντο.
3391 1780 3532 1847 μετὰ
3567 1782 3663 1847 τῆς

2092 1857 2213 1926 ἴσης
2245 1860 2301 1913 δὲ
2353 1864 2448 1915 καὶ
2504 1864 2661 1917 αὐτοὶ
2710 1865 3102 1931 ταπεινώσεως
3152 1870 3229 1931 εἰς
3286 1871 3661 1938 οἱκουμενικὸν

2090 1950 2365 2003 ἐθελονταὶ
2396 1954 2655 2022 συνῆλθον
2692 1959 3000 2027 κριτήριον,
3040 1959 3233 2030 καὶτῷ
3256 1963 3319 2014 ὲκ
3351 1962 3460 2015 τῶν
3489 1963 3660 2028 λόγων

2091 2046 2457 2115 φανησομένῳ
2488 2047 2882 2118 ἀκολουθήσειν
2914 2052 3219 2117 συνέθεντο,
3251 2052 3403 2106 αύτοί
3433 2071 3492 2107 τε
3523 2072 3662 2118 παν-

2090 2133 2180 2197 τὸς
2206 2135 2557 2204 ἐγκλήματος
2587 2139 2746 2192 τοῦτο
2778 2140 2838 2194 τὸ
2873 2144 3038 2211 μέρος
3064 2144 3205 2213 σφᾶς
3238 2146 3436 2209 αὐτοὺς
3466 2148 3667 2201 ἀνωτέ-

2092 2245 2220 2299 ρους
2254 2232 2555 2299 ἐτήρησαν·
2584 2233 2676 2285 καὶ
2707 2235 2853 2303 ήμᾶς
2885 2236 3071 2307 δεῖτῷ
3107 2238 3393 2308 πράγματι
3428 2244 3667 2311 προσελ-

2092 2320 2201 2373 θεῖν
2234 2322 2371 2389 μετὰ
2407 2323 2610 2393 πολλῆς
2657 2324 2895 2395 βασάνου
2928 2328 3023 2382 καὶ
3058 2331 3444 2400 μεγάληςοτῆς
3481 2333 3667 2398 ἐξετά-

2094 2427 2253 2477 σεως,
2291 2414 2384 2466 καί
2436 2431 2569 2468 ποτε
2629 2417 3015 2483 μεταϐαλόντα
3066 2420 3134 2474 τὰ
3192 2424 3496 2493 πράγματα
3544 2427 3671 2479 καθ’

2089 2504 2249 2573 ήμῶν
2278 2505 2458 2559 αὐτῶν
2489 2508 2854 2579 ἀντιστραφῇ,
2889 2514 2981 2564 καὶ
3019 2512 3507 2587 πολλαπλασιασθῇ
3544 2520 3672 2572 καθ’

2091 2596 2271 2665 ήμῶν,
2322 2598 2358 2651 ὃ.
2393 2597 2514 2650 κατ’
2542 2598 2721 2652 αὐτῶν
2773 2602 3124 2674 ὲπεφέρομεν
3175 2608 3445 2679 πρότερον
3484 2612 3673 2664 δίκαια

2090 2688 2436 2757 ἐγκλήματα.
2488 2691 2725 2762 Εἴρηται
2777 2694 2887 2764 γὰρ
2921 2700 3015 2752 καὶ
3045 2698 3197 2753 δοκεῖ
3242 2718 3332 2770 μοι
3386 2704 3673 2759 συνδοκεῖν

2092 2779 2317 2845 ἅπασιν,
2359 2779 2550 2852 ὥσπερ
2582 2783 2751 2854 μήπω
2782 2787 3002 2841 συνόδου
3038 2793 3511 2864 συγκροτηθεὶσης
3560 2814 3676 2851 κοι-

2095 2976 2475 3030 smpenumero
2496 2978 2680 3017 coram
2710 2965 3034 3037 objecimus,
3061 2971 3353 3042 palamque
3383 2975 3439 3029 in
3467 2992 3565 3033 eos
3588 2979 3681 3034 in-

2095 3054 2235 3108 veCti
2265 3055 2705 3121 sumus.Quibus
2733 3059 2861 3128 quid
2888 3060 2962 3114 illi
2994 3065 3553 3138 responderint,quas
3583 3088 3683 3127 ex-

419 3161 665 3223 luerunl.
703 3144 1096 3221 Ρτυηυιιῑὶενίιν
1153 3144 1390 3197 inﬂante
1435 3136 1703 3221 ᾀυῐιιειθι
1754 3131 1992 3226 ηθεθεξ-ί·
2019 3142 2061 3200 C
2095 3147 2404 3201 cusationes
2431 3149 2484 3201 in
2515 3149 2755 3204 medium
2780 3131 3130 3221 adduxerint,
3155 3158 3354 3226 quibus
3372 3131 3683 3220 rationibus

424 3259 556 3306 tate.
579 3245 767 3313 Neque
790 3238 934 3294 enim
957 3236 1123 3290 licere
1152 3230 1429 3301 inquiunt,
1461 3242 1595 3297 pace
1627 3240 1691 3281 ac
1719 3222 1988 3323 tranquil-

419 3344 578 3397 litate
635 3333 761 3389 ﬁdei
819 3330 1059 3399 vigente,
1122 3334 1289 3377 novas
1357 3331 1576 3372 movere
1626 3321 1988 3384 quaestiones,

428 3435 603 3503 neque
629 3427 767 3484 ortis
819 3417 1124 3477 haeresibus
1173 3425 1266 3469 aut
1312 3422 1521 3507 tacere,
1545 3408 1856 3507 aut.solut‘n
1906 3404 1991 3458 vel

415 3494 543 3581 cum
584 3518 771 3591 paucis
801 3516 869 3569 de
922 3510 1009 3564 bis
1044 3520 1166 3577 qua:
1203 3500 1357 3559 credi
1390 3495 1754 3591 communiter
1780 3494 1847 3548 ab
1877 3508 1995 3546 om-

422 3586 838 3669 nibus—debent,
871 3610 1129 3661 tractare,
1161 3595 1257 3650 sed
1284 3589 1562 3649 communi
1609 3586 1832 3658 quidem
1863 3600 1992 3639 con-

421 3718 587 3759 sensu
614 3700 721 3755 hoc
751 3694 869 3750 ﬁeri
899 3684 1329 3778 oportere‘lieri
1353 3696 1479 3738 vero
1511 3681 1774 3735 duntaxat
1802 3691 1992 3778 neces-
2036 3734 2041 3738 ,

421 3799 581 3853 sitate
625 3796 874 3859 urgente.
906 3784 973 3839 Et
1001 3769 1468 3851 quemadmodum
1500 3771 1737 3844 generali
1761 3769 1994 3872 concilio

422 3890 771 3952 congregato,
827 3888 967 3945 opus
1030 3884 1153 3926 esse
1215 3867 1369 3922 aiunt
1425 3878 1640 3920 summo
1694 3862 1878 3918 studio
1935 3875 1995 3914 ac

422 3974 752 4045 cogitatione
802 3967 984 4024 omnia
1027 3963 1344 4026 discutere;
1392 3967 1468 4025 et,
1501 3956 1648 4028 quod
1703 3955 1844 4055 ratip
1879 3962 1997 4055 tatu-

422 4043 544 4120 dem
581 4059 901 4123 obtinuerit,
942 4056 1197 4124 accipere
1235 4065 1429 4105 omnes
1478 4058 1644 4117 atque
1688 4043 1943 4114 amplecti
1979 4060 1992 4096 :

421 4160 518 4221 ita,
560 4156 603 4211 si
637 4163 763 4213 ante
807 4164 1096 4207 commune
1131 4144 1401 4216 judicium
1440 4141 1509 4195 de
1539 4139 1722 4208 aliqua
1758 4153 1818 4193 re
1843 4135 1997 4205 quis-

420 4254 564 4322 piam
605 4242 959 4307 dubitaverit,
997 4249 1143 4293 mota
1171 4234 1495 4307 quaestione,
1531 4240 1587 4287 et
1621 4230 1690 4285 ab
1719 4228 1997 4322 aliquibus

420 4320 806 4401 determinata,
832 4336 957 4407 jure
1000 4330 1054 4386 id
1090 4329 1292 4391 facere,
1330 4324 1637 4393 meritoque
1684 4323 1752 4377 ab
1792 4321 1878 4375 his
1916 4320 1999 4374 di-

422 4433 531 4486 vidi
569 4431 659 4500 qui
718 4427 925 4496 absque
957 4419 1232 4476 communi
1283 4429 1551 4473 conSensu
1599 4411 1717 4466 ausi
1765 4420 1892 4465 sunt
1931 4410 1998 4465 de

2095 3236 2305 3307 objecta
2349 3242 2721 3309 purgaverint,
2756 3243 3018 3302 latissime
3042 3263 3238 3304 omnes
3280 3252 3680 3311 intelleximus.

2095 3329 2280 3398 Itaque
2309 3346 2415 3385 non
2447 3341 2533 3386 est
2569 3333 2622 3386 in
2663 3337 2954 3403 praasentia
2992 3341 3274 3406 repetendi
3327 3344 3507 3409 locus,
3541 3363 3685 3414 pm-

2095 3419 2283 3473 sertim
2312 3435 2435 3474 cum
2472 3432 2657 3476 nostra
2705 3425 3141 3497 omnisqutestio
3191 3430 3417 3506 minime
3480 3436 3532 3490 in
3575 3437 3683 3493 hoc

2095 3520 2369 3572 versetur,
2424 3520 2607 3566 utrum
2666 3529 2763 3582 per
2810 3529 2868 3570 se
2925 3518 3069 3584 soli,
3113 3534 3182 3575 an
3247 3524 3538 3581 nobiscum
3572 3545 3681 3584 una

2096 3603 2419 3669 particulam
2454 3604 2599 3658 illam
2645 3606 2997 3673 addiderint,
3032 3622 3087 3666 et
3116 3614 3403 3672 licueritne
3451 3620 3679 3684 addere.

2098 3706 2305 3756 necne;
2355 3694 2448 3749 sed
2475 3706 2653 3750 utrum
2685 3713 2878 3754 verum
2925 3700 3194 3759 falsumve
3239 3708 3313 3761 sit
3346 3712 3490 3778 quod
3525 3715 3685 3766 add.-

2099 3791 2213 3836 tum
2239 3793 2343 3847 est,
2396 3785 2499 3839 hoc
2553 3786 2608 3841 in
2665 3788 2861 3856 primis
2917 3792 3374 3850 considerandum
3435 3816 3465 3852 a
3520 3805 3683 3857 nobis

2098 3889 2221 3928 esse
2252 3878 2489 3931 universi
2520 3864 2910 3949 judicavinius.
2959 3883 3161 3939 Verum
3205 3887 3394 3945 demus
3432 3893 3484 3944 in
3538 3909 3572 3961 p
3600 3911 3681 3947 ae-

2102 3966 2418 4025 sentia,non
2456 3978 2600 4023 recte
2633 3970 2752 4026 illos
2786 3971 3001 4039 fecisse,
3036 3977 3183 4045 quod
3230 3980 3349 4035 sine
3381 3985 3547 4036 totius
3572 3986 3679 4039 Ec-

2098 4056 2277 4110 clesia:
2324 4062 2747 4129 congregatione
2779 4062 2846 4117 de
2898 4065 3068 4139 rebus.
3117 4069 3377 4135 gravibus
3408 4073 3476 4126 ad
3513 4074 3681 4131 ﬁdem

2098 4146 2463 4203 Christianam
2491 4151 2899 4219 pertinentibus
2922 4159 3224 4224 tractarint,
3254 4175 3539 4232 quousque
3558 4168 3685 4234 qui-

2102 4239 2223 4293 dem
2243 4240 2295 4293 in
2320 4240 2421 4294 hac
2452 4244 2725 4296 sententia
2749 4257 3122 4313 permansere,
3149 4264 3219 4302 ne
3238 4250 3457 4320 aliquod
3480 4254 3684 4324 dogma

2102 4328 2156 4384 in
2186 4332 2424 4399 generali
2460 4334 2671 4403 synodo
2726 4337 3067 4404 propositum
3107 4337 3502 4407 discuteretur,
3568 4344 3685 4397 for-

2102 4425 2263 4478 tassis
2297 4424 2439 4477 haud
2476 4426 2673 4495 injuria
2726 4442 3054 4483 succensere
3094 4430 3199 4487 illis
3248 4433 3591 4499 videbamur,
3625 4451 3685 4493 et

425 4483 1005 4579 rebuslcmnmuhibus
1029 4511 1299 4586 judicium
1345 4508 1512 4573 ῖθηθι
1553 4504 1996 4577 quandoquidem
2034 4483 2076 4537 θ
2106 4525 2302 4570 nostrae
2344 4516 2607 4571 adversus
2668 4518 2788 4571 illos
2851 4521 3229 4578 accusationes
3294 4526 3417 4593 jure
3470 4521 3683 4594 Optimo

427 4621 541 4689 ipse
588 4609 974 4669 communibus
1024 4606 1190 4661 rebus
1244 4613 1300 4658 et
1364 4599 1729 4656 communiter
1788 4596 1999 4651 traditis

427 4705 781 4767 assentiatur,
815 4701 908 4755 ille
946 4711 1081 4753 vero
1113 4694 1317 4764 aliquid
1337 4693 1522 4747 dicant
1543 4689 1688 4759 quod
1710 4695 1998 4756 antequam

427 4798 792 4855 connuunitcr
832 4791 1160 4855 discutiatur
1212 4801 1319 4840 non
1376 4797 1567 4853 parum
1606 4781 1657 4834 in
1704 4795 1762 4832 se
1807 4777 2002 4830 habeat

427 4890 807 4946 dubitationis.

452 5022 455 5023 ν
496 4982 642 5048 Quas
676 4980 747 5033 ob
780 4993 869 5032 res
917 4982 1162 5029 nostrum
1212 4968 1457 5040 plerique
1515 4976 1787 5028 asserunt,
1859 4962 2001 5016 haud

357 5120 363 5131 .
430 5092 486 5129 se
523 5072 721 5142 injuria
765 5088 792 5125 a
827 5069 1144 5125 Latinorum
1184 5061 1461 5117 consortio
1493 5058 1819 5121 abhorrere;
1858 5055 2003 5126 quod

431 5184 539 5223 non
575 5166 645 5220 sit
675 5161 958 5219 ferendum
983 5199 998 5223 ,
1039 5156 1184 5212 uniri
1221 5168 1319 5211 nos
1360 5152 1444 5207 eis
1476 5160 1760 5220 antequam
1794 5148 2027 5220 judicio.

432 5256 755 5313 universalis
808 5249 1085 5312 Ecclesiae,
1123 5246 1266 5318 quod
1310 5259 1505 5300 recens
1539 5259 1636 5313 per
1687 5258 1785 5297 eos
1839 5244 2009 5296 intro-

432 5352 656 5407 ductum
692 5347 818 5413 fuit,
863 5343 1208 5416 subjiciatur.
1253 5341 1429 5408 Atque
1484 5337 1570 5390 bis
1616 5336 1837 5406 quidem
1901 5334 2007 5387 du-

435 5446 559 5515 plici
592 5441 948 5497 accusatione
974 5431 1408 5499 succensendum
1431 5429 1780 5484 existimant:
1806 5426 2007 5496 primo,

388 5535 579 5605 .quod
620 5533 818 5601 ignaris
874 5536 929 5584 et
981 5518 1786 5595 nequaquamassentientibus
1851 5518 2009 5572 nobis

437 5626 734 5694 quidquam
766 5623 819 5678 in
845 5631 1192 5676 communem
1227 5614 1523 5670 Ecclesium
1564 5609 1965 5667 introduxerint
1993 5625 2006 5673 ;

440 5724 580 5779 tum,
613 5715 758 5784 quod
785 5714 895 5782 pati
928 5712 1135 5766 nollent
1161 5708 1468 5780 generalem
1505 5705 1769 5774 synodum
1788 5714 1842 5758 ct
1868 5704 2012 5757 anti-

450 5806 576 5875 quis
614 5805 719 5859 illis
737 5804 971 5857 similem
1020 5800 1332 5855 convocari.
1372 5796 1491 5852 Ilaec
1523 5812 1622 5851 nos
1652 5810 1868 5865 quoque
1902 5794 2011 5852 illis

2105 4607 2319 4672 defendi
2369 4620 2638 4678 poterant.
2703 4611 2858 4665 Nunc
2929 4624 3111 4668 autem
3184 4632 3307 4671 cum
3366 4619 3681 4688 hujustno.ti

2106 4701 2260 4770 culpa
2302 4710 2519 4767 vacent,
2584 4712 2886 4772 sponteque
2938 4705 2992 4758 in
3046 4708 3355 4774 generalem
3409 4714 3682 4780 synodum

2107 4794 2485 4857 convenerint,
2521 4810 2583 4848 ac
2614 4797 2797 4849 omnia
2839 4812 2898 4851 se
2942 4797 3183 4854 facturos
3214 4798 3536 4857 aﬂirmarint
3561 4819 3686 4871 qua:

2111 4886 2249 4938 ratio
2312 4887 2687 4955 persuaserit,
2742 4899 2796 4941 et
2860 4888 2962 4957 ipsi
3017 4905 3077 4944 se
3130 4893 3279 4947 omni
3333 4898 3688 4952 accusatione

2111 4960 2330 5041 prorsus
2362 4968 2630 5028 immune;-
2668 4978 3039 5044 reddiderint,
3076 4990 3132 5034 et
3176 4997 3275 5036 nos
3320 4993 3543 5051 oportet
3572 5002 3684 5041 non

2110 5065 2384 5118 mediocre
2441 5060 2685 5125 studium
2738 5070 3233 5142 cogitationemque
3284 5076 3570 5139 adhibere,
3627 5090 3688 5133 ut

2110 5162 2229 5225 Quae
2258 5157 2463 5227 agenda
2492 5174 2518 5210 a
2560 5159 2718 5214 nobis
2756 5161 2869 5214 sint
2912 5173 3069 5219 caute
3106 5165 3515 5237 prudenterque
3558 5188 3689 5239 alga-

2112 5264 2252 5312 mus,
2312 5265 2377 5303 ne
2426 5250 2571 5319 quod
2622 5260 2747 5306 ante
2809 5252 2958 5309 hunc
3003 5256 3149 5311 diem
3184 5258 3423 5328 objicere
3480 5260 3689 5317 Latinis

2113 5341 2517 5408 consuevimus,
2561 5342 2613 5395 in
2651 5358 2749 5397 nos
2781 5344 3020 5421 recidat;
3061 5348 3300 5419 denique
3349 5367 3411 5405 ea
3466 5368 3690 5407 accusa-

2117 5435 2618 5503 tiuuejudicemur,
2654 5437 2812 5505 cujus
2856 5437 2975 5491 illos
3008 5438 3136 5493 olim
3190 5456 3313 5496 reos
3371 5446 3689 5514 agebamus.

2115 5526 2247 5579 Nam
2282 5527 2348 5590 si,
2392 5537 2449 5580 ut
2472 5526 2651 5580 dicere
2683 5527 2783 5595 ipsi
2811 5530 3218 5595 consuevimus,
3247 5533 3492 5587 nondum
3522 5535 3695 5590 advo-

2116 5628 2235 5671 cata
2271 5617 2479 5687 synodo
2509 5618 2747 5688 generali
2787 5621 3081 5677 accusandi
3114 5634 3273 5677 erant
3308 5624 3514 5683 Latini.
3544 5628 3690 5694 quod

2119 5722 2216 5761 suo
2242 5696 2732 5777 duntaxat'judicio
2771 5708 2837 5764 tle
2874 5726 2932 5765 re
2963 5712 3099 5768 adeo
3127 5715 3279 5783 gravi
3301 5716 3689 5782 rredidissent,

2118 5798 2307 5870 quidni
2342 5813 2441 5853 nos
2472 5816 2708 5871 quoque,
2744 5817 2864 5857 cum
2902 5803 2961 5859 id,
2992 5807 3136 5875 quod
3184 5809 3563 5878 qumrcbamas
3608 5808 3689 5863 fac
