3990 6212
313 338 413 402 ιιι

1281 335 1783 398 BESSAIUONIS
1816 337 1876 398 s.
1915 324 1984 400 Β.
2026 339 2089 401 E.
2136 326 2601 402 CARDINAI.lS

3452 326 3560 404 ξιῑέ

310 446 348 521 ᾗ
405 448 475 502 οὐ
521 448 893 514 δυνήσονται
948 450 1268 516 ἀπειπεῖν,
1321 450 1466 503 οὐδὲ
1522 449 1882 516 ἀντιστῆναι
1915 451 2135 517 Ατάδε,
2188 454 2275 508 ὁτὲ
2318 453 2371 505 δὲ
2422 448 2485 504 αὖ
2547 452 2724 517 λέγειν
2759 450 2823 503 τὰ
2864 449 3124 503 ἐναντίαο
3175 434 3366 517 ὥσπερ
3400 447 3555 520 οἷμτι

312 542 533 607 πάντες
561 540 621 594 ol
656 541 1060 610 ἀντικείμενοι
1104 541 1246 610 ὑμῖν
1267 558 1279 571 ·
1308 543 1396 594 διὰ
1430 542 1633 595 τούτων
1669 540 1885 600 δεικνὺς

310 632 417 683 τῶν
448 630 732 702 ῥημάτων,
759 632 832 693 ὼς
867 631 1010 703 ειπερ
1063 632 1128 685 ἂν
1164 633 1317 686 αὐτοὶ
1353 635 1533 702 φαῖεν,
1560 629 1724 684 αὑτοῦ
1787 630 1883 700 ρή-

314 740 462 791 ματα
508 723 745 789 ἔσονται,
782 724 879 777 καὶ
916 724 1006 777 τοῦ
1060 725 1383 795 ἐνηχοῦντος
1418 726 1601 787 αὐτοῖς
1638 722 1885 792 Πνεῦμα-

310 833 401 878 τος
424 830 438 845 ⁸
476 816 504 868 ὃ
533 815 767 885 ἀλλαχοῦ
794 817 896 885 ἔφη
936 818 1112 870 πᾶσαν
1143 817 1339 879 αὐτοὺς
1370 817 1602 881 διδάξειν
1629 818 1729 887 τὴν
1754 816 1884 885 ἀλή-

311 907 460 961 θειαν
491 908 738 973 ἐπελθὸν,
774 909 849 972 ὡς
883 905 1025 962 εἶναι
1057 910 1151 961 καὶ
1192 910 1260 962 τὰ
1295 908 1473 963 αὐτῶν
1503 910 1751 978 ῥήματα,
1791 906 1883 959 τοῦ

310 1002 624 1071 Πνεύματος
679 1002 777 1070 τῆς
822 1000 1086 1070 ἀληθείας
1146 1002 1203 1052 ἐν
1244 999 1427 1063 αὐτοῖς
1480 998 1881 1068 φθεγγομένου,

300 1094 570 1164 ἀλήθειαν
604 1097 699 1150 καὶ
755 1095 926 1163 ζωήν.
953 1094 1079 1145 ’Ότι
1108 1092 1164 1145 δὲ
1198 1093 1375 1147 ταῦτα
1410 1092 1477 1146 τὰ
1535 1093 1757 1161 ῥήματα
1785 1090 1885 1144 οὐκ

311 1187 390 1247 είς
432 1185 631 1249 αὐτοὺς
689 1186 851 1255 μόνον
886 1186 1010 1248 τοὺς
1050 1185 1325 1247 αὐτόπτας
1364 1185 1457 1237 τοῦ
1488 1185 1662 1251 Λόγου
1706 1183 1883 1250 διέϐη,

309 1280 447 1334 ἀλλά
475 1282 570 1334 καὶ
609 1282 688 1343 είς
721 1280 929 1342 πάντας
958 1279 1085 1341 τοὺς
1135 1278 1255 1348 μετ’
1286 1278 1483 1339 αὐτοὺς
1528 1277 1586 1329 τὸ
1620 1277 1885 1347 σωτήριον

308 1372 725 1439 διαγγέλλοντας
761 1373 1024 1441 κήρυγμα
1080 1370 1346 1439 ποιμένας
1378 1369 1472 1421 καὶ
1501 1367 1881 1430 διδασκάλους,

310 1470 512 1528 πάντες
546 1482 602 1516 τε
645 1465 845 1528 ἴσασιν,
883 1461 1043 1524 αὑτός
1078 1479 1139 1515 τε
1170 1464 1196 1514 ὀ
1246 1460 1441 1528 Σωτὴρ
1483 1458 1610 1528 ἔφη,
1643 1460 1704 1513 Ἀ
1744 1457 1885 1526 ὑμῖν

304 1562 482 1627 λέγω,
512 1556 662 1614 πᾶσι
697 1559 876 1627 λέγω,
912 1558 1189 1625 φάμενος⁶
1224 1551 1363 1606 αὑτά
1393 1569 1451 1603 τε
1483 1552 1551 1604 τά
1585 1552 1885 1621 πράγματα

280 1652 604 1720 ,μαρτυρεῇ
659 1649 877 1703 πάντων
921 1646 1028 1698 τῶν
1062 1644 1200 1714 μετὰ
1249 1643 1427 1697 ταῦτα
1459 1642 1885 1712 θαυμαστωθὲν-

308 1759 415 1795 των
446 1744 557 1804 τοῖς
596 1741 778 1803 αὐτοῖς
833 1738 1013 1807 ἐργο;ς
1066 1753 1125 1789 τε
1182 1739 1278 1793 καὶ
1327 1740 1598 1808 σημείοις,
1635 1734 1731 1787 καὶ
1774 1735 1884 1796 τοῖς

308 1835 406 1903 τῆς
438 1832 786 1893 διδασκαλίας
817 1830 1070 1899 ἀφθόνοις
1105 1832 1313 1899 νάμασι
1366 1830 1463 1882 καὶ
1499 1830 1707 1899 πηγαῖς
1763 1826 1887 1877 ἀεν-

309 1930 488 1989 νάοις·
545 1926 619 1989 ὡς
673 1924 907 1994 φανερὸν
957 1918 1097 1976 εἶναι
1149 1922 1337 1976 λοιπὸν
1392 1920 1487 1974 καὶ
1539 1922 1663 1983 τοὺς
1700 1917 1885 1986 ἁγίους

312 2020 558 2089 Πατέρας
583 2020 677 2071 καὶ
729 2015 1083 2078 διδασκάλους
1115 2014 1203 2068 διὰ
1233 2014 1325 2067 τοῦ
1381 2012 1652 2080 παναγίου
1688 2010 1874 2062 λαλεῖν

312 2113 658 2183 Πνεύματος,
694 2112 788 2164 καὶ
840 2110 1066 2181 ῥήματα
1118 2108 1458 2176 φθέγγεσθαι
1508 2105 1602 2159 τοῦ
1636 2105 1889 2175 Σωτῆρος

311 2204 452 2258 κατὰ
506 2204 789 2272 τυράννων
820 2205 914 2256 καὶ
960 2200 1269 2270 ἡγεμόνων,
1307 2200 1400 2252 καὶ
1428 2198 1533 2250 τῶν
1564 2198 1629 2267 τῇ
1659 2194 1890 2266 ἀληθείᾳ

312 2296 636 2366 μαχομένων
667 2294 963 2363 αἱρετικῶν
1009 2291 1509 2361 συγγραψαμένους
1548 2293 1641 2343 καί
1686 2289 1888 2358 δογμα-

309 2391 581 2454 τίζοντας,
622 2389 717 2441 καὶ
757 2385 1131 2456 κηρύττοντας
1162 2384 1261 2454 τὴν
1316 2382 1599 2451 ἀλήθειαν.
1649 2380 1805 2434 Οὕτω
1833 2382 1889 2432 δὲ

310 2484 556 2555 ἔχοντας,
590 2481 686 2532 καὶ
716 2477 1031 2547 συμφωνεῖν
1064 2476 1278 2539 ἑαυτοῖς
1312 2475 1407 2527 καὶ
1440 2474 1690 2544 ἀλλήλοις
1722 2473 1890 2541 ἀνάγ-

309 2589 421 2645 κη⁶
468 2576 565 2627 καὶ
606 2571 772 2642 μηδὲν
806 2569 1073 2633 ἐναντίον,
1110 2569 1171 2620 ού
1228 2568 1447 2637 μικρὸν,
1500 2568 1560 2620 οὐ
1620 2569 1787 2635 μέγα,
1827 2566 1888 2619 οὐ

308 2668 446 2739 πρὸς
478 2667 771 2736 ἀλλήλους,
804 2664 863 2716 οὐ
901 2664 1034 2733 πρὸς
1062 2663 1312 2727 ἑαυτοὺς,
1344 2662 1453 2713 οὐδ’
1484 2661 1737 2730 ἐννοῆσαι
1762 2660 1891 2727 γοῦν

308 2760 444 2822 ὅλως
477 2756 699 2827 θεμιτὸν
729 2756 929 2818 αὐτοὺς
958 2756 1126 2824 φάναι
1148 2771 1162 2785 ο
1201 2753 1341 2807 οὕτω
1391 2755 1499 2824 γὰρ
1531 2755 1597 2807 ἂν
1627 2756 1728 2809 οὐκ
1756 2755 1888 2823 ἀλη-

312 2852 461 2913 θείας
490 2849 692 2921 μᾶλλον
720 2848 752 2918 ἢ
810 2846 1020 2914 πλάνης
1052 2848 1110 2899 ὲν
1150 2845 1333 2909 αὐτοῖς
1365 2846 1591 2914 ὲλάλησε
1625 2845 1845 2917 πνεῦμα
1871 2860 1888 2877 ο

312 2945 489 3016 πλάνη
521 2945 630 3013 γὰρ
665 2943 904 3004 καὶτοῖς
958 2940 1339 3008 πλανωμένοις
1390 2941 1613 3005 οἰκεῖον,
1663 2940 1752 2993 ὁτὲ
1788 2941 1889 3010 μὲν

1988 544 2080 596 καὶ
2104 545 2469 613 ἐπιστήμονος
2492 544 2683 614 ἀνδρὸς
2713 543 2953 606 ἁπλανές
2983 542 3101 595 ἐστι
3130 545 3357 611 σημεῖον
3379 544 3557 610 ἐαυτῷ

1988 638 2220 699 καὶτοῖς
2254 636 2433 699 ἄλλοις
2472 638 2655 704 σοφοῖς
2678 636 3014 705 συμφωνεῖν.
3046 636 3197 703 Ὀσῳ
3221 629 3313 686 οὖν
3348 636 3559 703 ἀνθρώ-

1988 744 2104 780 πων
2128 728 2307 798 σοφῶν
2344 729 2403 781 τὸ
2439 730 2535 797 τῆς
2565 729 2756 796 σοφίας
2790 727 2881 780 καὶ
2912 720 3173 795 ἀληθείας
3232 728 3558 795 ὑπέρκειται

1988 819 2233 889 Πνεῦμα,
2271 820 2508 891 τοσούτῳ
2532 820 2625 873 καὶ
2660 819 2949 888 σύμφωνον
2971 818 3150 888 ἑαυτῷ
3187 819 3394 887 μᾶλλον
3418 814 3561 871 εἶναι

1986 913 2220 981 ἀνάγκη.
2253 914 2326 967 Οὐ
2362 912 2470 984 μὴν
2504 912 2619 966 ἀλλ’
2650 915 2699 965 εῖ
2730 930 2812 976 τις
2848 914 2944 965 καὶ
2978 913 3190 973 ἑαυτοῖς
3236 911 3269 981 ἢ
3299 911 3554 978 ἀλλήλοις

1987 1004 2101 1057 ἔσθ’
2159 1007 2247 1057 ὅτε
2292 1004 2418 1069 τοὺς
2474 1007 2721 1076 Πατέρας
2767 1005 3224 1075 ἐναντιουμένους
3264 1004 3560 1073 τολμήσειε

1987 1099 2174 1166 φάναι,
2207 1097 2327 1168 ὥρα
2352 1099 2541 1153 λοιπὸν
2573 1098 2718 1166 αὐτῷ
2766 1099 2907 1168 μετά
2944 1099 3055 1151 τῶν
3082 1098 3328 1152 ἀπίστων
3357 1096 3562 1165 ταχθῆ-

1989 1206 2078 1241 ναι
2108 1190 2331 1243 καὶτῶν
2377 1189 2587 1260 ἐχθρῶν
2621 1189 2714 1243 τοῦ
2754 1186 2991 1257 σταυροῦ
3016 1202 3029 1219 ⁶
3067 1183 3147 1251 οἷς
3183 1182 3345 1257 ἔργον
3374 1174 3559 1238 ὲντεῦ·

1988 1282 2080 1335 θεν
2115 1285 2180 1336 τά
2216 1283 2461 1353 ἡμέτερα
2495 1283 2797 1353 ἐπιχειρεῖν
2832 1278 3196 1335 ὑποσαλεύειν
3258 1279 3558 1349 μυστήρια,

1986 1376 2284 1445 τεκμήριον
2317 1373 2417 1444 τῆς
2466 1374 2562 1427 τοῦ
2619 1375 2977 1444 κηρύγματος
3027 1373 3340 1436 ἀσθενείας,
3394 1370 3560 1424 πλάτ-

1987 1484 2169 1521 τουσιν
2203 1466 2646 1536 ἐναντιοφανείας
2674 1466 2827 1527 τινάς
2848 1468 2945 1535 τῆς
2966 1465 3116 1526 θείας
3146 1464 3391 1534 Γραφῆς,
3420 1462 3561 1530 πλὴν

1986 1559 2167 1614 αὐτῶν
2196 1558 2369 1612 οὐδενὶ
2403 1559 2573 1630 ἑτέρῳ
2618 1560 2916 1620 δοκούσας·
2955 1556 3077 1609 καθ’
3119 1549 3192 1608 ὧν
3260 1557 3365 1619 πᾶς
3416 1554 3564 1605 διδά-

1992 1652 2191 1715 σκαλος
2244 1652 2598 1716 ἴσταται,κα”ι
2647 1650 3008 1718 ἀγωνίζονται
3052 1650 3252 1709 πάντες
3292 1664 3564 1716 συκοφαν⁶

1992 1744 2217 1807 τοῦντας
2247 1745 2486 1806 ἐκείνους
2516 1744 2614 1812 τὴν
2646 1743 2905 1813 ἀλήθειαν
2936 1741 3127 1805 δεῖξαι,
3158 1739 3563 1809 συμϐαίνουσαν

1995 1838 2161 1906 ἑαυτῇ
2191 1835 2288 1906 τὴν
2322 1835 2474 1888 θείαν
2504 1833 2925 1896 ἀποδεικνύντες
2951 1832 3041 1885 διά
3068 1831 3285 1886 πάντων
3313 1830 3560 1900 Γραφήν.

1996 1929 2207 1993 ’Ἄλλως
2233 1946 2291 1981 τε
2324 1929 2418 1982 καὶ
2446 1929 2607 1997 ἡμεῖς
2637 1927 2766 1988 τοὺς
2798 1923 2902 1989 ἔξω
2949 1923 3051 1994 τῆς
3081 1924 3358 1993 ἡμετέρας
3392 1921 3563 1990 αὐλῆς

1990 2039 2050 2072 τε
2099 2021 2195 2073 καὶ
2238 2019 2571 2084 Ἐκκλησίας
2627 2016 2714 2069 διὰ
2754 2017 2961 2070 τούτων
3014 2014 3435 2086 συμποδίζοντες
3472 2014 3566 2065 καὶ

1990 2111 2410 2182 ἀνατρέποντες,
2460 2111 2585 2174 τοὺς
2618 2111 2715 2181 τῆς
2748 2108 2906 2178 δόξης
2966 2108 3147 2163 αὐτῶν
3180 2106 3457 2177 ἡγεμόνας
3506 2109 3566 2158 ὲν

1992 2203 2267 2267 πλείστοις
2320 2202 2668 2273 μαχομένους
2699 2202 2959 2273 ἀλλήλοις
3009 2202 3432 2268 ἀποφαίνοντες,
3472 2199 3567 2251 καὶ

1991 2294 2076 2347 διὰ
2106 2293 2311 2345 τούτων
2366 2291 2465 2363 τὴν
2500 2292 2680 2346 αὐτῶν
2724 2294 3036 2363 ἐλέγχοντες
3072 2292 3315 2359 ἄγνοιαν,
3347 2289 3463 2351 πῶς
3499 2288 3567 2343 ἄν

1994 2388 2087 2440 καὶ
2119 2386 2242 2440 καθ’
2279 2387 2436 2457 ἡμῶν
2483 2386 2664 2439 αὐτῶν
2707 2386 2866 2439 τοῦτο
2915 2387 3214 2455 δεξαίμεθα
3261 2387 3320 2439 τὸ
3367 2384 3565 2448 δεινὸν,

1994 2480 2088 2533 καὶ
2136 2481 2262 2543 τοὺς
2298 2480 2595 2550 ἡμετέρους
2632 2479 2880 2549 ιιατέρας
2932 2480 3037 2532 ὑπὸ
3076 2478 3274 2531 ταυτὸν
3332 2495 3567 2547 περιπεε

1996 2574 2110 2625 σεῖν
2144 2573 2610 2642 συγχωρήσαιμεν
2646 2569 2841 2635 πάθος,
2878 2572 2927 2623 εί
2964 2572 3038 2641 μὴ
3079 2571 3175 2625 καὶ
3207 2574 3306 2640 τὴν
3335 2572 3565 2624 καθόλου

1995 2669 2178 2718 πίστιν
2204 2665 2362 2735 ἡμῶν
2389 2664 2665 2717 ἐθελονταὶ
2694 2662 2852 2718 αὐτοὶ
2879 2663 3186 2733 ἀνατρέψαι
3217 2664 3521 2734 θελήσομεν
3550 2684 3565 2728 ;

2010 2759 2146 2813 Ἀλλ’
2173 2761 2342 2828 ἀπείη
2368 2774 2430 2827 γε
2488 2756 2647 2811 τοῦτο
2684 2757 2786 2826 τῆς
2817 2756 3058 2827 Χριστοῦ
3105 2757 3431 2826 Ἐκκλησίας
3473 2760 3568 2810 καὶ

1996 2854 2099 2907 τῶν
2136 2854 2336 2922 ταύτης
2398 2852 2706 2922 τροφίμων.
2747 2850 2999 2921 Ὀρῶμεν
3035 2850 3090 2903 δὲ
3134 2852 3227 2904 καὶ
3263 2852 3361 2913 τὰς
3387 2853 3572 2904 οἰκου-

1999 2945 2224 3017 μενικάς
2261 2944 2480 3008 ἁπάσας
2519 2943 2771 3008 συνόδους
2802 2944 2927 3014 περὶ
2946 2934 3055 2996 τῶν
3083 2943 3293 3017 ἑκάστῃ
3342 2960 3572 3014 προκει·

307 3132 519 3202 vobis‘)
550 3148 566 3197 ;
601 3128 891 3184 manifeste
925 3126 1011 3182 his
1044 3123 1228 3180 verbis
1277 3123 1590 3193 signiﬁcans
1631 3136 1887 3189 (ιιιεεουιι-
1915 3139 1957 3195 c
1992 3140 2095 3193 est,
2139 3144 2239 3183 nec
2299 3128 2400 3181 hoc
2438 3141 2538 3181 nec
2591 3126 2726 3181 illud
2767 3138 3013 3179 asserere
3043 3162 3058 3188 ’
3105 3122 3567 3192 quemadmodum

306 3241 415 3296 que
445 3225 513 3279 ab
543 3223 648 3277 illis
675 3221 1011 3284 dicerentur,
1055 3234 1151 3273 sua
1196 3231 1315 3270 esse
1362 3214 1526 3267 verba
1556 3222 1611 3266 et
1646 3211 1885 3280 Spiritus

308 3319 483 3375 sancti
517 3317 571 3371 in
593 3315 698 3369 iliis
729 3312 1043 3383 loquentis:
1081 3325 1241 3378 quem
1276 3306 1882 3373 alibisuperventurum

306 3410 618 3473 afﬁrmavit,
642 3408 1045 3474 docturutnque
1086 3418 1182 3457 eos
1213 3416 1429 3455 omnem
1488 3398 1796 3462 veritatem,
1830 3407 1886 3449 ut

305 3505 474 3561 etiam
528 3501 692 3556 verba
750 3499 1033 3567 ipsorum,
1075 3494 1283 3564 Spiritu
1316 3492 1562 3562 veritatis
1605 3491 1658 3543 in
1686 3490 1768 3544 eis
1804 3489 1885 3542 lo~

305 3607 531 3670 quente,
576 3594 779 3649 veritas
824 3601 880 3645 et
921 3588 1029 3642 vita
1078 3594 1282 3641 essent.
1316 3584 1481 3652 Atqui
1534 3583 1696 3637 verba
1746 3580 1883 3646 hac,

306 3706 470 3747 nemo
523 3698 609 3743 est
655 3684 747 3753 qui
780 3681 1039 3751 ambigat,
1072 3695 1182 3735 non
1216 3679 1379 3733 modo
1412 3678 1479 3732 ad
1525 3676 1731 3745 primos
1764 3676 1885 3729 illos

307 3784 499 3842 referri
530 3777 827 3839 Salvatoris
870 3774 1197 3844 discipulos,
1243 3772 1446 3841 quibus
1490 3770 1675 3825 datum
1710 3779 1797 3823 est
1828 3777 1885 3821 ut

307 3885 633 3950 praesentem
668 3887 793 3927 eum
827 3871 1197 3935 intuerentur,
1234 3864 1328 3919 sed
1351 3865 1519 3918 etiam
1549 3861 1613 3914 ad
1638 3870 1886 3930 pastores

305 3968 675 4024 Ecclesiarum
700 3974 755 4018 et
786 3962 1041 4017 doctores
1078 3971 1307 4014 caeteros
1334 3956 1427 4027 qui
1458 3967 1577 4025 post
1608 3955 1884 4024 apostolos

307 4056 659 4130 Evangelium
718 4034 1110 4126 praedicavere.
1161 4052 1277 4103 Hoc
1308 4049 1455 4103 enim
1498 4058 1553 4102 et
1594 4049 1709 4116 ipse
1775 4047 1886 4101 Sal-

306 4160 464 4206 vator
490 4149 685 4220 probat
714 4158 839 4201 cum
873 4144 1091 4213 inquit:
1130 4140 1261 4205 Quae
1292 4139 1430 4193 vobis
1464 4140 1609 4201 dico,
1646 4138 1883 4190 omnibus

304 4246 472 4299 dico:
503 4251 558 4297 et
606 4253 695 4294 res
746 4236 879 4307 ipsae
916 4230 1364 4288 manifestissime
1428 4230 1746 4284 ostendunt.
1795 4228 1884 4283 Si-

303 4335 526 4407 quidem
558 4332 773 4404 priores
808 4326 991 4383 cuncti
1034 4328 1286 4382 doctores
1342 4322 1533 4377 iisdem
1565 4324 1885 4376 claruerunt

303 4425 719 4500 operationibus
758 4431 815 4478 et
845 4419 1036 4490 signis,
1067 4416 1211 4487 quod
1238 4414 1410 4470 divini
1444 4415 1593 4470 verbi
1620 4415 1883 4485 praedica-

305 4523 454 4579 tione
480 4518 727 4574 divinum
769 4512 999 4569 verbum
1054 4524 1163 4565 non
1227 4508 1408 4562 minus
1458 4523 1553 4575 per
1587 4520 1682 4561 eos
1715 4521 1879 4575 quam
1914 4497 1956 4551 ῐ)

303 4630 404 4685 per
420 4608 699 4683 apostolos
737 4603 1102 4677 sequentibus
1126 4602 1298 4674 signis
1327 4600 1711 4657 conﬁrmatum
1738 4598 1840 4653 fuit
1864 4620 1877 4655 :

306 4714 367 4759 ut
393 4703 573 4776 palam
612 4697 870 4754 omnibus
898 4696 990 4761 sit,
1024 4696 1171 4765 ipsos
1203 4707 1421 4763 quOQue
1449 4702 1669 4747 sanctos
1695 4691 1883 4746 Patres

302 4807 359 4851 et
392 4792 645 4848 doctores
667 4786 995 4846 Christiana:
1044 4783 1170 4839 ﬁdei
1198 4798 1295 4853 per
1334 4782 1599 4853 Spiritum
1634 4794 1879 4838 sanctum

302 4889 519 4943 locutos
552 4882 743 4947 fuisse,
787 4880 1061 4948 verbaque
1103 4878 1348 4946 ipsorum
1382 4874 1681 4929 Salvatoris
1708 4873 1879 4928 nostri

304 4980 471 5034 verba
497 4976 798 5038 exstitisse,
824 4987 949 5029 cum
972 4970 1240 5025 adversus
1267 4979 1525 5039 tyrannos
1545 4974 1601 5022 et
1622 4966 1881 5036 praesides

303 5082 360 5128 et
392 5054 638 5127 veritatis
692 5069 879 5124 hostes
929 5074 1237 5125 certavere,
1278 5061 1549 5131 scripsere
1600 5070 1656 5115 et
1704 5061 1881 5130 palam

305 5166 592 5222 veritatem
630 5159 1015 5234 praedicavere.
1048 5155 1168 5223 Quo
1208 5154 1266 5210 ﬁt
1318 5165 1377 5210 ut
1412 5168 1634 5211 necesse
1671 5154 1762 5219 sit,
1785 5170 1883 5209 eos

305 5258 410 5313 sibi
470 5256 705 5311 invicem
737 5262 1106 5309 consentanea
1160 5248 1388 5314 dicere;
1433 5256 1489 5301 et
1548 5245 1687 5300 ratio
1740 5249 1885 5317 cogit

305 5352 465 5406 lateri
501 5346 638 5403 nihil
689 5345 759 5399 ab
791 5342 904 5399 illis
934 5341 1139 5398 dictum
1168 5355 1311 5406 esse,
1342 5338 1486 5408 quod
1525 5336 1760 5393 invicem
1798 5353 1887 5391 re-

310 5455 513 5514 pugnet
553 5457 622 5497 ne
663 5438 904 5495 minimis
933 5434 1155 5507 quidem
1212 5435 1264 5489 in
1306 5434 1469 5488 rebus
1500 5451 1513 5487 :
1549 5432 1709 5487 aliter
1737 5430 1884 5487 enim

308 5554 415 5592 non
468 5536 713 5592 veritatis
763 5532 934 5604 magis
987 5544 1150 5599 quam
1220 5527 1491 5582 mendacii
1550 5526 1778 5596 spiritus
1828 5524 1882 5579 in

307 5629 417 5684 illis
458 5618 675 5685 locutus
715 5626 929 5681 fuisset.
997 5620 1264 5677 Mendacii
1320 5633 1555 5689 namque
1596 5618 1880 5689 proprium

378 5808 394 5840 ⁸
429 5802 617 5859 Matth.
650 5818 700 5867 ι,
745 5801 824 5866 l9,
863 5798 953 5853 90.

1996 3220 2258 3292 sapientis
2288 3220 2502 3287 signum
2534 3226 2635 3279 est,
2667 3216 2770 3271 sibi
2811 3215 3029 3270 assidue
3076 3224 3348 3279 constare,
3380 3214 3571 3268 nullis-

1994 3331 2100 3385 que
2152 3313 2205 3367 in
2268 3312 2432 3367 rebus
2487 3325 2515 3363 a
2556 3308 2769 3363 caeteris
2824 3306 3163 3376 sapientibus
3232 3305 3567 3374 discrepare.

1993 3406 2209 3473 Quanto
2244 3404 2408 3474 igitur
2441 3404 2693 3457 homines
2743 3399 3016 3468 sapientes
3067 3396 3348 3466 sapientiae
3385 3406 3443 3449 et
3480 3412 3574 3449 ve-

1995 3501 2170 3555 ritatis
2192 3498 2428 3568 Spiritus
2456 3495 2754 3559 antecellit,
2793 3502 2944 3550 tanto
3002 3491 3174 3560 magis
3214 3504 3437 3545 necesse
3487 3499 3571 3543 est

1996 3606 2120 3647 eum
2156 3589 2262 3646 sibi
2298 3588 2403 3658 ipsi
2432 3596 2865 3642 consentaneum
2905 3596 3048 3638 esse.
3082 3582 3149 3635 Et
3196 3582 3239 3634 si
3270 3581 3394 3651 quis
3429 3580 3569 3633 forte

1994 3687 2082 3749 sit,
2103 3684 2195 3754 qui
2218 3689 2436 3738 sanctos
2465 3680 2655 3734 Patres
2681 3686 2734 3731 et
2764 3677 3017 3731 doctores
3049 3684 3267 3729 nostros
3290 3672 3567 3726 contraria

1998 3776 2228 3831 invicem
2271 3772 2478 3827 dixisse
2516 3770 2811 3833 existimet,
2851 3783 2976 3823 eum
3016 3766 3260 3837 profecto
3291 3780 3413 3819 cum
3448 3764 3569 3818 inii-

1993 3868 2206 3923 delibus
2239 3874 2293 3921 et
2318 3866 2502 3919 crucis
2541 3862 2793 3918 hostibus
2821 3858 3210 3929 connumerari
3235 3857 3316 3911 fas
3340 3865 3446 3917 est.
3472 3856 3564 3924 qui

1995 3961 2123 4015 hinc
2172 3972 2406 4030 arguere
2446 3955 2605 4010 ﬁdem
2661 3961 2904 4009 nostram
2963 3957 3389 4012 consueverunt,
3431 3963 3564 4002 con—

1995 4053 2303 4104 trarietates
2360 4046 2626 4116 quasdam
2676 4053 2732 4099 et
2760 4040 3224 4099 contradictiones
3285 4052 3563 4092 sacrarum

1993 4144 2294 4199 litterarum
2358 4140 2501 4193 inter
2551 4152 2608 4191 se
2665 4134 2974 4205 ﬁngentes:
3011 4148 3148 4203 quas
3186 4143 3362 4186 tamen
3403 4145 3567 4185 neruo

1994 4245 2190 4306 praeter
2214 4234 2361 4302 ipsos
2399 4231 2534 4284 tales
2566 4228 2860 4291 existimat,
2907 4234 3098 4298 contra
3146 4239 3285 4293 quos
3325 4223 3566 4278 universi

1992 4329 2248 4384 doctores
2286 4332 2495 4380 certant
2518 4362 2534 4388 ,
2569 4335 2774 4390 eosque
2810 4318 3236 4373 calumniatores
3269 4331 3389 4370 esse
3426 4314 3571 4369 veri-

1994 4402 2118 4474 tatis
2150 4424 2408 4484 arguunt,
2438 4423 2861 4468 consentaneam
2919 4406 3024 4462 sibi
3055 4420 3176 4460 esse
3225 4404 3429 4474 ubique
3479 4419 3570 4458 ε.-

1985 4525 2131 4565 cram
2166 4506 2509 4577 Scripturam
2547 4510 2944 4559 asseverantes.
3002 4498 3270 4553 Praeterea
3315 4514 3438 4551 cum
3470 4513 3569 4549 nos

1985 4616 2082 4672 per
2106 4600 2253 4654 hunc
2277 4598 2499 4653 modum
2533 4594 2764 4666 gentiles
2796 4601 2852 4648 et
2890 4607 2985 4647 eos
3009 4591 3102 4659 qui
3143 4601 3297 4643 extra
3323 4601 3565 4643 nostram

1985 4692 2287 4749 Ecclesium
2319 4697 2468 4753 sunt,
2513 4700 2829 4759 arguamus,
2867 4684 3342 4755 ignorantiamque
3370 4697 3563 4735 eorum

1986 4781 2566 4854 comprehendamus,
2633 4777 2994 4849 philosophos
3057 4777 3268 4852 scilicet
3312 4785 3368 4828 et
3439 4774 3567 4829 ﬁdei

1989 4891 2181 4932 eorum
2241 4888 2541 4945 praecones,
2603 4870 2659 4926 in
2708 4868 3130 4940 quamplurimis
3183 4867 3285 4921 sibi
3330 4866 3567 4921 invicem

1992 4969 2457 5031 contradicentes,
2500 4964 2854 5020 ostendentes
2882 4979 2895 5016 :
2930 4959 3207 5031 quomodo
3236 4958 3400 5015 etiam
3431 4974 3570 5015 con-

1994 5072 2076 5117 tra
2111 5076 2209 5115 nos
2249 5061 2396 5129 ipsos
2431 5060 2535 5111 hoc
2563 5054 2708 5111 idem
2757 5053 3189 5124 acceptabimus,
3246 5060 3303 5106 et
3346 5059 3572 5105 nostros

1992 5154 2248 5209 doctores
2271 5148 2513 5221 ejusdem
2545 5147 2795 5202 criminis
2837 5160 2961 5200 reos
2990 5160 3109 5200 esse
3150 5144 3570 5207 arbitrabimur,

1992 5246 2098 5301 nisi
2128 5255 2184 5300 et
2222 5256 2461 5300 nostram
2493 5243 2593 5312 ipsi
2623 5251 2817 5312 sponte
2846 5250 3031 5296 nostra
3063 5249 3315 5294 evertere
3338 5237 3573 5291 velimus

1990 5344 2149 5397 Iidem
2174 5341 2197 5394 ?
2225 5338 2330 5396 Sed
2352 5338 2496 5393 absit
2517 5338 2621 5394 hoc
2646 5354 2676 5391 a
2703 5335 2906 5392 Christi
2934 5335 3183 5390 Ecclesia
3216 5334 3571 5403 alumnisque

1986 5429 2126 5505 ejus.
2160 5432 2419 5488 Videmus
2463 5429 2611 5485 enim
2657 5444 2803 5484 nunc
2838 5427 3167 5485 universalia
3206 5441 3401 5483 cuncta
3436 5442 3571 5483 con-

1988 5525 2135 5591 cilia,
2172 5524 2470 5593 Patresque
2496 5522 2549 5575 in
2590 5522 2671 5577 eis
2693 5532 3075 5593 congregatos,
3116 5521 3184 5575 de
3217 5518 3571 5591 dogmatibus

1991 5616 2285 5690 propositis
2325 5630 2432 5671 non
2476 5614 2727 5670 humana:
2775 5598 3058 5685 sapientia:
3091 5611 3570 5685 persuasionibus.
