3990 6212
374 371 378 380 ι
401 340 508 401 553

1359 346 1644 407 ORATIO
1687 345 2126 410 DOGMATICA
2166 349 2314 411 PRO
2352 350 2668 412 UNIONE‘.

3542 347 3649 410 554

403 448 582 516 μένων
605 446 896 518 δογμάτων
933 450 1031 503 οὐκ
1062 449 1410 523 ἀνθρωπίνης
1447 458 1639 523 σοερίας
1683 457 1879 518 πειθοῖ,
1910 456 1971 508 οὐ
1998 457 2051 517 Δ
2077 460 2242 529 ναμίς
2275 477 2334 512 τε
2385 460 2480 513 καὶ
2530 458 2823 529 ἑλλαμψις.
2869 454 3152 511 Ἐντεῦθεν
3216 453 3486 525 φαίνεται,
3539 457 3650 511 τῶν

399 539 767 609 τεχνολογίαις
801 541 1089 610 ῥημάτων,
1125 543 1187 595 οὐ
1226 548 1478 609 φυσικοῖς
1513 546 1713 612 λόγοις,
1741 548 1801 599 οὐ
1845 546 1972 599 συλ-

396 630 677 699 λογισμοῖς
727 634 1129 701 χρησαμένους,
1183 635 1318 688 ἀλλὰ
1376 636 1524 705 μόνῳ
1575 639 1972 708 στοιχήσαντας

397 742 425 772 κ
435 723 669 792 ριτηρεῳ
693 724 821 786 τοὺς
855 725 1106 794 Πατέρας
1134 727 1260 790 τοὺς
1293 728 1354 780 ἑν
1387 729 1578 793 αὐταῖς
1605 733 1845 800 γυμναῖς
1864 731 1973 787 τῶν

397 817 503 880 πρὸ
550 814 731 868 αὐτῶν
780 816 1044 887 Πατέρων
1079 819 1174 872 καὶ
1228 819 1570 875 διδασκάλων
1598 821 1972 888 διδασκαλίαις

396 907 488 958 καὶ
517 906 714 975 λόγοις,
753 908 846 961 καὶ
875 908 963 961 διὰ
1001 910 1211 964 τούτων
1243 913 1712 982 συμπεράναντας
1736 915 1807 968 τά
1841 915 1972 984 περὶ

393 996 503 1049 τῶν
533 996 792 1051 ἑκάστοτε
825 997 1180 1072 ζητουμένων
1206 1004 1519 1072 δογμάτων,
1545 1007 1636 1058 καὶ
1669 1007 1792 1075 κατ’
1827 1007 1981 1075 ἴχνος

393 1088 871 1158 ἀκολουθήσαντας
901 1069 1019 1154 ταῖς
1055 1095 1163 1146 τῶν
1198 1069 1371 1162 ἁγίων
1405 1099 1630 1164 φωναῖς.
1668 1069 1824 1152 ’ἧστ’
1848 1069 1972 1152 ὀὐκ

393 1175 493 1233 οἷδ’
520 1182 549 1234 δ
581 1198 636 1234 τι
666 1184 915 1252 περὶτῆς
948 1186 1178 1239 καθόλου
1212 1187 1449 1251 πίστεως
1476 1189 1632 1258 ἡμῶν
1654 1189 1808 1242 ἔσται
1837 1207 1972 1259 φροο

393 1275 525 1336 νεῖν,
583 1274 636 1325 εί
657 1289 740 1336 τις
776 1275 838 1326 τὸ
871 1276 1130 1346 ἀτόπημα
1195 1277 1356 1330 τοῦτο
1403 1278 1854 1360 παρακολουθοῦν
1885 1281 1972 1333 δέ·

395 1362 548 1424 ξαιτο
571 1366 683 1428 τοῖς
724 1365 1027 1436 Πατράσιν.
1057 1365 1118 1419 Ei
1157 1367 1266 1434 γὰρ
1300 1370 1350 1420 οἰ
1375 1370 1471 1438 τῆς
1499 1373 1737 1433 πίστεως
1762 1372 1969 1442 ἡγεμόο

392 1472 481 1518 νες
538 1457 600 1508 οὐ
655 1457 832 1510 ταυτά
867 1457 1088 1522 πάντες,
1129 1460 1246 1511 ἀλλ’
1277 1463 1327 1514 οί
1387 1462 1487 1531 μὲν
1516 1463 1790 1534 ἀλλήλοις,
1825 1466 1874 1516 οἰ
1912 1465 1968 1516 δὲ

393 1548 490 1598 καὶ
512 1549 745 1613 ἑαυτοῖς,
787 1549 890 1618 φεῦ
918 1551 1018 1620 τῆς
1049 1551 1316 1616 ἀτοπίαςί
1354 1557 1571 1608 ἐναντία
1613 1556 1800 1625 φασὶν,
1845 1559 1877 1626 ἡ
1913 1557 1970 1611 δὲ

395 1637 580 1701 πίστις
613 1639 647 1707 ἡ
686 1639 933 1710 ἡμετέρα
971 1643 1082 1704 τοῖς
1109 1641 1336 1695 ἐκείνων
1374 1643 1589 1714 ἵδρυται
1621 1645 1835 1711 λόγοις·
1874 1663 1968 1698 κε·

393 1731 484 1781 νὺν
513 1729 620 1798 ἀρα
676 1730 737 1783 τὸ
787 1732 1054 1802 κήρυγμα
1100 1733 1282 1803 ἡμῶν,
1330 1735 1548 1806 κενὴδὲ
1582 1737 1676 1789 καὶ
1709 1739 1742 1806 ἡ
1786 1738 1967 1798 πίστις

393 1823 574 1893 ἡμῶν.
617 1824 780 1877 Ἀλλὰ
804 1825 1004 1894 πολλῆς
1028 1827 1198 1891 ὅντως
1225 1828 1412 1892 ἀνοίας
1446 1831 1704 1900 ἐννοῆσαι
1740 1831 1875 1900 γοῦν
1901 1833 1971 1884 τὰ

390 1915 618 1969 τοιαῦτα
639 1916 768 1987 περὶ
784 1917 891 1970 τῶν
923 1917 1204 1990 θεοφόρων
1227 1921 1451 1974 ἐκείνων
1473 1923 1691 1993 ἁρδρῶν
1720 1940 1732 1954 ⁸
1758 1924 1970 1995 ἀνάγκη

390 2009 501 2076 γὰρ
533 2009 730 2069 αὐτοὺς
762 2007 852 2060 διά
905 2024 962 2062 τε
994 2010 1062 2064 τὰ
1087 2011 1378 2080 εἰρημένα,
1413 2014 1506 2066 καὶ
1544 2014 1750 2067 τούτων
1808 2014 1971 2084 ἕτερα

392 2101 638 2163 πλείονα,
671 2099 707 2153 ἃ
741 2101 840 2154 οὐκ
873 2101 1090 2171 ἀνάγκη
1122 2105 1242 2155 νυνὶ
1272 2105 1617 2173 καταλέγειν,
1655 2111 1972 2177 συμφωνεῖν

389 2192 646 2262 ἀλλήλοις
709 2193 799 2244 καὶ
835 2193 1073 2258 ἑαυτοῖς,
1111 2196 1206 2247 καὶ
1246 2197 1390 2251 κατὰ
1426 2198 1595 2266 μηδὲν
1642 2200 1862 2254 ἐναντία
1895 2202 1971 2273 μὴ

386 2285 576 2351 λέγειν
641 2283 776 2353 μηδὲ
815 2287 1056 2353 φρονεῖν.
1087 2286 1226 2354 Φησὶ
1273 2287 1330 2340 δὲ
1388 2291 1518 2358 περί
1572 2291 1778 2346 τούτων
1817 2297 1913 2347 καί
1941 2297 1970 2348 ὸ

390 2375 659 2445 μακάριος
693 2376 942 2456 Ἰωάννης
994 2377 1021 2428 ό
1057 2381 1418 2448 Δαμασκηνὸς
1465 2383 1522 2435 ἐν
1553 2387 1618 2454 τῇ
1662 2386 1799 2456 πρὸς
1839 2387 1971 2457 Ἰορο

385 2472 555 2541 δὰνην
587 2471 844 2543 ἐπιστολῇ
870 2488 884 2503 ο
922 2473 1060 2526 Ἀλλ’
1088 2475 1186 2541 ἄγε
1218 2474 1282 2544 δὴ
1306 2476 1400 2528 καί
1424 2475 1489 2540 ἃς
1521 2478 1850 2550 προφέρουσι
1875 2481 1972 2550 ρή·

390 2580 510 2623 σεις
533 2563 976 2631 ἐπισκεψώμεθα,
1004 2565 1096 2617 καὶ
1123 2564 1220 2634 τὴν
1240 2566 1447 2636 ἀκρισῆ
1475 2567 1680 2621 τούτων
1722 2567 1969 2633 ἐξέτασιν

387 2653 773 2724 ποιησώμεθα,
801 2656 1066 2725 πατρικαὶ
1098 2655 1208 2727 γάρ
1241 2652 1429 2724 αὗται,
1466 2658 1560 2711 καὶ
1589 2659 1840 2729 οὐδαμῶς
1877 2651 1977 2714 ἀνέ

387 2742 685 2812 τεροῦμεν.
731 2744 893 2797 Ἀλλά
927 2746 1032 2815 χρὴ
1069 2745 1395 2815 συμφώνους
1450 2749 1543 2802 καὶ
1595 2749 1672 2820 μὴ
1715 2749 1968 2822 ἀλλήλοις

385 2834 690 2899 ἐναντίους,
719 2835 874 2888 οὐδὲν
907 2835 964 2888 δὲ
1003 2834 1225 2888 ἔλαττον
1273 2838 1491 2901 ἑαυτοῖς
1523 2838 1842 2907 ἀντιλόγους
1875 2841 1969 2893 καὶ

387 2924 736 2994 μαχομένους
787 2925 1164 2979 ἀποδεικνύειν
1191 2928 1318 2989 τοὺς
1355 2928 1548 2996 ἁγίους
1590 2929 1842 2998 Πατέρας
1875 2928 1968 2983 καὶ

380 3016 786 3080 διδασκάλουςο
827 3011 901 3071 ὧν
928 3019 986 3070 τὸ
1021 3017 1148 3089 περί
1205 3020 1442 3082 πίστεως
1475 3020 1730 3094 φρόνημα
1765 3022 1968 3077 ἐνιαῖον

2076 551 2371 620 αἱρετικῶν
2419 551 2838 622 συγκρουόντων
2870 550 2997 613 τοὺς
3029 548 3221 616 ἁγίους
3252 547 3526 618 ἀλλήλοις,
3554 550 3651 602 καί

2074 655 2225 702 τινας
2281 639 2556 693 ἑλκόντων
2623 639 2760 710 πρὸς
2817 639 2876 691 τὸ
2931 638 3138 692 ἑαυτῶν
3194 636 3495 707 βούλημα,’
3526 637 3690 690 οὔτε

2075 730 2489 802 ἀπαρνούμενος
2516 733 2544 784 ό
2587 733 2858 802 μακάριος
2902 732 3158 802 Ἰωάννης
3197 731 3327 791 τοὺς
3355 729 3650 794 δοκοῦντας

2075 823 2259 886 αὐτοῖς
2317 826 2666 894 συνηγορεῖν,
2730 822 2854 877 οὗτε
2904 824 3215 894 δεχόμενος,
3273 824 3348 887 ὡς
3410 825 3666 898 ἐκεῖνοι

2075 913 2211 966 ἀλλά
2243 913 2604 983 προσιέμενος
2628 916 2726 983 μὲν
2751 914 2972 979 αὐτοὺς,
3003 916 3344 985 πειρώμενος
3367 914 3412 967 δ’
3453 913 3655 977 αὐτοὺς

2076 1004 2170 1056 καὶ
2221 1003 2436 1067 ἑαυτοῖς
2491 1006 2584 1058 καὶ
2641 1005 2894 1077 ἀλλήλοις
2966 1006 3367 1074 συμϐαίνοντας
3435 1005 3648 1070 δεῖξαι·

2073 1094 2233 1149 τοῦτο
2265 1096 2374 1168 γὰρ
2422 1097 2583 1167 ἔργον
2629 1098 2745 1151 ἐστί
2788 1099 3140 1165 διδασκάλου,
3172 1099 3333 1154 τοῦτο
3383 1099 3650 1168 Χριστια-

2074 1204 2166 1240 νου
2177 1224 2188 1238 .

2158 1279 2228 1332 Ἦ-
2244 1279 2300 1333 δὲ
2341 1280 2545 1353 ἑϐδόμη
2579 1282 2687 1336 τῶν
2735 1283 3133 1354 οἰκουμενικῶν
3179 1284 3414 1338 συνόδων
3447 1286 3538 1339 διὰ
3557 1288 3651 1339 τοῦ

2076 1371 2230 1438 ἁγίου
2268 1374 2402 1441 φησί
2453 1374 2731 1444 Ταρασίου
2765 1377 2824 1429 ἐν
2857 1379 2922 1448 τῇ
2963 1375 3160 1449 πρώτῃ
3192 1376 3366 1444 αὐτῆς
3403 1376 3606 1447 πράξει
3633 1393 3648 1407 ·

2077 1463 2213 1516 Κατ’
2244 1464 2396 1517 οὐδὲν
2426 1467 2551 1528 τοὺς
2576 1467 2826 1538 Πατέρας
2858 1468 3188 1538 εὑρίσκομεν
3215 1467 3647 1537 διαφωνοῦντας,

2075 1554 2189 1607 ἀλλ’
2221 1555 2295 1618 ὡς
2325 1557 2420 1610 τοῦ
2455 1556 2973 1629 αὑτοῦ,πνεύματος
3000 1561 3153 1624 ὄντες
3172 1560 3392 1642 πάντες
3425 1561 3488 1613 τδ
3517 1558 3649 1613 αὑτό

2073 1647 2405 1714 κηρύττουσι
2439 1649 2534 1701 καί⁵
2567 1649 2904 1704 διδάσκουσι.
2937 1651 3045 1703 Καὶ
3073 1653 3106 1722 ἡ
3135 1649 3274 1721 αὑτὴ
3309 1651 3396 1704 διὰ
3429 1649 3522 1704 τοῦ
3553 1651 3650 1702 αδ-

2073 1733 2166 1787 τοῦ
2187 1735 2342 1798 αὖθις
2367 1738 2426 1790 ἐν
2450 1741 2514 1808 τῇ
2536 1737 2676 1809 αὐτῇ
2705 1738 2904 1808 πράξει
2928 1755 2942 1770 ·
2973 1738 3258 1810 Πανταχοῦ
3291 1740 3400 1809 γὰρ
3429 1740 3478 1792 οἰ
3503 1738 3649 1806 ἅγιοι

2004 1795 2047 1855 Β
2077 1795 2336 1894 Πατέρες-
2375 1795 2632 1895 ἀλληλοις
2649 1795 2957 1896 ⁸σύμφωνοι
3017 1795 3194 1892 slew:
3214 1795 3563 1890 ἐναντίωσις.
3589 1827 3646 1879 δὲ

2071 1915 2298 1985 οὐδεμία
2331 1915 2482 1970 ἐστὶν
2531 1917 2592 1970 ἐν
2625 1917 2832 1980 αὐτοῖς,
2876 1917 2996 1970 ἀλλ’
3038 1917 3408 1970 ἐναντιοῦνται
3462 1917 3650 1978 αὐτοῖς

2072 2007 2120 2058 οἰ
2156 2005 2254 2070 τὰς
2287 2007 2606 2075 οἰκονομίας
2639 2007 2733 2062 καὶ
2769 2008 2899 2070 τοὺς
2939 2009 3179 2072 σκοποὺς
3213 2007 3395 2088 αὐτῶν
3422 2007 3499 2078 μὴ
3529 2008 3652 2060 ἑπι-

2074 2098 2355 2166 στάμενοι.
2392 2099 2552 2154 Οῦτω
2583 2101 2677 2153 καὶ
2706 2102 2755 2153 οἰ
2796 2101 2896 2169 τῆς
2932 2101 3170 2171 ἑὸδόμης
3220 2101 3445 2154 συνόδου
3478 2100 3652 2153 Πατέ-

2073 2207 2164 2259 ρες
2201 2190 2376 2243 ταυτά
2423 2193 2553 2261 περὶ
2597 2194 2788 2245 τούτου
2823 2193 3100 2263 φρονοῦσι,
3157 2194 3254 2246 καὶ
3321 2192 3649 2261 συμφώνους

2073 2282 2286 2345 ἑαυτοῖς
2321 2284 2414 2336 καί
2444 2283 2697 2352 ἀλλήλοις
2751 2278 2893 2335 εἶναι
2927 2285 3052 2348 τοὺς
3089 2284 3277 2351 ἁγίους
3307 2283 3647 2347 διδάσκουσι,

2071 2375 2168 2426 καὶ
2203 2373 2388 2427 αἰτίαν
2418 2373 2738 2427 ἀποδιδόασι
2761 2375 2862 2446 τὴν
2896 2376 3069 2446 αὐτὴν
3098 2374 3175 2444 τῷ
3224 2375 3355 2444 ίερῷ
3401 2373 3648 2443 Ἰωάννῃ.

2071 2465 2146 2519 Τδ
2179 2465 2285 2535 γὰρ
2321 2465 2454 2518 αὐτὸ
2511 2465 2757 2536 Πνεῦμα,
2795 2467 2988 2536 φησὶν,
3021 2469 3082 2518 ἑν
3137 2469 3306 2520 πᾶσιν
3347 2463 3642 2533 ἐλάλησενδ

2069 2557 2098 2610 ὃ
2121 2559 2414 2627 διαφωνεῖν
2443 2556 2624 2628 ἑαυτῷ
2655 2559 2765 2611 οὐδ’
2799 2559 3052 2628 ἐννοῆσαι
3085 2557 3216 2626 γοῦν
3261 2557 3504 2627 θεμιτόν.
3534 2557 3646 2610 Καὶ

2074 2651 2287 2723 μακρὸν
2321 2651 2419 2720 μὲν
2450 2651 2516 2704 ἂν
2551 2651 2636 2720 εἰη
2671 2648 3024 2717 καταλέγειν,
3074 2650 3221 2711 ὅπως
3256 2649 3304 2700 oi
3334 2648 3644 2701 διδάσκαλοι

2071 2741 2272 2804 πάντες
2304 2743 2361 2793 ἑν
2389 2743 2537 2813 πάσῃ
2581 2744 2646 2817 τῇ
2679 2741 2798 2813 θείᾳ
2833 2741 3026 2812 Γραφῇ
3061 2739 3222 2793 τοῦτο
3267 2739 3640 2810 προτίθενται,

2070 2833 2171 2896 τὰς
2219 2833 2483 2896 δοκούσας
2536 2834 2837 2907 διαφωνίας
2866 2832 2942 2896 ὡς
2990 2827 3100 2885 οἷον
3129 2848 3187 2884 τε
3246 2831 3640 2902 συμδιὸάξεινο

2069 2927 2145 2990 ὡς
2174 2928 2366 2979 ταυτδν
2397 2925 2455 2978 ὃν
2486 2926 2645 2980 τοῦτό
2679 2943 2738 2979 τε
2793 2925 3088 2996 κρατῆσαι,
3118 2926 3177 2978 τὸ
3209 2926 3440 2995 φάσκοιν
3470 2925 3638 2994 ἑαυτῇ

2073 3019 2322 3073 ἐναντίαν
2351 3014 2512 3085 εἶναι,
2546 3019 2642 3072 καὶ
2675 3018 2858 3070 πᾶσαν
2893 3018 3281 3086 ἀνατραπῆναι
3308 3017 3406 3086 τὴν
3431 3016 3638 3070 πίστιν.

382 3108 487 3160 καὶ
510 3107 937 3178 ἀπαράλλακτον
967 3109 1168 3177 ἔδειξεν
1201 3111 1234 3178 ἡ
1271 3111 1370 3179 μία
1403 3108 1495 3162 τοῦ
1531 3110 1847 3181 Πνεῦματος
1877 3110 1967 3164 δύ·
1993 3151 2040 3212 c
2070 3111 2518 3183 Συμπεραίιεται
2550 3111 2606 3163 δέ
2633 3109 2720 3164 διὰ
2742 3110 2986 3176 πάντων,
3023 3111 3151 3175 τοὺς
3202 3111 3453 3180 Πατέρας
3483 3110 3642 3180 ἡμῶν
3733 3141 3735 3143 ι

381 3303 501 3343 non
549 3287 781 3345 artificio
815 3290 1135 3357 verborum,
1174 3308 1284 3348 non
1345 3293 1652 3353 rationibus
1695 3297 1962 3354 naturali-

383 3380 515 3445 bus,
547 3395 654 3434 non
709 3381 946 3451 denique
986 3384 1316 3454 syllogismis
1352 3402 1478 3442 usos
1518 3386 1705 3454 fuisse,
1740 3389 1835 3444 sed
1871 3406 1969 3444 au-

378 3475 645 3528 ctoritate
668 3473 965 3542 duntaxat;
993 3476 1248 3546 nudaque
1278 3478 1396 3548 ipsa
1430 3479 1595 3534 verba
1619 3482 1964 3550 superiorum

375 3563 697 3627 doctorum,
722 3565 814 3636 qui
855 3581 954 3622 eos
988 3578 1231 3638 tempore
1262 3581 1664 3640 praevenerunt,
1707 3585 1966 3644 tanquam

378 3672 594 3714 rectam
637 3661 902 3728 regulam,
943 3661 1170 3732 gloriam
1206 3663 1457 3718 veritatis
1486 3679 1703 3720 secutos
1751 3666 1918 3722 fuisse
1949 3686 1961 3720 :

376 3759 440 3805 et
491 3739 594 3819 per:
643 3763 706 3803 ea
736 3764 1088 3819 quascunque
1125 3751 1194 3806 de
1226 3751 1331 3805 ﬁde
1381 3754 1715 3822 quaestiones
1775 3754 1964 3808 termi-

379 3855 578 3903 nasse,
601 3848 917 3894 sanctorum
945 3841 1172 3896 Patrum
1199 3843 1426 3913 vestigia
1456 3846 1757 3913 sequendo.
1785 3848 1966 3912 Quare

379 3931 580 3986 nescio
621 3930 750 3999 quid
801 3930 867 3984 de
905 3939 1091 3985 nostra
1117 3931 1220 3986 [ide
1251 3947 1439 4002 sapere
1481 3933 1690 3998 liceret,
1747 3936 1790 3989 si
1843 3937 1966 4004 quis

377 4020 656 4076 concedat
711 4035 872 4089 posse
918 4021 1022 4075 hoc
1060 4021 1452 4078 inconveniens
1481 4025 1738 4079 Patribus
1787 4025 1966 4096 impu-

381 4115 519 4168 tari.
579 4112 636 4167 Si
670 4112 820 4167 enim
859 4112 982 4167 fidei
1031 4122 1233 4168 nostrae
1277 4115 1558 4184 principes
1611 4132 1720 4170 non
1775 4117 1964 4171 eadem

380 4220 608 4267 omnes,
669 4204 764 4258 sed
811 4204 902 4257 alii
936 4205 1153 4273 quidem
1191 4205 1450 4272 invicem,
1491 4206 1582 4260 alii
1640 4221 1768 4261 vero
1798 4208 1965 4285 etiam

377 4299 492 4353 sibi
556 4297 709 4368 ipsis,
747 4312 779 4350 ο
831 4313 940 4351 rem
993 4297 1330 4351 absurdam!
1378 4298 1778 4365 contratlicant,
1833 4302 1966 4357 ﬁdes

381 4400 573 4445 antem
635 4397 820 4444 nostra
880 4391 932 4444 in
1003 4389 1220 4444 illorum
1294 4391 1603 4449 rationibus
1669 4392 1962 4458 fundetur;

2067 3312 2232 3368 quam
2263 3312 2374 3352 non
2417 3297 2604 3352 eadem
2640 3296 2920 3361 dicentes,
2974 3295 3297 3365 aliquosque
3332 3310 3522 3352 eorum
3569 3293 3637 3349 ad

2068 3403 2222 3444 suam
2273 3403 2494 3458 pravam
2524 3387 2837 3458 opinionem
2891 3386 3224 3455 probandam
3273 3373 3640 3451 trahentibus,

2067 3481 2260 3537 beatus
2313 3481 2550 3536 Joannes
2584 3495 2760 3550 neque
2809 3495 2906 3535 eos
2937 3479 3028 3549 qui
3069 3478 3324 3533 videntur
3355 3477 3645 3532 haereticos

2061 3572 2272 3642 juvare,
2305 3581 2486 3642 negat,
2520 3586 2621 3626 nec
2677 3583 2855 3626 tamen
2891 3586 2988 3626 eos
3035 3569 3312 3640 intelligit,
3349 3577 3513 3638 prout
3543 3568 3642 3632 illi,

2067 3662 2162 3717 sed
2215 3673 2460 3733 acceptat
2509 3663 2730 3734 quidem
2775 3679 2890 3728 eos,
2940 3672 3170 3719 conatur
3217 3670 3398 3716 autem
3432 3669 3487 3715 et
3537 3659 3642 3714 sibi

2068 3754 2200 3824 ipsis
2251 3764 2308 3809 et
2339 3754 2570 3810 invicem
2619 3756 3008 3812 convenientes
3039 3754 3292 3823 probare.
3327 3751 3440 3806 Hoc
3495 3751 3639 3806 enim

2069 3847 2329 3911 doctoris,
2361 3847 2464 3904 hoc
2490 3860 2570 3903 est
2604 3847 2908 3903 Christiani
2937 3846 3196 3903 cilicium.

2140 3936 2380 4005 Septima
2413 3937 2541 3991 item
2575 3937 2846 4007 generalis
2900 3937 3162 4006 synodus,
3199 3951 3295 4005 per
3322 3951 3419 3990 eos
3468 3935 3642 3989 sancti

2069 4025 2281 4081 Tarasii
2332 4027 2384 4081 in
2443 4027 2612 4096 prima
2659 4027 2778 4096 cjus
2807 4028 3041 4092 actione,
3103 4027 3158 4081 In
3217 4028 3369 4081 nullo
3423 4037 3645 4081 sanctos

2070 4117 2279 4182 Patres,
2301 4118 2498 4188 inquit,
2521 4119 2830 4174 invenimus
2852 4117 3134 4173 discordes
3157 4134 3171 4184 ,'
3195 4118 3288 4172 sed
3311 4133 3432 4172 cum
3454 4133 3646 4172 omnes

2068 4209 2312 4279 ejusdem
2348 4211 2634 4267 sententiae
2664 4211 2794 4276 sint,
2826 4211 2968 4265 idem
2999 4225 3218 4280 quoque
3252 4209 3550 4279 praedicant
3587 4219 3644 4264 et

2070 4299 2288 4355 docent.
2317 4301 2385 4356 Et
2416 4302 2604 4356 eadem
2638 4316 2826 4355 rursus
2851 4300 2904 4355 in
2927 4285 3116 4356 eadem
3149 4303 3364 4357 actione
3393 4322 3404 4355 :
3431 4302 3643 4373 Ubique

2069 4391 2272 4444 etenim
2293 4391 2483 4446 Patres
2502 4392 2804 4446 concordes
2834 4392 3066 4447 invicem
3100 4406 3249 4456 sunt,
3279 4392 3643 4447 contrarietas

381 4484 574 4538 inanis
602 4491 684 4537 est
711 4497 840 4551 ergo
873 4483 1186 4551 praadicatio
1228 4494 1436 4546 nostra,
1491 4484 1668 4542 inanis
1697 4493 1783 4540 est
1827 4485 1964 4540 ﬁdes
2003 4487 2041 4541 D
2074 4497 2205 4536 vero
2245 4481 2393 4536 nulla
2425 4483 2478 4536 in
2512 4483 2592 4536 eis
2618 4492 2719 4536 est.
2769 4482 2970 4536 Verum
3024 4484 3426 4554 contrariaeos
3459 4484 3642 4540 dicere

381 4584 601 4630 nostra.
628 4575 695 4627 At
729 4589 933 4642 magna:
964 4573 1206 4628 stultitiae
1247 4585 1351 4638 est,
1383 4578 1622 4643 cogitare
1647 4576 1811 4630 etiam
1836 4578 1964 4631 talia

383 4669 455 4722 de
485 4666 594 4720 illis
620 4664 826 4737 Spiritu
859 4664 1034 4735 plenis
1092 4666 1426 4731 hominibus,
1456 4681 1680 4722 necesse
1708 4677 1790 4722 est
1817 4669 1964 4723 enim

383 4769 443 4815 ct
485 4767 707 4828 propter
737 4759 993 4829 praedicta
1025 4767 1082 4813 et
1131 4757 1248 4835 alia'
1282 4757 1462 4828 plura,
1493 4769 1860 4814 consentanea
1908 4769 1966 4816 et

382 4850 498 4908 sibi
553 4850 688 4918 ipsis
716 4859 772 4904 et
819 4851 1074 4912 invicem,
1111 4850 1357 4919 nihilque
1383 4852 1606 4905 omnino
1629 4853 1964 4906 contrarium

385 4957 503 4998 non
534 4942 741 5006 dicere,
771 4957 878 4996 non
924 4957 1140 5010 sapere.
1190 4941 1331 4996 Dicit
1372 4942 1534 4996 etiam
1565 4942 1632 4996 de
1661 4943 1742 4997 eis
1777 4944 1967 4998 beatus

387 5033 630 5089 Joannes
651 5030 820 5104 Syrus
841 5033 908 5087 ad
931 5032 1221 5087 Jordanem
1245 5032 1492 5087 scribens
1528 5051 1539 5085 :
1571 5033 1675 5086 Sed
1703 5035 1807 5097 eia,
1831 5049 1966 5102 quas
1991 5090 1995 5094 ,

390 5122 708 5194 producunt
737 5124 1090 5178 auctoritates
1121 5123 1554 5187 consideremus,
1578 5139 1702 5177 cmn
1725 5135 1964 5193 paternae

392 5221 524 5284 sint,
549 5227 606 5274 et
633 5219 712 5273 eis
740 5219 891 5274 nullo
909 5219 1072 5274 modo
1099 5218 1590 5274 contradicendum
1609 5220 1699 5273 sit.
1737 5220 1805 5274 At
1835 5235 1967 5274 vero

393 5311 716 5376 concordes,
773 5327 952 5381 neque
1005 5312 1314 5366 contrarios
1363 5310 1620 5374 invicem,
1677 5320 1731 5364 et
1794 5312 1966 5365 multo

395 5403 581 5454 minus
607 5401 712 5454 sibi
769 5401 906 5471 ipsis
938 5409 1314 5470 oppugnantes
1338 5439 1355 5464 ,
1386 5399 1542 5454 decet
1575 5400 1808 5468 probare
1837 5415 1994 5453 sanw

395 5503 516 5548 ctos
571 5491 755 5548 Patres
804 5503 860 5547 et
911 5493 1166 5549 doctores
1204 5501 1421 5546 nostros
1451 5508 1465 5544 :
1497 5495 1730 5563 quorum
1763 5491 1832 5546 de
1863 5491 1968 5548 ﬁde

398 5585 729 5640 sententiam
761 5584 979 5640 unicam
1013 5594 1070 5639 et
1114 5584 1520 5642 indiderentcm
1552 5599 1672 5638 esse
1701 5583 1830 5638 fecit
1861 5600 1990 5648 una,

400 5674 634 5744 Spiritus
667 5675 839 5730 sancti
872 5675 1046 5730 virtus
1079 5686 1133 5729 et
1159 5675 1502 5730 illuminatio.
1534 5674 1670 5729 llinc
1721 5684 1969 5743 apparet,

401 5766 564 5842 quod,
585 5769 855 5825 haereticis
881 5769 1342 5823 calumniantibus
1374 5777 1590 5824 sitnctos
1617 5768 1824 5830 Patres,
1855 5780 1970 5821 tan-

2072 4580 2304 4641 putant,
2373 4575 2466 4642 qui
2513 4573 2851 4628 meonomias
2907 4581 2963 4626 et
3039 4573 3395 4629 intentionem
3447 4590 3638 4630 eorum

2068 4664 2344 4734 ignorant.
2375 4663 2530 4727 Vide,
2563 4663 2708 4733 quod
2739 4664 2902 4717 etiam
2951 4664 3167 4734 septimi
3196 4666 3412 4719 concilii
3450 4666 3640 4721 Patres

2073 4757 2262 4811 eadem
2288 4756 2389 4818 hac
2413 4756 2481 4811 de
2512 4773 2570 4810 re
2603 4756 2868 4821 sentiunt,
2890 4764 2946 4820 et
2969 4756 3271 4817 concordes
3297 4759 3401 4814 sibi
3430 4761 3567 4829 ipsis
3589 4773 3645 4816 et

2073 4849 2304 4904 invicem
2357 4865 2478 4904 esse
2529 4847 2746 4915 sanctos
2799 4850 3053 4906 doctores
3091 4850 3361 4914 dicentes,
3393 4855 3643 4908 eamdem

2071 4942 2236 4996 etiam
2285 4941 2549 5006 rationem
2586 4943 2883 5011 assignant,
2915 4959 3079 5011 quam
3137 4943 3330 4997 beatus
3377 4943 3644 4999 Joannes.

2071 5032 2218 5086 Idem
2242 5034 2388 5088 enim
2413 5032 2677 5103 Spit-itus,
2710 5033 2883 5100 aiunt,
2906 5034 2958 5088 iu
2993 5036 3249 5089 omnibus
3278 5037 3498 5090 locutus
3522 5046 3604 5092 est
3629 5055 3642 5090 :

2071 5141 2234 5194 quem
2268 5126 2372 5180 sibi
2406 5126 2505 5194 ipsi
2553 5142 2660 5181 non
2690 5136 3122 5182 consentaneum
3156 5143 3311 5192 esse,
3344 5145 3522 5198 neque
3552 5144 3640 5183 ει)-

2071 5219 2244 5288 gitare
2265 5219 2346 5273 fas
2370 5229 2472 5274 est.
2509 5219 2571 5273 Et
2601 5220 2818 5290 longum
2852 5219 3070 5289 quidem
3102 5229 3247 5276 esset
3289 5236 3644 5282 enumerare,

2072 5309 2532 5380 quemadmodum
2563 5326 2756 5366 omnes
2781 5312 3035 5366 doctores
3063 5311 3113 5366 in
3147 5320 3255 5366 tota
3283 5323 3470 5367 sancta
3499 5313 3647 5366 Scri-

2072 5410 2234 5469 ptura
2257 5403 2360 5456 hoc
2389 5401 2494 5456 sibi
2526 5412 2860 5472 pr0ponunt,
2893 5413 3218 5473 apparentes
3253 5405 3308 5457 in
3336 5420 3398 5458 ea
3426 5411 3647 5456 contra.

2074 5489 2295 5545 rietates
2323 5493 2659 5548 concordare
2686 5510 2700 5558 ;
2729 5493 3059 5548 concludere
3086 5509 3216 5549 vero
3241 5494 3525 5548 manifeste
3547 5508 3645 5562 per

2074 5583 2355 5650 praedicta.
2391 5582 2517 5645 fidei
2541 5596 2740 5640 nostrae
2792 5587 3070 5656 principes
3108 5595 3163 5640 ct
3193 5585 3469 5650 doctores,
3507 5599 3642 5654 quo-

2077 5689 2194 5728 rum
2227 5673 2496 5729 doctrinis
2545 5683 2600 5730 ct
2655 5676 2942 5731 illuminati
2981 5685 3036 5730 et
3071 5675 3250 5731 edocti
3302 5691 3514 5739 sumus,
3549 5688 3646 5729 ne-

2074 5784 2226 5823 cessc
2257 5783 2376 5824 esse
2421 5768 2610 5824 eadem
2643 5781 2697 5825 et
2728 5778 3092 5827 consentanea
3145 5786 3253 5825 non
3309 5769 3483 5824 solum
3535 5764 3640 5822 sibi
