3990 6212
417 190 520 252 55Ἰ

1370 153 1656 252 onmo
1699 193 2132 256 DOGMATICA
2175 197 2326 256 Ριιο
2369 199 2684 259 UNIONE.

3556 199 3659 264 558

409 324 600 379 φασιν.
641 307 790 375 "Exte
817 305 1010 360 τούτου
1044 305 1214 361 πολλὰ
1240 307 1661 378 παραδείγματα.
1688 310 1784 360 ἀπ’
1814 311 1982 382 αὐτῆς
2012 316 2054 371 Α
2086 314 2189 368 Τὸν
2239 314 2371 369 Θεὸν
2429 317 2522 370 καὶ
2553 317 2771 387 Πατέρα
2831 319 3008 372 αἰτίαν
3043 317 3171 372 Υἰοῦ
3207 335 3263 370 τε
3295 318 3384 370 καὶ
3409 319 3659 385 Πνεῦμα-

406 397 513 465 τῆς
533 396 684 460 θείας
715 396 940 464 Γραφῆς
968 413 981 426 ·
1000 399 1060 449 Ὀ
1085 395 1280 463 πατὴρ
1295 413 1437 466 μου,
1459 400 1613 466 φησὶ.
1632 397 1848 465 μείζων
1862 399 1982 468 μού

411 490 588 543 ἐστιν
610 505 622 518 ·
665 488 758 541 καὶ
790 487 953 540 πάὶιν
982 504 997 519 ο
1031 486 1171 556 Ἐγὼ
1209 488 1307 542 καί
1344 491 1378 542 ὁ
1420 488 1623 557 Πατὴρ
1650 491 1722 543 ἐν
1771 491 1978 558 ἐσμεν.

412 581 619 634 Τούτου
651 581 733 643 τίς
769 578 972 650 μείζων
1014 580 1249 633 δοκοῦσα
1283 581 1614 650 ἁντίφασιςς
1662 582 1801 633 ’Λλϊ
1831 584 1983 652 ὅμως

411 672 814 741 ἀντιφάσκουσι
844 670 920 742 τῷ
973 671 1164 742 ἁληθεί
1194 673 1244 724 οἰ
1280 672 1572 740 ἀντίφασιν
1603 673 1760 728 τοῦτο
1801 675 1982 741 λέγον-

413 781 524 826 τες.
545 761 605 815 Ὀ
629 763 898 831 Στέφανος
926 762 1188 832 ὑπάρχων
1217 764 1433 834 πλήρης
1459 765 1775 834 Πνεύματος
1804 767 1981 832 ἁγίου,

412 855 670 917 ἀτενίσας
695 856 778 918 εἰς
813 853 905 907 τὸν
939 854 1172 924 οὐρανὸν
1211 850 1318 908 εἶδε
1363 855 1523 922 δόξαν
1553 856 1714 920 Θεοῦ,
1746 858 1838 908 καί
1880 857 1985 926 Ἰη-

415 946 543 999 σοῦν
569 946 782 1001 ἑστῶτα
811 947 876 998 ἐκ
932 946 1122 1012 δεξιῶν
1177 947 1270 1000 τοῦ
1305 948 1440 1001 Θεοῦ
1469 965 1482 978 ⁶
1525 947 1639 1000 ἀλλ’
1689 952 1716 1001 ὁ
1773 946 1984 1011 Παῦλος

415 1039 514 1091 σὺν
548 1036 623 1105 τῷ
656 1037 828 1090 Δαόἰδ
859 1037 1020 1090 αὑτὸν
1047 1037 1104 1089 ὲν
1131 1037 1284 1108 δεξιᾷ
1311 1056 1445 1107 φησι
1483 1040 1835 1092 κεκαθικὲναι
1886 1040 1984 1109 τῆς

415 1130 812 1199 μεγαλωσύνης
843 1131 901 1182 ἐν
937 1130 1165 1200 ὑψηλοῖς
1187 1146 1201 1163 ο
1230 1133 1292 1184 τὸ
1326 1131 1382 1184 δὲ
1436 1133 1710 1202 καθῆσθαι
1762 1137 1855 1184 καὶ
1907 1134 1983 1204 μὴ

410 1222 705 1289 καθῆσθαι,
734 1220 794 1273 τὸ
823 1221 1075 1275 ἵστασθαι
1095 1222 1201 1292 γὰρ
1241 1222 1300 1276 οὐ
1344 1223 1617 1292 καθῆσθαί
1652 1227 1790 1287 ἐστι,
1834 1241 1988 1292 περι-

411 1311 589 1381 φανής
631 1313 782 1363 ἐστιν
846 1311 1156 1380 ἀντίφασις.
1219 1313 1434 1376 Λουκᾶς
1483 1313 1512 1365 ὁ
1577 1314 1845 1384 μακὰριος
1895 1315 1987 1367 τδν

411 1401 554 1454 θεῖον
597 1401 868 1469 Στέφανον
926 1403 1142 1470 εἰσάγει
1200 1403 1299 1473 τὴν
1334 1405 1497 1468 δόξαν
1545 1403 1638 1456 τοῦ
1696 1404 1833 1457 Θεοῦ
1890 1405 1987 1458 καὶ

413 1493 647 1561 Πατρδς,
687 1494 781 1547 καὶ
828 1495 920 1547 τὸν
952 1497 1223 1563 μονογενῆ
1266 1494 1430 1548 0.6106
1467 1496 1596 1548 Υίὸν
1623 1496 1800 1548 ἰδόντα
1822 1511 1835 1525 ·
1872 1497 1899 1548 ὁ
1929 1497 1987 1548 δὲ

415 1586 630 1655 μύστης
679 1587 784 1638 τῶν
812 1589 1162 1658 ἀπορρήτων,
1205 1589 1353 1641 Θεὸν
1403 1588 1541 1642 οὔτε
1568 1585 1730 1641 εἶδεν
1760 1588 1986 1654 οὐδεὶς,

2085 401 2174 466 τος
2204 405 2421 475 τρανῶς
2443 408 2882 477 ἀνακηρύττουσι
2906 427 2964 462 τε
2998 411 3092 462 καὶ
3117 408 3428 463 διδάσκουσι
3458 407 3657 468 πάντες

2085 497 2134 549 οἰ
2151 498 2210 560 ἐξ
2233 497 2524 580 ’Δνατολῆς
2547 500 2689 567 ἅγιοι
2715 500 2954 568 Ιίατέρες
2976 517 3033 552 τε
3055 500 3146 552 καί⁸
3161 497 3470 564 διδάσκαλοι
3487 511 3499 525 °
3525 495 3659 548 ἀλλὰ

2089 588 2227 656 μετὰ
2256 588 2365 640 τῶν
2404 589 2467 642 ἐκ
2489 593 2588 658 τῆς
2611 591 2848 660 ἑσπέρας
2873 594 2901 644 ὁ
2929 592 3200 660 μακάριος
3232 589 3501 660 Κύμλλος
3542 590 3660 642 οὐδὲ

2088 679 2375 746 προσίεται
2420 681 2578 733 τοῦτο
2629 681 2688 733 τὸ
2718 681 2888 751 ὄνομα
2934 683 3018 746 τὸ,
3051 683 3253 742 αἰτίαν,
3285 681 3342 738 ὲν
3363 683 3474 742 τοῖς
3497 679 3660 738 θείοις

2089 769 2400 838 προσώποις
2427 785 2444 800 °
2480 771 2538 822 τδ
2586 771 2643 822 δὲ
2679 772 2770 823 τὸν
2803 771 2966 824 αὐτὴν
3019 772 3199 824 αἰτίαν
3242 771 3350 832 πᾶς
3371 787 3456 831 τις
3489 770 3555 822 ἂν
3585 765 3662 821 οἶ-

2090 876 2189 928 μαι
2222 861 2593 929 ἀντιφατικῶς
2628 863 3005 931 συγχωρήσειε
3033 861 3312 926 λέγεσθαι.
3347 861 3457 913 Καὶ
3481 860 3564 921 τίς
3595 859 3661 911 ἂν

2086 952 2539 1023 ἐξαριθμήσαιτο,
2569 954 2668 1006 ὅσα
2695 953 3066 1020 ἀντιφατικῶς
3094 953 3347 1023 εἰρῆσθαι
3375 951 3657 1014 δοκοῦντα,

2087 1045 2236 1113 ὅμως
2273 1045 2514 1107 εὐσεϐῶς
2561 1045 2665 1098 ὑπὸ
2693 1031 2800 1097 τῶν
2853 1045 3197 1100 διδασκάλων
3247 1042 3521 1106 νοοῦνται,
3568 1043 3662 1094 καὶ

2089 1137 2222 1206 πρὸς
2253 1137 2348 1190 ἕνα
2403 1139 2498 1191 καὶ
2531 1137 2619 1189 τὸν
2653 1136 2819 1189 αὐτὸν
2864 1136 3312 1189 ἀναπτύσσονται
3357 1134 3518 1198 νοῦν;
3550 1130 3659 1193 06;

2088 1231 2179 1280 καὶ
2209 1229 2355 1297 ἡμᾶς
2399 1230 2790 1298 μιμουμένους,
2829 1230 2922 1280 καὶ
2968 1229 3097 1296 περὶ
3145 1226 3237 1279 τοῦ
3289 1225 3658 1294 προκειμένου

2089 1320 2423 1390 ζητήματος,
2454 1325 2502 1373 εἰ
2556 1322 2870 1374 συνέϐαινεν
2904 1320 3126 1374 ἐναντία
3154 1336 3212 1371 τε
3259 1320 3352 1371 καὶ
3381 1319 3661 1384 ἁντιφατι-

2090 1415 2199 1474 κῶς
2229 1412 2584 1481 ἀντικείμενα
2617 1413 2796 1481 λέγειν
2818 1414 2946 1476 τοὺς
2985 1410 3365 1474 διδασκάλους,
3403 1412 3534 1481 ἡμῖν
3567 1410 3664 1462 αὑ-

2089 1507 2198 1567 τοῖς
2230 1505 2334 1557 ἔδει
2375 1503 2576 1570 μᾶλλον
2627 1504 2974 1573 προσάπτειν
3006 1505 3230 1572 ἀγνοίας
3262 1504 3443 1558 αἰτίαν
3486 1502 3517 1568 ἢ
3548 1501 3659 1554 δια-

2092 1596 2300 1665 φωνίαν
2333 1595 2587 1660 ἐκείνοις,
2630 1596 2726 1648 καὶ
2782 1595 3084 1666 πειρᾶσθαι
3119 1593 3459 1650 διαλλάττειν
3492 1592 3655 1658 ἀλλήο

410 1675 552 1733 οὔτε
585 1676 732 1730 ἰδεῖν
759 1655 1090 1746 δυνήσεται
1122 1679 1385 1745 πώποτε.
1415 1681 1564 1750 παρὰ
1595 1681 1693 1749 τῆς
1719 1681 1988 1750 αὑτοαλη-
2021 1655 2062 1709 Β
2093 1655 2208 1748 tot;
2242 1686 2464 1750 αὐτοὺς,
2501 1655 2593 1740 και
2622 1686 2714 1739 διὰ
2746 1655 2972 1742 πάντων
3014 1687 3088 1750 ὡς
3125 1689 3243 1740 ὲνδν
3277 1655 3660 1758 συμεισάςειᾷι.

410 1757 563 1828 Θείας
595 1767 974 1852 δεδιδαγμένος
1025 1770 1197 1838 φησί’
1231 1771 1288 1823 τὸ
1313 1771 1369 1824 δὲ
1405 1771 1534 1824 ἰδεῖν
1593 1771 1687 1824 καὶ
1719 1773 1796 1842 μὴ
1852 1772 1982 1825 ἰδεῖν

406 1857 500 1908 τὸν
523 1856 656 1910 Θεὸν
708 1859 808 1912 οὐκ
857 1854 959 1913 οἷδ’
987 1861 1041 1914 εί
1063 1879 1168 1914 τινι
1207 1863 1282 1942 μὴ
1311 1861 1603 1930 ἀντίφασις
1654 1861 1877 1926 δόξειεν.
1916 1860 1978 1916 Ὀ

408 1948 508 2016 μὲν
538 1948 646 2001 τῶν
677 1951 1085 2019 εὐαγγελιστῶν
1112 1952 1271 2022 τρίτῃ
1294 1952 1412 2021 ὥρᾳ
1435 1953 1527 2004 τὸν
1563 1951 1764 2022 Κύριον
1784 1953 2004 2016 tamur

407 2039 617 2108 ρῶσθαί
643 2058 829 2113 φησιν,
858 2045 888 2095 δ
918 2045 974 2097 δέ
1009 2061 1070 2113 γε
1113 2045 1246 2115 βοᾷ·
1278 2039 1398 2098 Ἦν
1425 2043 1492 2096 δὲ
1532 2043 1653 2112 ὥρα
1683 2044 1847 2110 ἕκτη,
1878 2045 1976 2097 καὶ

403 2131 802 2200 ἐσταύρωσαν
821 2137 1028 2190 αὐτόν.
1077 2135 1138 2189 Ἦ
1167 2136 1222 2189 δὲ
1253 2137 1385 2207 ἕκτη
1410 2137 1652 2203 δηλονότι
1678 2135 1838 2205 τρίτη
1879 2137 1978 2187 οὐκ

403 2223 554 2276 ἐστιν
577 2241 591 2256 ·
620 2228 654 2296 η
678 2227 736 2281 δὲ
753 2229 910 2298 τρίτη
945 2246 1001 2282 τε
1035 2229 1126 2285 καὶ
1153 2230 1211 2282 οὐ
1243 2228 1402 2299 τρίτη
1435 2228 1646 2290 πάντως
1675 2227 1979 2296 ἀντίφασις.

2092 1777 2206 1830 Νῦν
2239 1777 2296 1829 δὲ
2325 1775 2547 1845 λέγουσι
2584 1777 2682 1846 μὲν
2719 1776 2874 1830 οὐδὲν
2919 1777 3184 1842 ἐναντίον,
3223 1773 3576 1846 συμφωνοῦσι
3607 1772 3662 1824 δὲ

2086 1867 2286 1941 παντὸς
2317 1867 2519 1935 μᾶλλον
2549 1865 2822 1937 ἀλλήλοις.
2862 1868 2973 1920 Καὶ
3019 1866 3184 1920 τοῦτο
3217 1853 3530 1934 συνήσομεν
3567 1861 3662 1915 καὶ

2087 1960 2255 2030 πείρᾳ.
2303 1959 2634 2029 εὑρήσομεν,
2673 1959 2722 2011 εἰ
2775 1959 2917 2012 κατὰ
2964 1960 3166 2028 τρόπον
3209 1958 3392 2018 αὐτοῖς
3426 1954 3659 2016 καὶτοῖς

2086 2050 2268 2104 αὐτῶν
2297 2049 2617 2130 χρησόμερα
2670 2047 2870 2116 λόγοις.
2908 2048 2970 2101 '0
3017 2048 3074 2100 δὲ
3103 2045 3305 2116 τρόπος
3335 2040 3468 2107 οἷος,
3497 2041 3662 2096 ἀκού·

2091 2159 2243 2209 σατε,
2270 2144 2365 2196 καί⁵
2395 2141 2677 2206 σκοπεῖτε,
2721 2139 2798 2203 ὡς
2825 2138 3036 2209 ἀληθής
3065 2154 3125 2192 τε
3161 2135 3256 2189 καὶ
3287 2135 3516 2194 δίκαιος.

1858 2386 2108 2441 ΚΕΦΑΔ.
2156 2388 2227 2442 Δ’.

480 2497 633 2564 Quod
679 2499 747 2551 ad
774 2500 1182 2569 intelligentiam
1215 2501 1431 2556 illorum
1469 2503 1764 2568 doctorum,
1796 2505 1886 2573 qui
1933 2506 2204 2559 obscurius
2251 2504 2413 2558 locuti
2465 2512 2611 2571 sunt,
2647 2500 2902 2556 utendum
2935 2505 3007 2554 est
3056 2496 3164 2552 illis
3189 2493 3458 2560 Pati-ibus,
3500 2493 3593 2564 qui

1593 2576 1833 2642 apertius
1863 2583 1909 2627 et
1940 2574 2140 2630 clarius
2174 2576 2489 2646 loquuntur.

482 2685 637 2738 Πᾶσα
668 2685 848 2748 πίστις
873 2701 931 2738 τε
967 2687 1056 2738 καὶ
1087 2684 1359 2751 ἀπόδειξις
1383 2686 1496 2757 ἔχει
1538 2685 1640 2755 μέν
1672 2704 1724 2739 τι
1759 2686 1971 2756 ἕτερον,

399 2773 432 2826 ὃ
495 2775 781 2844 πρόκειται
838 2775 1050 2842 δεῖξαι,
1101 2775 1214 2845 ἔχει
1271 2776 1328 2828 δὲ
1379 2793 1431 2829 τι
1503 2775 1729 2847 ἕτερον,
1791 2777 1858 2830 δι’
1917 2775 1977 2830 οὖ

399 2870 467 2918 τὸ
522 2866 1230 2936 προκείμενον-δείκνυσιν·
1273 2868 1332 2920 οὐ
1391 2867 1611 2922 δύναται
1665 2868 1722 2921 δὲ
1781 2869 1981 2924 ταυτὸν

401 2956 544 3012 εἶναι
601 2961 663 3012 τὸ
711 2959 959 3013 δεικνύον
1009 2976 1070 3012 τε
1129 2960 1220 3013 καὶ
1275 2960 1662 3031 δεικνύμενον·
1718 2963 1851 3016 αὐτὸ
1876 2962 1984 3033 γάρ

403 3137 714 3193 tradictio?
743 3137 996 3192 Attamen
1029 3135 1419 3205 contradicunt
1458 3137 1700 3203 veritati,
1749 3139 1840 3208 qui
1879 3140 1982 3194 hoc

403 3229 902 3289 contradictionem
949 3238 1164 3300 putant.
1234 3227 1584 3298 Stephanus,
1631 3244 1752 3284 cum
1836 3237 1982 3285 esset

401 3325 606 3396 plenus
635 3322 844 3388 Spiritu
895 3331 1125 3386 saneto,
1158 3319 1453 3376 intendens
1493 3322 1546 3375 in
1596 3321 1820 3384 caelum,
1847 3321 1982 3375 vidit

411 3417 642 3487 gloriam
669 3415 788 3481 Dei,
811 3423 866 3469 et
888 3414 1076 3471 Iesum
1117 3421 1355 3469 stantem
1395 3428 1425 3468 a
1458 3412 1667 3468 dextris
1694 3412 1812 3477 Dei,
1835 3412 1980 3467 Luca

412 3511 472 3566 in
501 3507 728 3564 Actibus
761 3517 897 3563 teste
922 3509 970 3573 ¹;
1006 3515 1063 3561 at
1099 3507 1302 3561 Paulus
1333 3521 1442 3560 una
1487 3519 1610 3560 cum
1657 3505 1824 3560 David
1851 3521 1978 3560 eum

407 3603 480 3656 ad
510 3601 789 3653 dexteram
813 3596 1115 3667 majestatis
1143 3597 1198 3651 in
1229 3595 1461 3651 excelsis
1491 3597 1680 3651 sedere
1713 3595 1790 3650 ait
1817 3597 1857 3649 '.
1885 3595 1982 3651 Se-

406 3693 545 3747 dere
574 3699 778 3755 autem,
809 3699 865 3743 et
900 3703 1010 3743 non
1041 3687 1237 3743 sedere
1275 3689 1448 3756 (stare
1477 3689 1624 3743 enim
1654 3703 1760 3742 non
1792 3690 1980 3742 sedere

406 3786 538 3848 est),
601 3783 887 3837 manifesta
946 3779 1311 3836 contradictio
1364 3789 1470 3835 est.
1529 3778 1793 3834 Eumdem
1849 3779 1978 3834 item

403 3875 744 3944 Stephanum
779 3877 970 3931 beatus
1016 3876 1317 3931 introducit
1349 3878 1552 3942 Lucas,
1593 3878 1686 3932 Dei
1713 3888 1770 3932 et
1805 3879 1980 3933 Patris

410 3969 614 4022 vidisse
679 3969 906 4036 gloriam
958 3978 1014 4022 et
1062 3971 1183 4038 ejus
1245 3970 1588 4039 unigenitum
1635 3969 1855 4024 Filium.
1913 3969 1980 4023 At

406 4073 633 4116 sanctus
666 4063 904 4117 Joannes
933 4061 1298 4131 Evangelista,
1339 4061 1505 4114 Deum
1539 4077 1690 4114 nemo
1725 4062 1849 4116 vidit
1877 4079 1980 4114 uu-

406 4172 571 4224 quant
589 4156 631 4217 ⁸,
655 4154 724 4207 ab
756 4154 869 4222 ipsa
896 4153 1141 4208 Veritute
1175 4152 1404 4206 edoctus
1452 4161 1748 4208 asseverat.
1781 4153 1978 4207 Videre

407 4258 618 4312 autem,
641 4255 697 4300 et
731 4261 841 4298 non
874 4245 1060 4299 videre
1094 4245 1285 4308 Deum,
1329 4244 1518 4298 nescio
1543 4243 1589 4298 si
1611 4244 1699 4297 cui
1725 4260 1834 4298 non
1856 4259 1979 4299 esse

408 4338 830 4394 contradictoria
854 4336 1162 4390 videantur.
1179 4335 1334 4390 Unus
1349 4334 1804 4404 evangelistarum
1823 4345 1976 4390 sexta

410 4431 543 4484 liora
586 4428 871 4481 Dominum
911 4426 1232 4481 cruciﬁxum
1277 4426 1449 4481 fuisse
1479 4426 1634 4489 ait‘;
1676 4426 1814 4479 alter
1873 4426 1983 4480 cla-

411 4532 558 4576 mat:
589 4520 722 4576 Erat
754 4529 927 4574 autem
955 4520 1085 4574 hora
1116 4521 1291 4586 tertia,
1322 4529 1369 4572 et
1399 4519 1774 4587 cruciﬁxerunt
1796 4535 1912 4573 eum
1936 4521 1977 4574 ⁸.

411 4617 572 4671 Sexta
594 4633 741 4681 vero,
777 4624 926 4685 patet
951 4614 1096 4684 quod
1123 4628 1232 4669 non
1262 4624 1345 4668 est
1383 4613 1542 4668 tertia
1573 4631 1586 4678 ;
1633 4614 1791 4667 tertia
1825 4628 1980 4676 vero.

411 4720 466 4763 et
523 4725 630 4762 non
680 4710 860 4772 tertia,
907 4705 1198 4763 manifesta
1259 4705 1620 4760 contradictio
1651 4713 1755 4758 est.
1809 4704 1978 4757 Deum

413 4801 624 4856 Patrem
649 4815 868 4856 causam
905 4814 1027 4854 esse
1055 4799 1177 4854 Filii
1208 4809 1265 4855 et
1309 4796 1547 4866 Spiritus
1576 4798 1773 4859 sancti,
1799 4797 1978 4867 palam

414 4893 709 4958 pnndicant
741 4900 794 4946 et
834 4891 1036 4948 docent
1089 4904 1280 4944 omnes
1328 4886 1638 4944 Orientales
1678 4888 1866 4953 Patres
1923 4896 1989 4951 et.
2024 4918 2028 4922 π

2088 2707 2139 2740 τι
2184 2689 2453 2743 ἑαυτόλτι
2491 2687 2560 2742 δι’
2610 2683 2806 2742 ἑαυτοῦ
2840 2682 3133 2740 οδιικνύναι
3189 2681 3470 2736 ἀδύνατον.
3516 2677 3654 2733 Ἀλλ’

2091 2779 2280 2850 ἐπειδὴ
2309 2779 2374 2833 ἐκ
2405 2795 2568 2834 τινων
2620 2775 3072 2846 ὁμολογουμένων
3102 2789 3161 2826 τε
3222 2771 3318 2827 καὶ
3341 2769 3659 2827 δοκούντων

2090 2875 2246 2944 κοινῇ
2277 2872 2370 2926 ὲπί
2407 2889 2457 2927 τι
2485 2870 2820 2943 ζητούμενον
2852 2867 3067 2939 ἀνάγκη
3116 2866 3281 2932 ἰέναι,
3309 2864 3397 2918 διὰ
3425 2863 3532 2916 τῶν
3566 2879 3661 2916 σα-

2091 2964 2206 3032 φῶν
2231 2964 2325 3017 ἐπὶ
2364 2965 2432 3018 τὰ
2461 2965 2646 3035 ἀσαφῆ
2680 2962 2774 3016 καὶ
2800 2961 3112 3032 ζητούμενα
3145 2956 3462 3027 προϐαίνειν
3487 2953 3658 3018 εἰκὸς,

2087 3145 2374 3211 doctores;
2400 3154 2456 3199 at
2475 3145 2669 3198 beatus
2686 3141 2947 3214 Cyrillus,
2966 3140 3021 3196 in
3043 3139 3124 3198 eis
3145 3153 3266 3210 qua:
3285 3136 3356 3194 ad
3383 3136 3658 3193 Hermiam

2086 3238 2299 3302 scribit,
2336 3255 2442 3294 una
2483 3252 2610 3292 cum
2653 3233 3103 3292 Occidentalibus
3132 3234 3392 3290 Patribus
3421 3246 3531 3288 non
3565 3232 3661 3286 ad-

2084 3327 2252 3382 mittit
2278 3327 2498 3396 quidem
2523 3325 2626 3380 hoc
2655 3339 2857 3379 nomen
2882 3337 3059 3378 causa:
3078 3322 3133 3376 in
3155 3321 3356 3378 divinis
3383 3323 3656 3391 personis.

2084 3419 2352 3474 Eumdem
2385 3428 2564 3472 autem
2595 3418 2778 3472 dicere
2809 3430 3054 3481 causam,
3087 3425 3143 3470 et
3176 3429 3286 3470 non
3325 3427 3568 3478 causam,
3604 3420 3662 3466 et

2084 3511 2388 3581 presertim
2439 3509 2505 3564 ad
2561 3509 2731 3574 idem,
2761 3509 2947 3564 nullus
2992 3505 3194 3576 estqui
3233 3520 3341 3560 non
3390 3503 3660 3559 concedat

2083 3601 2508 3658 oontradictorie
2565 3601 2773 3656 dictum
2803 3603 2994 3656 fuisse.
3027 3599 3096 3654 Et
3121 3597 3246 3670 quis
3272 3594 3435 3652 facile
3466 3610 3660 3650 recen-

2084 3711 2208 3752 sere
2262 3702 2468 3764 posset,
2515 3704 2650 3765 quot
2701 3705 2831 3750 sunt
2863 3709 3007 3765 quae,
3053 3708 3178 3748 eum
3235 3689 3658 3746 contradictoria

2085 3788 2394 3852 videantur,
2424 3787 2512 3855 pie
2554 3796 2735 3840 tamen
2767 3802 2796 3840 a
2828 3785 3146 3842 doctoribus
3194 3782 3474 3838 intellecta
3504 3789 3654 3844 sunt,

2084 3890 2138 3935 et
2162 3881 2226 3934 ad
2255 3895 2422 3935 unum
2454 3889 2509 3934 et
2540 3879 2794 3934 eumdem
2827 3892 3052 3934 sensum
3084 3877 3154 3932 ab
3181 3876 3264 3932 eis
3293 3876 3609 3932 referuntur
3633 3873 3655 3925 ?

2083 3971 2235 4039 Quod
2269 3985 2324 4025 et
2348 3986 2448 4025 nos
2476 3969 2702 4031 imitari,
2721 3969 2937 4025 etiamsi
2964 3967 3032 4022 de
3055 3966 3332 4037 proposita
3356 3966 3659 4037 quaestione

2083 4063 2375 4120 accidisset
2403 4063 2677 4117 contraria
2729 4059 3271 4128 contradictoriaque
3304 4057 3507 4111 dixisse
3530 4071 3658 4110 san-

2083 4164 2200 4212 ctos
2227 4155 2504 4217 doctores,
2525 4149 2684 4207 nobis
2715 4151 2846 4223 ipsis
2885 4150 3066 4222 potius
3098 4147 3415 4218 ignorantia:
3445 4146 3657 4214 culpam

2085 4247 2357 4315 imputare
2391 4243 2678 4308 debemus,
2699 4256 2859 4313 quam
2894 4243 3016 4297 illos
3048 4240 3272 4295 credere
3305 4237 3657 4292 discordare:

2085 4343 2140 4390 et
2169 4351 2265 4390 eos
2296 4335 2479 4391 conari
2501 4333 2856 4390 reconciliare
2883 4333 3024 4386 inter
3062 4347 3142 4394 se,
3183 4341 3238 4384 et
3273 4328 3450 4398 quoad
3483 4327 3683 4397 possit'

2088 4441 2184 4494 per
2215 4426 2398 4479 omnia
2430 4425 2730 4480 concordes
2769 4427 3080 4480 ostendere.
3116 4424 3274 4478 Nunc
3305 4439 3434 4478 vero
3467 4421 3658 4476 dicunt

2089 4517 2308 4587 quidem
2338 4516 2472 4570 nihil
2501 4503 2836 4571 contrarium
2863 4557 2878 4581 ,
2910 4524 3276 4571 consentanea
3309 4524 3495 4568 autem
3553 4512 3658 4567 sibi

2089 4609 2220 4678 ipsis
2241 4618 2298 4665 et
2325 4608 2558 4667 invicem
2587 4609 2763 4662 aiunt.
2790 4607 2856 4672 Et
2885 4609 2986 4661 lioc
3025 4606 3359 4675 experientia
3394 4606 3660 4675 percipie-

2088 4717 2230 4768 mus,
2253 4703 2298 4757 si
2330 4701 2493 4756 modo
2522 4700 2709 4756 debito
2736 4701 2817 4756 eis
2847 4709 3117 4761 eteorum
3143 4699 3392 4754 doctrina
3415 4711 3657 4753 utamur.

2087 4793 2279 4848 Modus
2302 4802 2483 4848 autem
2509 4793 2684 4863 qualis
2718 4795 2810 4858 sit,
2841 4791 3048 4856 audite,
3076 4801 3131 4850 et
3170 4791 3459 4855 attendite,
3495 4805 3658 4860 quam

2085 4900 2250 4941 verus
2288 4899 2559 4958 quamque
2582 4885 2764 4961 justus
2794 4884 2885 4949 sit.

1890 5039 2115 5106 CAPUT
2145 5042 2233 5100 Ill.

482 5163 672 5221 Omnis
712 5161 853 5218 ﬁdes
901 5172 959 5217 et
999 5159 1256 5232 probatio
1313 5156 1484 5213 habet
1529 5154 1770 5226 quidem,
1811 5154 1985 5220 aliud,

411 5257 558 5330 quod
592 5257 973 5312 demonstrare
996 5252 1294 5324 proponit;
1319 5249 1482 5306 habet
1515 5265 1645 5305 vero
1673 5248 1845 5314 aliud,
1891 5262 1988 5316 per

411 5349 560 5423 quod
591 5349 789 5420 probat
815 5346 961 5418 quod
989 5345 1097 5408 sibi
1120 5344 1408 5414 proponit.
1433 5342 1614 5414 Neque
1640 5350 1818 5412 potest
1840 5341 1984 5396 idem

410 5457 533 5497 esse
556 5440 703 5512 quod
741 5439 936 5509 probat
969 5449 1026 5492 et
1053 5436 1199 5508 quod
1233 5435 1516 5506 probatur.
1555 5435 1732 5506 Ipsum
1761 5434 1981 5506 quidem

414 5533 682 5603 seipsum,
728 5540 823 5586 aut
858 5532 1035 5601 ipsum
1067 5530 1275 5599 aliquid
1301 5545 1397 5598 per
1438 5529 1682 5599 seipsmn
1725 5529 1980 5598 probare,

2090 5157 2425 5226 impossibile
2475 5168 2610 5226 est;
2649 5159 2743 5214 sed
2784 5175 2908 5216 cum
2953 5175 3020 5216 ex
3067 5158 3345 5230 aliquibus
3379 5155 3660 5214 concessis

2089 5259 2144 5302 et
2187 5249 2444 5303 omnibus
2481 5253 2626 5309 notis
2655 5251 2721 5305 ad
2751 5252 2974 5322 aliquod
3018 5253 3310 5322 qumsitum
3356 5249 3661 5322 procedere

2088 5352 2358 5410 oporteat,
2386 5357 2484 5410 per
2512 5359 2575 5397 ea
2618 5359 2741 5412 ηοω
2785 5344 3074 5400 manifesta
3103 5353 3253 5409 sunt,
3290 5346 3357 5398 ad
3385 5343 3658 5412 incognita

2086 5442 2139 5488 et
2167 5433 2394 5505 quaesita
2429 5433 2670 5488 eundum
2696 5445 2780 5490 est
2807 5453 2820 5489 :
2843 5445 2900 5491 et
2925 5452 3023 5508 per
3052 5437 3270 5491 notoria
3312 5434 3656 5507 probandum

2087 5542 2209 5595 qua:
2236 5526 2393 5580 nobis
2425 5526 2694 5596 ignotiora
2732 5537 2881 5582 sunt.
2920 5527 3034 5586 lloc
3063 5545 3192 5585 vero
3221 5530 3292 5584 ita
3321 5543 3403 5584 est
3439 5543 3652 5594 verum,

491 5653 504 5681 ι
540 5653 658 5704 Act.
694 5665 800 5715 xvi,
833 5647 918 5701 55.
999 5648 1017 5678 ³
1054 5645 1216 5701 llebr.
1257 5663 1293 5713 ι,
1338 5645 1438 5709 15;
1479 5645 1617 5700 Psal.
1661 5661 1767 5711 cu,
1808 5646 1854 5699 ι.
1935 5647 1951 5675 ³

2097 5663 2150 5699 ιι.
2188 5663 2222 5708 ι,
2271 5643 2355 5697 18.
2436 5642 2456 5674 ³
2491 5642 2650 5698 Joan.
2686 5659 2797 5711 xix,
2839 5647 2922 5701 ιι.
3000 5648 3019 5678 ⁸
3056 5647 3223 5704 Marc.
3259 5625 3469 5708 “.235.
