3990 6212
362 317 462 384 561

1296 322 1585 385 ORATIO
1629 320 2083 383 DOGMATICA
2131 322 2283 384 PRO
2322 320 2647 386 UNIONE.

3458 323 3627 392 κινεῖ

362 435 673 506 όργανικῶς
706 437 801 492 καὶ
837 435 1001 492 αὑτὸν
1036 438 1448 517 πρίζεινχὰλλὰ
1480 443 1557 513 μὴ
1579 442 1767 513 ἀργῶς
1789 442 1936 496 οὕτω
1964 447 2010 503 Α
2043 445 2138 498 τοῦ
2174 446 2367 517 ἑτέρου
2420 446 2756 516 πρόσταγμα
2797 442 2988 513 ἕτερον
3033 441 3300 511 ἐνεργεῖν.
3335 440 3494 495 Οὕτω
3523 443 3624 512 μὲν

365 530 928 604 παραλαμϐάνεσθαι.
961 534 1070 587 Καὶ
1094 532 1158 587 τδ
1181 533 1273 588 διὰ
1316 535 1484 588 τόπου
1509 535 1588 601 δὲ,
1619 537 1652 606 ἢ
1683 536 1774 590 διὰ
1805 536 1933 609 χρό·

362 639 456 677 νου
508 621 626 676 τόδε
678 639 732 675 τι
787 621 1075 690 γεγονέναι
1128 624 1161 692 ἦ
1192 624 1422 678 διελθεῖν
1478 624 1679 691 λέγειν,
1731 626 1935 695 ὁμοίως

360 713 545 768 αἰτίαν
571 715 696 767 τινὰ
730 713 823 768 τὸν
847 713 1016 767 τόπον
1053 716 1147 769 καὶ
1185 715 1377 784 χρόνον
1406 714 1518 770 τῶν
1553 715 1870 770 διελθόντων
1901 715 1935 785 ἢ

357 804 674 873 γενομένων
712 804 896 875 λέγειν
922 806 1095 859 ἐστίν.
1123 805 1194 860 Ὀ
1226 822 1289 858 τε
1334 807 1444 875 γάρ
1471 807 1639 871 τόπος
1670 798 1935 875 κινήσεώς

358 897 569 950 αἴτιον·
603 899 754 952 πᾶσα
807 898 918 967 γὰρ
951 896 1171 968 κίνησις
1226 900 1322 952 ἐπὶ
1364 898 1630 969 μεγέθους
1678 899 1776 952 καὶ
1821 898 1938 952 δια-

358 988 672 1059 στήματοςο
714 988 809 1041 καὶ
837 990 867 1042 ό
899 989 1097 1059 χρόνος
1137 988 1196 1042 δὲ
1252 989 1511 1043 πλεῖστον
1560 989 1936 1059 συμϐάλλεται

354 1080 423 1149 τῇ
456 1079 676 1148 κινήσει
701 1094 714 1109 ’
745 1080 805 1133 εν
831 1079 1012 1150 χρόνῳ
1044 1080 1154 1151 γάρ
1180 1079 1370 1136 ἅπασα
1400 1080 1640 1148 κίνησις,
1666 1082 1936 1153 κινήσεως

354 1169 400 1222 δ’
425 1154 556 1223 ἄνευ
587 1169 691 1224 οὐκ
725 1171 793 1228 ἄν
822 1187 876 1224 τι
925 1170 1143 1239 γίνοιτο
1166 1188 1183 1203 ο
1214 1174 1384 1243 χωρῖς
1435 1172 1494 1227 δὲ
1527 1166 1590 1228 οὗ
1648 1174 1751 1229 οὐκ
1782 1175 1848 1231 ἄν
1882 1193 1935 1230 τι

356 1260 587 1329 γόοιτο,
617 1259 777 1317 τοῦτο
828 1261 1026 1315 ἑαυτοῦ
1080 1263 1256 1317 αἴτιον
1306 1263 1444 1335 εχει.
1482 1265 1591 1320 Καὶ
1631 1266 1695 1325 τδ
1720 1268 1787 1321 ἐν
1822 1269 1936 1330 τοῖς

355 1353 738 1423 συλλογισμοῖς
769 1353 826 1407 δὲ
858 1354 1065 1421 λέγειν,
1096 1354 1185 1408 διὰ
1204 1355 1302 1409 τοῦ
1332 1357 1499 1427 μέσον
1528 1358 1595 1411 τὰ
1619 1358 1771 1429 ἄκρα
1802 1376 1935 1412 συν·

351 1442 646 1506 ἀπτετθαι,
680 1444 841 1514 δῆλον
898 1445 982 1498 ὅτι
1014 1444 1104 1498 διὰ
1150 1444 1244 1499 τοῦ
1299 1446 1469 1515 μέσου
1509 1446 1586 1509 ὡς
1619 1449 1689 1501 δι’
1729 1448 1929 1511 αίτίου,

353 1535 499 1590 κατὰ
530 1534 629 1604 τὴν
653 1534 752 1603 τῆς
778 1535 1019 1599 διανοίας
1047 1537 1262 1607 κίνησιν
1294 1538 1327 1608 ἢ
1363 1538 1667 1606 μετάϐασιν
1698 1538 1932 1609 συμϐαί-

353 1645 455 1682 νει.
495 1628 555 1680 ⁸0
589 1627 645 1681 ει
693 1626 890 1694 λόγος,
941 1628 1056 1696 εἴγε
1107 1630 1214 1700 χρὴ
1265 1631 1500 1685 καθόλου
1555 1633 1688 1703 περὶ
1734 1632 1929 1687 τούτου

2039 538 2132 591 οὖν
2165 538 2223 597 τό
2251 537 2525 591 πτωτικόν
2578 538 2759 590 ἐκεῖνο
2808 535 3003 605 ὄνομα,
3032 528 3076 603 ᾧ
3103 537 3137 605 η
3164 532 3263 589 διὰ
3292 534 3620 588 συνάπτεται

2040 628 2326 699 πρόθεσις,
2363 628 2496 681 ποτὶ
2533 627 2633 698 μὲν
2684 626 2835 681 αἰτία
2854 626 2994 689 ,εστὶ
3044 625 3138 678 τοῦ
3174 627 3354 679 ποιεῖν
3385 624 3464 696 τῷ
3498 642 3619 680 ποι-

2040 719 2213 786 οῦντι,
2232 719 2406 775 αίτιον
2433 720 2531 789 τῆς
2562 717 2844 787 ἐνεργείας
2876 716 3147 787 ὑπάρχον,
3171 716 3403 772 καθόσον
3433 718 3620 788 πρόει-

2042 829 2127 865 σιν
2154 811 2264 865 duo
2285 810 2381 864 τοῦ
2411 807 2692 872 ποιοῦντος
2720 823 2733 838 '
2766 808 2895 863 ποτε
2918 809 2974 862 δι
2995 808 3170 862 αττιόν
3191 809 3307 861 εστι
3334 806 3437 876 τῆς
3467 807 3619 874 ἐνερ-

2038 896 2218 965 γείας.
2270 896 2506 951 καθόσον
2555 898 2685 967 ὅρον
2729 896 2844 967 ἔχει
2900 896 2963 951 τὸ
3007 896 3386 964 ἀποτέλεσμα,
3423 898 3617 963 ὥσπερ

2038 988 2169 1041 ὅταν
2219 988 2471 1059 λέγωμεν
2510 989 2599 1044 διὰ
2632 991 2729 1060 τῆς
2773 990 2988 1063 σφύρας
3019 990 3267 1059 ἐνεργεῖν
3294 988 3387 1042 τδν
3430 987 3614 1058 τεχνί-

2037 1098 2140 1151 την
2165 1095 2179 1110 ⁸
2209 1080 2333 1135 τότε
2362 1081 2472 1153 γάρ
2499 1082 2560 1136 οὐ
2591 1082 2849 1153 σημαίνει
2883 1082 2983 1149 τὴν
3012 1080 3227 1151 σφύραν
3263 1081 3438 1134 αἴτιον
3471 1074 3615 1132 εἶναι

2036 1172 2131 1226 τοῦ
2173 1174 2422 1243 ενεργεϊν
2450 1174 2531 1246 τῷ
2579 1174 2824 1246 τεχνίτῃ,
2877 1173 2997 1228 ἁλλ’
3032 1173 3117 1243 ὅτι
3162 1173 3334 1227 αῐτιόν
3363 1172 3484 1225 ἐστι
3530 1170 3616 1235 τῷ

2037 1266 2284 1336 τεχνητῷ
2308 1265 2408 1341 τοῦ
2445 1267 2698 1337 προϊέναι
2738 1268 2803 1321 ὲκ
2824 1266 2921 1320 τοῦ
2953 1264 3224 1337 τεχνίτου.
3255 1263 3475 1317 Τούτων
3517 1262 3612 1317 οὔ·

2035 1371 2143 1417 τως
2167 1356 2402 1425 ἑχόντων
2427 1357 2693 1410 σκεπτέον
2718 1357 2746 1411 ὅ
2770 1375 2826 1410 τι
2851 1356 2985 1410 ποτὲ
3008 1355 3258 1426 βούλεται
3282 1356 3392 1416 τοῖς
3409 1353 3612 1421 ἁγίοις.

2036 1445 2099 1497 ὲκ
2128 1446 2343 1516 [ἰατρὸς
2373 1448 2443 1500 δι’
2492 1447 2623 1502 Υἱοῦ
2647 1449 2711 1501 τὸ
2757 1447 2982 1518 Πνεῦμα
3011 1448 3074 1500 τὸ
3103 1448 3263 1515 ἆγιον
3314 1445 3615 1515 ἐκπορεύε-

2036 1537 2183 1600 σθαι,
2236 1538 2453 1606 λέγειν*
2507 1524 2727 1603 πάντὼς
2770 1539 3055 1594 κάνταῦθα
3107 1538 3290 1593 αἰτίαν
3326 1537 3451 1591 τινὰ
3507 1537 3610 1607 τὴν

2032 1628 2131 1683 διὰ
2198 1631 2490 1701 σημαίνειν
2537 1631 2813 1702 ἐροῦμενο
2846 1632 2881 1703 ἢ
2932 1631 3079 1696 τίνος
3134 1632 3298 1702 χάριν
3343 1630 3610 1701 παρείλη-

352 1719 653 1784 δισλαῦείν,
690 1722 748 1781 ἐν
776 1724 914 1776 πᾶσι
952 1722 1155 1791 λόγοις,
1184 1725 1242 1776 ὲν
1286 1719 1368 1786 οἷς
1414 1723 1635 1791 λέγεταί
1662 1742 1748 1787 τις
1775 1725 1929 1793 ὲνερ⁹
1961 1790 1989 1794 _
2036 1735 2214 1789 πταιῖ
2247 1722 2385 1776 ἀλλὰ
2416 1722 2525 1775 τῶν
2557 1722 2660 1793 μὲν
2700 1724 2971 1794 πρότερον
3004 1722 3407 1793 ἑκτεθειμένων
3443 1721 3610 1793 τριῶν

352 1811 473 1873 ἐἐίν
494 1808 564 1861 δι’
594 1810 805 1879 ἑτέρου,
834 1813 865 1881 ἡ
910 1790 1173 1881 πρόθεσις
1196 1811 1361 1884 αὕτη,
1392 1790 1514 1880 διὰ,
1550 1813 1733 1867 αἰτίαν
1762 1813 1795 1883 ἢ
1827 1790 1924 1884 ἁρ-
1959 1790 2001 1845 Β
2029 1813 2289 1883 οὐδεμίαν
2320 1830 2335 1844 ·
2392 1814 2514 1867 οὔτε
2546 1790 2655 1885 γὰρ
2690 1815 2719 1868 ό
2768 1790 2899 1877 Υἱὸς
2932 1814 3009 1885 τῷ
3057 1790 3238 1884 [largi
3281 1816 3453 1877 αἴτιος
3477 1790 3488 1793 ﬁ
3511 1813 3606 1867 τοῦ

345 1900 451 1970 χὴν
483 1901 542 1963 εν
591 1895 626 1977 ἦ
665 1902 885 1969 λέγεται
939 1904 1168 1976 πτιίισει,
1218 1906 1316 1974 τῆς
1366 1908 1650 1977 ἐνεργείας
1708 1907 1941 1978 ἐκείνης-

343 1991 629 2060 σημαίνει.
669 1990 831 2055 Ἐπεὶ
869 1992 930 2047 δὲ
978 1994 1014 2063 ἡ
1066 1994 1317 2064 ἐνέργεια
1371 1996 1512 2064 μέση
1569 1995 1688 2048 ἐστὶ
1740 1993 1833 2048 τοῦ
1864 2011 1923 2048 τε

345 2081 628 2146 ποιοῦντος
684 2084 780 2136 καὶ
813 2083 909 2138 τοῦ
941 2086 1254 2155 γινομένου,
1305 2086 1367 2140 τὸ
1416 2086 1689 2140 πτωτικόν
1720 2087 1921 2151 εκείνο,

338 2166 384 2240 ᾧ
417 2174 472 2242 ἠ,
525 2172 645 2237 διὰ,
682 2173 1014 2229 συνάπτεται
1052 2176 1341 2247 πρόθεσις,
1386 2176 1561 2230 ἐνίοτε
1612 2178 1715 2248 μὲν
1768 2179 1919 2232 αἰτία

340 2268 441 2336 τῆς
467 2266 752 2336 ἐνεργείας
782 2268 924 2334 ἐστὶ,
953 2267 1188 2322 καθόσον
1219 2268 1466 2339 πρόεισιν
1494 2270 1605 2324 ἀπὸ
1652 2269 1741 2324 τοῦ
1766 2272 1919 2339 ἐνερ-

339 2355 568 2423 γοῦντος
589 2374 603 2387 ν
633 2359 728 2414 καὶ
762 2358 882 2412 τότε
910 2359 1062 2415 αίτία
1084 2360 1203 2414 εστὶ
1231 2360 1328 2413 τοῦ
1362 2363 1536 2415 ποιεῖν
1559 2363 1636 2431 τῷ
1650 2361 1917 2427 ποιοῦντι,

338 2449 450 2502 εἴτε
476 2451 677 2504 είδικόν
699 2451 850 2506 ἔστιν
865 2451 1063 2519 αἰτιον,
1087 2453 1197 2506 εἴτε
1218 2453 1453 2518 τελικὸν,
1480 2456 1590 2508 είτε
1612 2455 1916 2526 ποιητικὸν,

342 2541 527 2595 εἶτουν
554 2544 836 2613 κινητικόν
855 2560 869 2575 ο
893 2544 987 2598 επὶ
1008 2543 1203 2613 ὑλικῆς
1233 2546 1343 2616 γὰρ
1367 2547 1544 2609 αἰτίας
1565 2547 1664 2600 οὐκ
1688 2546 1836 2600 ἔστιν
1862 2550 1919 2601 ἐν

342 2636 546 2706 κρήσει
574 2635 1125 2707 παραλαμδάνεσθαι,
1156 2637 1275 2691 ἁλλ’
1316 2624 1447 2694 ἀντὶ.
1467 2638 1676 2709 ταύτης
1737 2642 1770 2709 η
1804 2639 1874 2693 ἐκ
1897 2655 1912 2671 ο

334 2728 399 2779 οὐ
434 2728 540 2796 γὰρ
589 2726 678 2780 διὰ
735 2725 898 2781 λίθων
946 2729 1039 2781 καὶ
1088 2726 1285 2792 ξύλων,
1340 2727 1457 2781 ἀλλ’
1486 2730 1550 2781 ἐκ
1597 2728 1764 2791 τῶνδε
1816 2730 1918 2783 καὶ

333 2818 506 2872 τῶνδε
532 2818 632 2889 τὴν
678 2819 861 2873 οἰκίαν
892 2819 1213 2887 συγκείσθιί
1243 2836 1447 2889 φαμεν.
1478 2818 1650 2875 Ὀταν
1698 2820 1794 2875 οὖν
1825 2822 1915 2876 διὰ

331 2913 438 2983 τὴν
476 2912 572 2965 τοῦ
617 2912 841 2981 κέρδους
890 2913 1187 2984 ἐπιθυμίαν
1238 2913 1332 2967 τὸν
1385 2913 1638 2983 τεχνίτην
1672 2915 1916 2981 ἐνεργεῖν

335 3005 617 3075 λέγωμεν,
675 3003 890 3058 τελικὸν
940 3005 1285 3074 σημαίνομεν
1334 3002 1549 3063 αίτιοψ
1604 3002 1805 3057 εἰδικόν
1857 3004 1913 3058 δὲ

332 3099 589 3169 νοοῦμεν,
642 3098 769 3152 ὅταν
800 3098 889 3152 διὰ
916 3097 1017 3172 τὴν
1063 3096 1258 3190 ἑαυτοῦ
1298 3098 1496 3168 τέχνην
1538 3098 1731 3167 φῶμεν
1759 3099 1912 3166 ὲνερ-
1938 3125 1987 3190 c

328 3196 458 3262 γεῖν
481 3192 574 3261 τόν
607 3191 860 3264 τεχνίτην
883 3207 898 3221 σ
938 3189 1219 3262 κινητικὸν
1249 3189 1329 3258 δι,
1372 3192 1423 3245 εί
1452 3190 1706 3260 λέγομεν,
1736 3190 1826 3246 διὰ
1850 3191 1912 3246 τὸ

320 3374 479 3429 aliud
519 3374 708 3430 dicere
737 3384 844 3439 est,
880 3374 985 3429 nisi
1016 3374 1200 3431 locum
1231 3375 1396 3430 etiam
1431 3382 1774 3446 ct-tempus,
1809 3376 1911 3431 ali-

319 3481 496 3538 quam
531 3481 755 3523 causam
796 3467 1017 3522 illorum
1074 3482 1197 3538 quae
1223 3468 1605 3534 trausiverint,
1651 3469 1739 3524 vel
1768 3469 1908 3525 facta

320 3561 560 3626 fut-rint,
592 3575 734 3616 esse.
768 3560 835 3614 Et
868 3563 1025 3616 locus
1054 3562 1205 3617 enim
1244 3571 1430 3619 motus
1458 3577 1624 3619 causa
1654 3572 1777 3630 est;
1827 3564 1906 3618 si-

321 3652 560 3724 quidem
595 3653 776 3707 omnis
817 3663 1000 3707 motus
1053 3654 1109 3706 in
1154 3654 1535 3723 magnitudine
1566 3662 1625 3709 et
1649 3654 1904 3711 distantia

319 3755 436 3802 est.
469 3745 714 3816 Tempus
761 3759 985 3815 quoque
1027 3744 1264 3800 maxime
1295 3749 1512 3801 confert
1543 3747 1753 3813 motui;
1788 3761 1908 3802 0m-

321 3840 420 3894 nis
449 3838 598 3911 enim
632 3846 814 3892 motus
845 3837 900 3891 in
934 3844 1203 3907 tempore.
1234 3834 1461 3908 Absque
1488 3853 1620 3893 vero
1645 3849 1792 3895 motu
1828 3841 1905 3896 nil

318 3931 561 3985 omnino
589 3928 959 3998 corporalium
989 3936 1049 3983 et
1074 3927 1420 3984 sensibilium
1441 3927 1618 3985 ﬁeret.
1648 3929 1779 3985 Siue
1795 3948 1906 4002 quo

316 4032 514 4079 autem
542 4037 649 4080 non
685 4021 837 4076 ﬁeret
858 4020 1092 4093 aliquid.
1124 4020 1229 4076 hoc
1260 4021 1344 4076 sui
1374 4035 1598 4075 causam
1636 4022 1822 4077 habet.
1844 4023 1903 4078 ln

320 4115 667 4188 syllogismis
699 4128 921 4183 quoque
969 4112 1179 4173 dicere.
1229 4128 1330 4183 per
1375 4112 1621 4167 medium
1657 4123 1903 4170 extrema

317 4209 612 4281 conjungi,
664 4215 830 4277 patet.
870 4204 1016 4276 quod
1078 4220 1179 4274 per
1219 4205 1458 4260 medium
1492 4212 1751 4275 tauquam
1805 4223 1903 4277 per

314 4317 569 4369 causam,
601 4300 906 4357 secundum
960 4307 1168 4352 motum
1201 4307 1298 4352 aut
1341 4297 1650 4379 discursum
1687 4298 1903 4355 intelle-

230 4422 235 4427 -
313 4407 453 4453 ctus
480 4391 891 4463 accidit.Cttjus
927 4389 1070 4445 ratio
1098 4401 1201 4453 est,
1220 4399 1275 4445 ut
1299 4390 1686 4445 universaliter
1715 4391 1782 4445 de
1800 4391 1901 4448 hac

2029 1904 2387 1975 προϐάλλειν,
2422 1905 2451 1959 ὃ
2482 1906 2717 1961 καθόλου
2758 1907 2827 1960 τὰ
2871 1905 3251 1977 προειρημένα
3299 1905 3423 1975 τρία
3457 1905 3608 1958 αἴτια

2026 1997 2273 2061 δύναται,
2307 1998 2424 2050 ἀλλ’
2454 1998 2487 2068 ἢ
2519 1998 2627 2069 ἄρα
2672 1999 2732 2050 τὸ
2761 1998 3036 2054 ἀνάπαλιν
3056 2013 3069 2026 ·
3100 1986 3230 2051 οὔτε
3267 1999 3377 2068 γάρ
3425 1999 3453 2050 ό
3481 1997 3607 2059 Υἱὸς

2024 2093 2177 2147 αίτία
2225 2090 2491 2162 εἰδικῂ,ῆ
2547 2092 2735 2160 τελική
2799 2094 2969 2155 ἐρτιν,
3026 2090 3142 2144 εἴτε
3202 2090 3462 2161 ποιητικὴ
3507 2089 3605 2142 τοῦ

2026 2183 2349 2251 Πνεῦμα-τος
2381 2182 2476 2235 τοῦ
2525 2183 2718 2251 ἁγίου·
2766 2183 2829 2236 τό
2858 2201 2915 2237 τε
2948 2185 3056 2251 γὰρ
3107 2181 3391 2253 ποιητικὸν
3428 2180 3633 2247 αἴτιον¹

2023 2274 2162 2345 πρὸς
2217 2275 2287 2333 τὰ
2333 2274 2616 2343 κτίσματα
2673 2274 3034 2344 ἀναφέρεται,
3088 2274 3187 2327 καὶ
3220 2274 3318 2343 οὐχ
3372 2272 3604 2343 ἁρμόζει

2021 2365 2119 2420 ἐπὶ
2150 2366 2245 2418 τοῦ
2279 2365 2597 2431 [lt/stipato;
2628 2364 2723 2418 τοῦ
2769 2364 2930 2432 ἁγίου
2952 2382 2966 2396 ·
3002 2365 3064 2419 τό
3095 2381 3158 2418 τε
3190 2364 3428 2428 τελικὸν,
3460 2363 3598 2431 αὐτὴ

2021 2461 2172 2512 ἐστιν
2204 2459 2301 2529 ὅλη
2349 2460 2382 2528 ἠ
2416 2460 2668 2528 μακαρία
2707 2458 2884 2527 Τριὰς
2916 2457 3012 2511 καὶ
3045 2457 3079 2526 ἡ
3121 2455 3398 2525 ἁγαθότης
3427 2454 3599 2521 αὐτῆς

2019 2552 2129 2606 τῶν
2164 2534 2507 2620 κτισμάτων,
2537 2549 2636 2620 οὐχ
2664 2548 2723 2601 ἓν
2748 2549 2806 2603 δι
2838 2549 3136 2621 πρόσωπον
3160 2547 3322 2602 ἄλλου
3350 2562 3363 2577 ο
3398 2545 3598 2599 εἰδικόν

2018 2645 2076 2700 δέ
2108 2646 2262 2698 ἐστιν
2291 2641 2430 2713 αὐτὴ
2479 2644 2512 2713 ἡ
2542 2642 2662 2695 θεία
2689 2642 2871 2707 οὐσία,
2916 2642 3038 2695 καθ’
3069 2640 3138 2712 ἢν
3182 2642 3211 2693 ό
3247 2638 3371 2700 Υἱὸς
3415 2640 3510 2692 καὶ
3538 2639 3598 2691 τό

2020 2735 2251 2805 Πνεῦμα
2278 2736 2641 2806 προάγονται,
2675 2736 2798 2806 ητις
2832 2739 2982 2788 ἐστὶν
3021 2735 3055 2803 ἡ
3094 2733 3234 2803 αὕτη
3266 2732 3381 2796 τοῖς
3426 2732 3595 2802 τρισί.

2016 2828 2279 2882 Λείπεται
2310 2828 2375 2899 δὴ
2419 2828 2609 2882 λοιπὸν
2654 2827 2748 2881 καὶ
2796 2828 3062 2898 τέταρτον
3094 2829 3302 2894 τρόπον
3350 2826 3446 2879 επὶ
3499 2823 3596 2877 τοῦ

2018 2920 2391 2991 προκειμένου
2425 2918 2907 2991 παραλαμϐάνειν,
2954 2921 3047 2972 καὶ
3075 2917 3267 2970 τοῦτον
3298 2917 3493 2985 ἐφόσον
3523 2918 3598 2971 εξ-

2017 3012 2136 3077 κός.
2163 3006 2333 3077 Οὗτος
2383 3013 2519 3083 γὰρ,
2555 3011 2789 3066 καθόσον
2825 3014 2926 3083 μὲν
2964 3013 3090 3081 ὅρον
3136 3010 3250 3082 ἔχει
3297 3009 3359 3064 τὸ
3398 3011 3598 3083 ἁποτὲτ

2016 3104 2218 3176 λεσμα,
2247 3105 2424 3160 αἴτιον
2458 3105 2723 3176 ὑπάρχων
2761 3104 2862 3173 τῆς
2896 3105 3197 3173 ἐνεργείας,
3236 3103 3470 3175 ἁρμόζει
3501 3103 3597 3156 ἐπὶ

2012 3197 2110 3259 τοῦ
2141 3196 2259 3253 νυνὶ
2284 3198 2644 3269 ζητουμένου,
2669 3196 2765 3257 καὶ
2799 3196 3037 3265 μάλιστα
3069 3196 3140 3250 δι’
3168 3195 3298 3257 Υἱόῦ
3324 3196 3595 3265 λεγόντων

2010 3378 2275 3436 motivam
2306 3392 2465 3445 vero,
2507 3378 2553 3433 si
2586 3376 2811 3442 dicitur,
2838 3374 2990 3447 quod
3015 3384 3278 3445 operatur
3309 3375 3597 3446 perimpe-

2010 3476 2153 3531 rium
2175 3472 2428 3530 alterius.
2462 3472 2802 3542 Quandoque
2831 3485 2965 3526 vero
2992 3469 3165 3525 dictio
3191 3469 3449 3534 causalis,
3500 3470 3592 3523 cui

2009 3566 2330 3637 adiungitur
2361 3564 2480 3620 haec
2504 3562 2840 3634 praepositio,
2873 3578 2989 3633 per,
3022 3571 3110 3616 est
3146 3573 3312 3615 causa
3336 3558 3593 3624 actionis,

2008 3655 2315 3714 secundum
2345 3654 2494 3724 quod
2525 3652 2857 3709 terminatur
2885 3649 2951 3705 ad
2985 3650 3211 3713 factum,
3251 3654 3311 3700 ut
3339 3660 3465 3700 cum
3509 3644 3595 3698 di-

2007 3748 2187 3806 cimus
2213 3764 2230 3803 :
2257 3747 2467 3802 Artifex
2502 3756 2769 3816 operatur
2800 3760 2898 3816 per
2926 3742 3261 3807 martellum.
3292 3739 3411 3795 Non
3434 3738 3584 3795 enim

2008 3842 2368 3912 signiﬁcatur,
2403 3840 2549 3909 quod
2583 3838 2869 3894 martellus
2891 3838 2963 3893 sit
2986 3851 3151 3891 causa
3183 3833 3380 3910 artiﬁci
3439 3830 3589 3902 quod

2006 3943 2154 4005 agat.
2183 3932 2279 3989 sed
2309 3931 2457 4002 quod
2497 3930 2572 3987 sit
2603 3944 2772 3986 causa
2810 3926 3107 3983 artiﬁciale
3155 3934 3214 3981 ut
3261 3926 3330 3980 ab
3380 3923 3589 3979 artiﬁce

2005 4024 2287 4098 procedat,
2313 4022 2536 4093 etquod
2564 4023 2669 4078 hoc
2691 4019 2868 4092 ipsum
2891 4021 3089 4075 habeat
3116 4020 3186 4076 ab
3204 4036 3257 4085 ιιι
3272 4018 3438 4075 tiﬁce.
3458 4017 3591 4084 Qua:

2005 4134 2131 4176 cum
2164 4118 2241 4173 ita
2273 4130 2334 4172 se
2365 4115 2629 4183 habeant,
2654 4111 3121 4170 considerandum
3150 4111 3280 4182 quid
3313 4110 3589 4165 velitsan-

2004 4221 2124 4267 ctos
2155 4209 2362 4275 dicere,
2390 4224 2457 4265 ex
2508 4209 2672 4265 Patre
2702 4224 2798 4277 per
2828 4207 3031 4269 Filium
3064 4203 3369 4277 procedere
3415 4201 3589 4271 Spiri-

2007 4311 2121 4361 tum
2154 4310 2426 4356 sanctum.
2476 4298 2685 4368 Nempe
2738 4298 2827 4352 hic
2866 4296 3031 4353 etiam
3086 4295 3335 4350 dicemus
3363 4306 3587 4348 causam

2005 4392 2298 4463 quamdam
2354 4388 2667 4460 signiﬁcare
2735 4388 3176 4459 praapositionem
3214 4401 3344 4457 per;
3374 4394 3431 4440 at
3472 4385 3590 4455 pri-

312 4487 716 4562 prepositione
748 4492 1069 4541 tractemus.
1102 4482 1158 4537 ltt
1193 4482 1455 4537 omnibus
1496 4483 1893 4552 locationibus,
1932 4474 1974 4529 Ι)
2005 4500 2219 4541 marum
2252 4482 2477 4554 quidem
2520 4482 2690 4539 trium
2716 4480 2949 4536 nullam.
2973 4479 3088 4535 Nec
3113 4479 3259 4534 enim
3292 4477 3463 4533 Filius
3482 4477 3590 4533 Pa-

313 4586 373 4640 in
409 4581 614 4651 quibus
647 4577 855 4633 dicitur
881 4575 1084 4646 aliquis
1117 4590 1213 4645 per
1242 4575 1481 4645 aliquem
1514 4576 1760 4645 operari,
1786 4578 1902 4633 haec

314 4669 663 4746 praepositio,
690 4684 804 4739 per,
833 4666 1086 4737 designat
1114 4667 1164 4720 in
1186 4666 1391 4721 causali
1417 4665 1656 4736 aliquam
1680 4681 1901 4724 causam

312 4781 418 4823 seu
451 4762 781 4833 principium
814 4761 966 4816 illius
992 4769 1189 4816 actus:
1220 4759 1314 4815 sed
1350 4774 1479 4813 cum
1508 4760 1658 4814 actio
1686 4762 1762 4816 sit
1782 4777 1898 4817 meo

308 4858 409 4912 .iia
443 4858 591 4911 inter
633 4854 842 4910 faciens
874 4862 933 4908 et
967 4853 1200 4914 factum,
1231 4852 1567 4922 quandoque
1598 4853 1730 4908 illttd
1764 4869 1899 4910 catt.

313 4948 458 5012 sale,
490 4947 578 5002 cui
607 4945 929 5018 adjungitur
955 4945 1068 4999 haec
1096 4944 1435 5015 praepositio,
1469 4961 1588 5015 per,
1612 4960 1777 5001 causa
1808 4962 1901 5003 ac-

312 5040 549 5107 tionuis,
585 5039 889 5097 secundum
932 5037 1080 5109 quod
1125 5037 1238 5092 exit
1274 5038 1343 5093 ab
1386 5047 1581 5109 agente
1612 5056 1626 5093 :
1659 5048 1715 5095 et
1766 5048 1897 5095 tunc

309 5141 400 5187 est
426 5145 594 5186 causa
634 5130 819 5201 agenti
850 5131 997 5200 quod
1029 5140 1173 5199 agat,
1215 5130 1332 5184 sive
1360 5130 1435 5184 sit
1471 5144 1643 5185 causa
1687 5133 1895 5196 finalis,

306 5226 430 5279 sive
461 5224 731 5291 turmalis,
763 5224 880 5279 sive
906 5223 1177 5288 eﬁ’ectiva,
1204 5222 1318 5278 sive
1361 5223 1592 5280 motiva.
1629 5224 1686 5279 In
1726 5235 1896 5281 mate-

308 5317 434 5373 riali
464 5332 704 5387 namque
750 5331 917 5373 causa
947 5331 1057 5372 non
1085 5325 1169 5371 est
1199 5316 1256 5372 in
1287 5331 1390 5371 usu
1421 5317 1617 5386 accipi,
1650 5317 1744 5373 scd
1794 5333 1894 5389 pro

305 5426 375 5466 ea
432 5426 544 5474 ex;
577 5427 683 5465 non
716 5413 862 5466 enim
900 5427 998 5482 per
1041 5410 1187 5481 ligna
1220 5420 1274 5465 et
1302 5410 1533 5480 lapides.
1563 5412 1659 5466 sed
1701 5427 1766 5466 ex
1806 5411 1893 5467 his

305 5514 366 5559 et
397 5505 489 5559 his
513 5505 740 5560 domum
767 5521 888 5563 esse
919 5504 1282 5574 compositam
1314 5503 1572 5559 dicimus.
1601 5503 1739 5559 Cum
1785 5506 1889 5576 igi-

309 5601 402 5647 tur
460 5605 690 5665 propter
742 5596 881 5652 lucri
931 5593 1295 5666 cupiditatem
1329 5594 1570 5650 dicimus
1617 5595 1888 5651 artiﬁcem

307 5687 555 5753 operari,
597 5687 816 5744 ﬁnalem
852 5687 1235 5758 signiﬁcamus
1284 5702 1547 5754 causam;
1596 5686 1886 5745 formalem

309 5792 462 5852 vero,
490 5795 615 5838 cum
648 5781 905 5850 dicimus,
933 5781 1079 5853 quod
1103 5787 1366 5854 operatur
1390 5796 1491 5853 per
1509 5789 1681 5837 artem
1704 5796 1884 5851 suam;

2006 4582 2074 4636 tri
2102 4594 2268 4636 causa
2317 4585 2402 4633 est
2427 4586 2486 4631 ut
2527 4591 2595 4635 ex
2636 4591 2704 4631 co
2744 4575 2987 4645 Spiritus
3029 4584 3256 4630 sanctus
3304 4571 3585 4643 procedat,

2002 4674 2152 4747 quod
2192 4670 2581 4729 universaliter
2601 4670 2795 4740 primat
2828 4679 2941 4725 tres
2960 4682 3143 4724 causa:
3176 4674 3447 4738 possunt:
3488 4667 3585 4722 sed

2000 4783 2033 4823 e
2072 4778 2345 4821 converso
2394 4772 2501 4817 est.
2534 4762 2648 4817 Nec
2674 4762 2824 4816 enim
2872 4761 3047 4815 Filius
3097 4775 3261 4815 causa
3313 4759 3584 4824 formalis.

2002 4868 2100 4914 aut
2156 4856 2335 4912 ﬁnalis
2368 4894 2384 4921 ,
2419 4863 2517 4910 aut
2594 4852 2847 4909 eﬁectiva
2906 4861 2993 4908 est
3054 4849 3294 4922 Spiritus
3350 4851 3582 4925 sancti:

2001 4968 2127 5006 cum
2176 4948 2429 5005 eﬂ‘ectiva
2487 4946 2710 5016 quidem
2791 4959 2957 5000 causa
3015 4944 3082 4999 ad
3138 4953 3450 4999 creaturam
3498 4956 3584 4998 re-

2001 5044 2251 5109 feratur,
2301 5056 2406 5095 nec
2459 5037 2750 5094 conveniat
2794 5036 3067 5107 Spiritui;
3103 5037 3220 5107 ipsa
3284 5050 3414 5090 vero
3469 5044 3582 5091 tota

2002 5136 2160 5189 beata
2218 5112 2459 5187 Trinitas
2518 5139 2574 5183 ct
2642 5129 2861 5183 bonitas
2920 5132 3041 5200 ejus
3092 5138 3477 5191 creaturarum
3519 5127 3579 5182 ﬁ-

2000 5226 2142 5281 nalis
2199 5239 2365 5279 causa
2434 5225 2527 5288 sit,
2584 5236 2692 5275 non
2755 5231 2938 5277 autem
2990 5236 3100 5276 una
3153 5237 3387 5292 persona
3436 5222 3579 5276 alte-

1998 5318 2114 5373 rius
2162 5331 2178 5371 :
2223 5313 2473 5370 formalis
2524 5322 2750 5387 autem,
2793 5315 2909 5384 ipsa
2959 5314 3145 5369 divina
3194 5314 3451 5377 essentia,
3493 5328 3583 5369 se-

1996 5409 2239 5467 cundum
2272 5423 2436 5478 quam
2480 5405 2650 5461 Filius
2696 5418 2752 5461 et
2798 5406 3039 5477 Spiritus
3082 5416 3306 5463 sanctus
3379 5422 3573 5479 procer

1994 5504 2134 5558 dunt
2174 5517 2188 5555 :
2219 5515 2344 5570 qua:
2377 5496 2556 5553 tribus
2586 5495 2779 5552 eadem
2812 5506 2921 5553 est.
2956 5497 3250 5567 Reliquum
3276 5498 3442 5570 igitur
3465 5508 3572 5562 est,

1994 5605 2056 5650 ut
2090 5594 2303 5664 reliquo
2331 5600 2388 5646 et
2418 5599 2619 5661 quarto
2649 5591 2813 5646 modo
2841 5591 2896 5645 in
2926 5606 2984 5645 re
3021 5592 3300 5663 proposita
3329 5592 3572 5663 accipia-

1994 5704 2115 5747 mus
2133 5699 2187 5742 et
2216 5687 2386 5759 illuni
2405 5686 2586 5755 quoad
2619 5683 2736 5739 ﬁeri
2756 5693 2956 5755 potest.
2984 5683 3084 5740 llic
3112 5685 3283 5752 enim,
3309 5688 3364 5741 in
3392 5701 3572 5755 quan-

1990 5791 2105 5839 tum
2138 5779 2463 5839 terminatur
2498 5779 2552 5835 in
2578 5777 3000 5848 eﬁcctum,cum
3018 5781 3087 5837 sit
3108 5780 3343 5838 actionis
3374 5796 3568 5853 causa.
3629 5796 3635 5802 '
