3990 6212
454 281 562 348 563

1413 295 1913 362 BESSARIONIS
1953 304 2011 364 S.
2056 304 2131 365 R.
2171 307 2239 367 E.
2287 310 2750 374 CARDINALIS

3587 328 3689 390 56S

450 405 611 473 ἡμῶν
652 403 1048 510 ἐκπορεύεσθαι
1079 409 1136 462 τὸ
1168 413 1388 483 Πνεῦμα
1419 433 1431 446 ο
1483 418 1717 472 καθόσον
1742 421 1796 473 δὲ
1827 423 1901 486 ὡς
1927 423 2020 491 6;.-
2047 424 2092 482 Α
2122 430 2216 480 καὶ
2244 432 2308 499 τῇ
2344 431 2479 502 αὐτῇ
2510 433 2761 505 ἐνεργείᾳ
2793 448 2850 487 τε
2875 436 2967 490 καὶ
2994 435 3220 510 δυνάμει
3251 442 3319 495 τὰ
3354 445 3531 499 πάντα
3563 465 3689 502 συνο

452 509 616 561 γανον
675 499 1194 568 παραλαμϐάνεται,
1246 506 1702 575 ἁπεμφαίνουσαν
1751 513 1865 582 ἔχει
1916 515 2016 582 τὴν

449 590 778 658 ὁμοιότητα*
808 591 868 644 οὐ
899 593 1003 661 γὰρ
1049 593 1122 656 ὡς
1159 595 1229 648 δι’
1255 597 1511 666 ὀργάνου.
1544 602 1574 672 ἢ
1607 604 1794 668 τόπου,
1831 606 1860 675 ἦ
1893 608 2018 676 χρό-

449 695 568 740 νου,
599 681 631 750 ἦ
663 699 805 745 τινος
851 684 960 737 τῶν
987 686 1194 740 ἀτελῶν
1240 691 1432 744 αίτίων
1481 695 1663 762 φαμὲν
1692 695 1753 749 τὸ
1797 698 2018 768 Πνεῦμα

445 771 506 822 τὸ
538 770 694 839 ἅγιον
740 771 829 827 διὰ
883 775 980 828 τοῦ
1022 777 1154 831 Υίοῦ
1210 781 1646 853 ἐκπορεύεσθαιο
1677 786 1854 841 ταῦτα
1906 791 2014 860 γὰρ

447 860 634 930 τιόρρω
663 863 761 931 τῆς
807 865 1015 919 ἐκείνου
1047 871 1347 936 παντελοῦς
1394 876 1755 944 τελειότητος,
1792 880 1886 933 καὶ
1918 883 2013 950 τῆς

443 951 621 1022 ἄκρας
666 954 803 1024 πρὸς
854 957 946 1010 τὸν
975 960 1194 1031 Πατέρα
1249 963 1493 1034 ἰσότητος
1541 968 1572 1038 ἢ
1629 969 1903 1037 ἑνότητος.
1939 973 2013 1025 Οὐ

442 1043 552 1111 γὰρ
600 1044 736 1116 ἄλλῃ
786 1046 1016 1118 δυνάμει
1063 1051 1142 1122 τῷ
1195 1055 1414 1127 ἀριθμῷ
1447 1060 1598 1128 παρὰ
1647 1060 1738 1113 τὸν
1795 1063 2013 1133 Πατέρα

443 1135 741 1202 προϐάλλει
793 1139 857 1190 τὸ
895 1142 1119 1209 Πνεῦμα
1152 1145 1212 1197 τὸ
1255 1148 1412 1215 ἅγιον
1445 1151 1473 1202 6
1513 1150 1658 1216 Υἰὸς,
1722 1153 1789 1206 ἵν’
1821 1153 2013 1224 ὥσπερ

439 1225 665 1294 δευτέρα
691 1228 721 1296 ἢ
753 1230 1024 1304 ὀργανικὴ
1057 1237 1204 1289 αἰτία
1229 1240 1712 1310 παραλαμϐάνοιτο
1735 1261 1749 1275 ο
1777 1246 1913 1301 ἀλλὰ
1936 1249 2013 1317 τῷ

442 1319 540 1411 τῂν
579 1321 750 1387 αὐτὴν
783 1326 875 1377 καὶ
911 1327 1043 1394 μίαν
1075 1329 1132 1382 ἐν
1167 1330 1340 1400 Πατρὶ
1366 1333 1459 1386 καὶ
1501 1333 1614 1403 Υίῷ
1645 1337 2012 1411 προϐλητικὴν

437 1403 582 1462 εῖναι
617 1411 872 1481 δύναμιν,
899 1416 1099 1479 ἐπίσης
1117 1420 1252 1490 παρ’
1275 1413 1553 1490 ἑκατέρων
1575 1403 1794 1492 λέγεται
1825 1403 2013 1498 προϊέ-

439 1518 550 1556 ναι.
599 1503 754 1559 Ἐπεὶ
787 1511 882 1563 καὶ
917 1512 945 1564 6
979 1512 1178 1579 πρίων,
1213 1515 1374 1586 εἴπερ
1407 1517 1696 1588 ἄνθρωπος
1724 1517 1794 1592 ἦν
1820 1519 2010 1591 ὥσπερ

438 1593 533 1647 καὶ
562 1597 591 1648 6
622 1598 852 1664 τέκτων,
911 1606 1003 1656 καὶ
1040 1607 1068 1659 6
1121 1605 1283 1670 αὐτὸς
1319 1611 1628 1680 ἄνθρωπος,
1672 1615 1861 1686 ὥσπερ
1914 1618 2010 1671 ἐπὶ

440 1690 651 1760 Πατρδς
689 1696 785 1747 καὶ
836 1695 966 1750 Υἰοῦ
995 1701 1022 1752 6
1071 1701 1234 1766 αὐτὸς
1265 1704 1416 1768 Θεὸς,
1467 1706 1692 1776 ἔπριζεν
1725 1709 1791 1760 ἂν
1821 1711 2007 1762 κάκεῖ-

436 1797 546 1844 νος.
579 1783 768 1856 ὥσπερ
822 1791 914 1843 καὶ
940 1791 968 1842 ὀ
1008 1796 1252 1848 τέκτων·
1299 1799 1392 1849 καὶ
1422 1799 1482 1851 τὸ
1523 1800 1610 1852 διὰ
1641 1801 1734 1853 τοῦ
1787 1803 2006 1871 πρίονος

438 1875 730 1944 λεγόμενον
775 1881 1034 1948 οὐδεμίαν
1073 1887 1139 1940 ἂν
1175 1890 1264 1941 τοῦ
1311 1891 1530 1960 πρίονος
1563 1896 1857 1963 κατηγόρει
1889 1896 2010 1948 ἀτέ-

437 1964 608 2022 λειαν.
666 1970 994 2041 Θαυμαστὸν
1029 1977 1084 2030 δὲ
1138 1979 1312 2044 οὐδὲν,
1357 1983 1404 2034 εἰ
1450 1983 1730 2038 ἀσθενέσιν
1775 1987 2008 2040 ἐπὶτῶν

436 2052 601 2110 θείων
653 2066 858 2129 φωναῖς
887 2083 944 2117 τε
985 2070 1077 2120 καὶ
1130 2072 1336 2139 ῥήμασι
1372 2077 1657 2144 χρώμεθα,
1710 2078 1784 2148 μὴ
1831 2079 2008 2142 ἄλλως

435 2148 748 2243 δυνάμενοι.
779 2157 859 2208 Τὰ
895 2159 1004 2228 γὰρ
1033 2161 1154 2214 θεῖα
1183 2164 1270 2216 διὰ
1307 2168 1415 2218 τῶν
1443 2168 1715 2222 εἰωθότων
1743 2172 1842 2239 μὲν
1871 2175 2006 2243 ἡμῖν

435 2240 717 2334 ὀνομάτων
748 2249 1029 2316 ἐκφαίνειν
1079 2257 1402 2326 πειρώμεθα
1427 2275 1440 2290 '
1483 2260 1659 2323 ἄλλως
1688 2263 1796 2332 γᾶρ
1843 2240 2009 2334 φθέγ-

441 2333 633 2395 γεσθαί
663 2353 715 2387 τι
745 2339 876 2404 γοῦν
907 2343 1030 2409 περὶ
1067 2346 1290 2398 ἐκείνων
1336 2349 1622 2420 ἀμήχανον
1643 2369 1657 2384 ⁸
1692 2355 1749 2406 τδ
1794 2355 1851 2407 δὲ
1877 2333 2006 2425 περὶ

436 2425 538 2494 τὴν
567 2428 878 2500 ἐκφὼνησιν
909 2435 1018 2488 τῶν
1047 2437 1327 2508 ὀνομάτων
1361 2445 1660 2512 συμϐαῖνον
1711 2449 2006 2518 ἐπιχειρεῖν

435 2520 530 2572 καὶ
554 2522 663 2584 τοῖς
693 2523 785 2577 ὑπ’
815 2527 993 2581 αὐτῶν
1022 2535 1445 2602 σημαινομένοις
1481 2540 1800 2608 πράγμασιν
1831 2541 2005 2610 ἐφαρο

436 2615 622 2680 μόζειν
656 2618 730 2688 μὴ
774 2621 833 2672 οὐ
871 2621 1093 2692 θεμιτὸν
1187 2641 1202 2656 ο
1237 2627 1409 2680 πολλὰ
1459 2631 1564 2698 γὰρ
1603 2633 1669 2684 ἂν
1720 2633 1865 2687 οὕτω
1896 2637 2005 2688 τῶν

432 2708 886 2780 ὁμολογουμένων
917 2719 1012 2768 καὶ
1041 2719 1355 2785 ἀναγκαίων
1390 2721 1749 2794 ἀνατραπείη.
1793 2728 1904 2780 Καὶ
1936 2728 2004 2782 τὰ

432 2800 612 2854 πάντα
662 2803 774 2871 γὰρ
814 2809 876 2858 ἐκ
911 2808 1122 2878 Πατρὶς
1157 2811 1225 2864 δι’
1267 2811 1396 2865 Υίοῦ
1445 2815 1675 2884 λέγομεν
1726 2819 2001 2885 γενέσθαι.

443 2891 582 2950 Ἀλλ’
612 2895 672 2945 οὐ
700 2894 872 2964 δήπου
897 2899 1190 2970 τολμήσειέ
1220 2921 1304 2966 τις
1329 2905 1627 2974 ὀργανικὴν
1658 2909 1860 2976 αἰτίαν,
1887 2911 2002 2963 ἀλλ’

428 2983 552 3052 οὐχὶ
582 2983 682 3059 τὴν
715 2988 887 3060 αὐτὴν
933 2990 1008 3060 τῷ
1043 2992 1218 3067 Πατρὶ
1267 2997 1356 3052 τὸν
1391 2997 1517 3056 Υἰὸν
1553 2998 1758 3067 λέγειν,
1794 3000 1870 3064 ὡς
1905 3003 2005 3072 μιᾷ

430 3171 690 3226 convenit
713 3172 840 3228 huic
873 3177 1188 3246 quzestioni,
1217 3195 1340 3234 cum
1365 3181 1599 3236 dicimus
1633 3199 1697 3237 ex
1726 3184 1882 3238 Patre
1903 3200 2002 3256 per

429 3258 627 3315 Filium
663 3265 964 3333 procedere
997 3268 1262 3338 Spiritum
1292 3289 1305 3325 :
1341 3271 1395 3325 in
1422 3283 1687 3342 quantum
1722 3292 1850 3330 vero
1881 3286 2000 3331 tan-

426 3365 590 3419 quam
631 3352 1059 3412 instrumentum
1119 3361 1476 3431 intelligatur,
1526 3366 1682 3418 valde
1726 3366 1994 3422 dissimile

426 3441 593 3495 habet
611 3442 981 3514 significatum
1030 3449 1147 3504 Non
1181 3453 1326 3505 enim
1357 3463 1415 3506 ut
1443 3467 1542 3522 per
1569 3454 1994 3513 instrumentum

422 3536 506 3588 vel
540 3551 639 3606 per
667 3539 869 3602 locum,
897 3540 980 3595 vel
1007 3557 1102 3610 per
1125 3550 1360 3612 tempus.
1393 3555 1488 3598 aut
1517 3547 1756 3616 aliquam
1775 3563 1995 3604 causam

425 3625 800 3695 imperfectam
834 3629 1071 3686 dicimus
1100 3631 1364 3702 Spiritum
1393 3645 1644 3690 sanctum
1671 3653 1767 3708 per
1797 3637 1993 3694 Filium

422 3720 721 3790 procedere
754 3740 766 3775 :
803 3722 963 3794 longe
1005 3727 1214 3779 etenim
1248 3727 1364 3780 haec
1395 3727 1465 3781 ab
1498 3728 1588 3782 illa
1619 3730 1741 3798 ejus
1779 3745 1989 3786 summa

421 3815 787 3882 perfectione,
845 3825 900 3872 et
946 3833 1161 3872 summa
1209 3820 1273 3873 ad
1338 3821 1552 3876 Patrem
1596 3825 1906 3894 aequalitate
1941 3836 1997 3884 et

424 3907 632 3960 unitate
661 3909 880 3965 absunt.
912 3909 1023 3966 Nec
1047 3913 1193 3967 enim
1221 3912 1324 3967 alia
1349 3918 1591 3984 polentia
1624 3931 1856 3971 numero
1870 3932 1997 3987 pro-

423 3998 578 4051 ducit
613 4000 901 4068 Spiritum,
935 4019 1096 4072 quam
1129 4005 1310 4068 Pater,
1352 4015 1407 4061 et
1441 4006 1631 4070 Filius,
1661 4018 1991 4077 uttanquam

419 4089 662 4142 secunda
704 4091 786 4144 vel
833 4092 1272 4150 instrumentalis
1312 4111 1476 4150 causa
1517 4098 1864 4166 accipiatur:
1898 4099 1993 4153 sed

419 4198 543 4236 cum
567 4185 756 4237 cadent
781 4196 836 4238 et
870 4201 975 4238 una
1010 4187 1065 4240 in
1097 4187 1258 4241 Patre
1293 4198 1347 4241 et
1380 4189 1516 4242 Filio
1549 4190 1874 4256 productiva
1898 4206 1996 4260 po-

422 4275 591 4327 tentia
624 4275 717 4336 sit,
756 4277 1043 4346 mqualiter
1063 4294 1131 4332 ex
1167 4289 1404 4348 utroque
1438 4282 1739 4349 procedere
1765 4281 1990 4338 dicitur.

421 4367 555 4421 Nam
592 4379 647 4422 et
677 4385 852 4432 serra,
893 4371 937 4425 si
970 4372 1138 4427 [torno
1167 4383 1336 4438 esset,
1370 4375 1835 4443 quemadmodum
1875 4376 1992 4445 ipse

2025 3090 2073 3152 C

2120 520 2620 591 δημιουργήσαντα.
2673 525 2781 578 Καὶ
2810 528 2902 581 ἐπὶ
2944 530 3042 599 τῆς
3088 530 3157 583 δι’
3190 532 3319 586 Υξοῦ
3351 537 3539 589 τοίνυν
3589 539 3684 594 τοῦ

2121 611 2436 680 Πνεῦματος
2467 616 2848 686 ἐκπορεύσεως
2893 621 3194 694 ὀργανικὴν
3244 628 3346 693 μὲν
3379 628 3560 682 αἰτίαν
3593 631 3684 682 iv-

2118 701 2308 768 νοῆσαι
2339 703 2470 770 γοῦν
2504 705 2824 776 βλάσφημον
2853 725 2866 740 ο
2897 713 3076 764 αἰτίαν
3112 715 3299 783 μέντοι
3339 735 3402 785 γε
3435 720 3531 772 καὶ
3553 723 3685 774 ταύ-

2118 809 2215 862 την
2249 795 2346 848 οὐκ
2385 797 2548 866 ἀτελῆ
2590 799 2910 866 ἀναγκαῖον.
2945 803 3016 856 Τὸ
3043 806 3164 873 αμὲν
3199 809 3308 878 γὰρ
3337 811 3526 874 ἀτελὲς
3587 795 3686 882 τῆς

2117 884 2214 938 διὰ
2248 886 2774 958 ἁποδιαπομπητέον
2803 893 3087 948 ἐντεῦθεν·
3132 899 3256 951 ὅσον
3301 900 3359 952 δὲ
3400 904 3688 968 εὐσεϐείας

2117 977 2210 1032 καὶ
2254 978 2597 1049 τελειότητος
2652 982 2999 1053 ἐπιφέρεται,
3052 987 3212 1042 τοῦτο
3270 992 3684 1060 παραληπτέον.

2114 1071 2256 1140 Φησὶ
2281 1071 2336 1124 δὲ
2375 1075 2402 1125 ὀ
2440 1074 2613 1143 μέγας
2645 1075 2927 1140 Βασίλειος
2961 1080 3034 1131 ’ὲν
3064 1080 3139 1149 τῷ
3169 1081 3340 1152 ὀγδόῳ
3397 1084 3513 1137 τῶν
3550 1084 3688 1154 πρὸς

2127 1164 2477 1234 Ἀμφιλόχιον
2506 1183 2520 1198 ο
2554 1165 2627 1219 Τὸ
2652 1168 2739 1220 διὰ
2777 1170 2869 1220 τοῦ
2905 1170 3035 1224 Υἰοῦ
3061 1173 3422 1242 δημιουργεῖν
3455 1178 3546 1230 τὸν
3578 1180 3690 1231 Πα-

2113 1255 2251 1326 τέρα
2290 1257 2416 1310 οὔτε
2445 1259 2609 1328 ἀτελῆ
2639 1260 2734 1313 τοῦ
2765 1263 2980 1332 Πατρὸς
3013 1265 3112 1334 τὴν
3143 1267 3528 1338 δημιουργίαν,
3561 1272 3686 1324 οῦτε

2115 1349 2304 1402 ἄτονον
2329 1351 2423 1404 τοῦ
2468 1352 2598 1405 Υίοῦ
2634 1356 2939 1424 παραδηλοῖ
2969 1358 3070 1426 τὴν
3117 1360 3422 1428 ἐνέργειαν,
3455 1363 3589 1416 ἀλλὰ
3626 1365 3686 1416 τί)

2114 1441 2397 1512 ἡνωμένον
2427 1445 2520 1497 τοῦ
2565 1445 2875 1516 θελήματος
2911 1448 3091 1503 αὐτῶν
3125 1452 3480 1521 παρίστησιν.
3518 1455 3682 1507 Ὥστε

2113 1533 2180 1602 ἡ,
2226 1532 2303 1586 δι’
2357 1535 2517 1600 Υίοῦ,
2575 1539 2756 1606 φωνὴ,
2809 1541 2909 1608 τῆς
2955 1545 3444 1612 προκαταρκτικῆς
3503 1547 3684 1606 αἰτίας

2112 1627 2407 1694 ὁμολογίαν
2453 1627 2591 1698 ἔχει,
2647 1630 2746 1684 οὐκ
2780 1632 2873 1684 ἐπὶ
2911 1636 3219 1706 κατηγορία
3249 1635 3343 1688 τοῦ
3397 1637 3683 1707 ποιητικοῦ

2111 1712 2286 1770 αἰτίου
2325 1719 2840 1790 παραλαμϐάνεται.
2891 1724 3049 1778 Οὕτω
3096 1727 3195 1794 μὲν
3251 1726 3410 1796 οὖνὴ
3458 1727 3557 1780 διὰ
3590 1745 3686 1779 πε-

2115 1807 2356 1876 ριφανῶς
2390 1810 2572 1862 αἰτίιν
2618 1812 2895 1880 σημαίνει.
2927 1815 3001 1866 Οὐ
3031 1816 3142 1882 γὰρ
3174 1817 3364 1869 ἄτονον
3401 1815 3496 1868 τοῦ
3526 1817 3680 1879 Υίοῦ,

2111 1897 2266 1965 φησὶ,
2327 1897 2634 1968 παραδηλοῖ
2679 1901 2777 1970 τὴν
2829 1903 3137 1972 ἐνέργειαν,
3200 1905 3316 1957 ἀλλ’
3375 1909 3556 1959 αἰτίαν
3585 1908 3685 1977 τὴν

2113 1987 2250 2056 μετά
2279 1990 2486 2054 τάξεως
2512 2007 2526 2024 ο
2560 1991 2656 2059 τῆς
2684 1993 2790 2059 γὰρ
2821 1995 3336 2064 προκαταρκτικῆς,
3369 1998 3559 2064 φησιν,
3601 2001 3685 2051 αἰ-

2108 2078 2227 2140 τίας
2272 2077 2563 2145 ὁμολογίαν
2613 2080 2746 2148 ἔχει.
2805 2081 2914 2135 Ἀεὶ
2964 2084 3073 2151 γὰρ
3117 2085 3245 2137 ὅταν
3297 2087 3361 2137 ἐκ
3418 2103 3564 2149 τινος
3593 2089 3681 2142 δια

2107 2184 2253 2232 τινος
2301 2167 2438 2221 εἷναί
2471 2188 2523 2222 τι
2557 2170 2788 2238 λέγοιτο,
2837 2174 2988 2237 τάξις
3045 2175 3302 2245 δηλοῦται
3356 2179 3491 2246 πρὸς
3532 2181 3594 2232 τὸ
3624 2179 3680 2245 ἐξ

2106 2257 2168 2310 οὗ
2197 2257 2292 2310 τοῦ
2322 2259 2388 2312 δι’
2416 2258 2499 2320 οὗ,
2532 2259 2628 2312 τοῦ
2665 2262 2764 2329 μὲν
2796 2262 2854 2328 ἐξ
2899 2257 2959 2314 οὗ
2992 2263 3068 2326 ὡς
3098 2264 3332 2334 ἀρχικοῦ
3383 2267 3679 2336 νοουμένου

2108 2351 2306 2415 αἰτίου,
2332 2349 2428 2403 τοῦ
2451 2350 2506 2402 δὲ
2535 2351 2607 2405 δι’
2640 2344 2704 2404 οῦ
2750 2354 2825 2416 ὡς
2863 2355 3098 2426 ὀργάνου
3145 2356 3177 2424 ἢ
3209 2357 3509 2420 συναιτίου,
3552 2359 3684 2411 ἑαυ-

2108 2442 2204 2494 τοῦ
2235 2443 2733 2513 προεπινοούμενον
2767 2444 2984 2514 ἔχοντος
3017 2447 3107 2499 τὸν
3145 2445 3230 2516 ἐφ’
3259 2447 3318 2500 οὗ
3363 2448 3588 2516 λέγεται
3621 2453 3686 2502 τὸ

2107 2535 2166 2598 ἐξ
2215 2529 2298 2589 οὗ.
2339 2536 2554 2604 Ταύτην
2607 2537 2666 2589 δέ
2701 2553 2764 2607 γε
2797 2537 2895 2608 τὴν
2921 2538 3074 2602 τάξιν
3106 2539 3400 2608 ἀναγκαῖον
3449 2542 3548 2594 καὶ
3588 2543 3682 2596 ἐπὶ

2110 2629 2325 2699 Πατρδς
2370 2630 2750 2699 λαμϐάνεσθαι
2783 2633 2875 2683 καὶ
2905 2631 3035 2686 Υἰοῦ
3058 2647 3073 2664 ’
3107 2634 3258 2702 παρὰ
3290 2633 3400 2702 γὰρ
3436 2634 3532 2685 τοῦ
3563 2634 3679 2687 ﬂa-

2106 2723 2236 2793 τρδς
2271 2722 2453 2776 πάντα
2500 2724 2684 2776 λαϐὼν
2709 2725 2778 2776 τὰ
2811 2724 2908 2778 τοῦ
2937 2724 3148 2795 Πατρὶς
3174 2728 3201 2777 6
3240 2725 3367 2787 Υἱὸς
3415 2725 3556 2795 ἔχει,
3583 2729 3683 2780 καὶ

2111 2815 2249 2883 μετὰ
2279 2814 2372 2868 τοῦ
2417 2816 2628 2884 Πατρὺς
2677 2815 2771 2867 καὶ
2805 2815 2922 2884 ἅμα
2966 2815 3114 2884 αὑτῷ
3146 2814 3311 2877 εὐθὺς
3343 2817 3684 2868 συνεπινοεῖ-

2106 2923 2194 2957 ται
2228 2907 2516 2976 προσεχῶς
2552 2907 2579 2958 6
2615 2905 2741 2969 Υἱός
2767 2920 2781 2936 ⁸
2820 2909 2914 2959 καὶ
2938 2906 3068 2958 Υίδν
3101 2905 3370 2974 λέγοντες,
3405 2905 3568 2969 εὐθὺς
3597 2907 3685 2968 εἰς

2107 2998 2201 3049 τὸν
2235 2995 2296 3050 οῦ
2325 2999 2471 3049 ἐστιν
2501 2998 2528 3048 6
2568 2997 2693 3060 Υἱὸς
2723 2997 3037 3068 ἀναγόμεοα
3057 3000 3122 3068 τῇ
3155 2998 3389 3067 διανοίᾳ,
3419 2997 3644 3066 Πατέρα
3663 3011 3680 3024 ο

2105 3182 2187 3228 tre
2227 3190 2446 3228 causam
2479 3174 2687 3229 diceret
2710 3175 2930 3241 Filium,
2960 3179 3163 3246 quippe
3187 3175 3282 3246 qui
3313 3175 3510 3232 eadem
3540 3191 3683 3231 uua-

2103 3282 2212 3335 que
2244 3267 2484 3334 potcntia
2513 3276 2569 3320 ct
2603 3267 2819 3320 actione
2853 3282 2977 3320 cum
3013 3265 3174 3320 Patre
3209 3265 3477 3320 mundum
3518 3279 3686 3321 crea-

2108 3357 2272 3410 verit.
2303 3356 2480 3410 Simili
2516 3356 2682 3426 igitur
2715 3357 2879 3411 modo
2896 3356 3065 3416 etiam
3092 3357 3161 3412 de
3193 3357 3433 3426 Spiritus
3467 3371 3566 3426 per
3584 3355 3689 3410 Fi-

2104 3450 2239 3504 lium
2269 3449 2657 3519 productione,
2691 3449 3173 3505 instrumentalem
3191 3448 3414 3519 quidem
3451 3462 3685 3504 causam

2103 3544 2273 3600 etiam
2299 3541 2475 3598 solum
2501 3544 2769 3611 cogitare,
2798 3541 3140 3610 blasphemia
3165 3549 3250 3596 est
3275 3562 3287 3595 ε
3310 3555 3537 3596 causam
3577 3556 3686 3596 au-

2106 3645 2238 3699 tem,
2271 3646 2326 3689 et
2361 3635 2504 3688 hanc
2535 3647 2645 3687 non
2682 3633 3079 3702 imperfectam,
3112 3633 3218 3687 hoc
3248 3648 3382 3688 vero
3422 3648 3687 3692 necessa-

2103 3729 2245 3782 rium
2275 3735 2358 3781 est
2390 3742 2406 3791 ;
2455 3724 2927 3793 imperfectionem
2960 3726 3164 3779 etenim
3217 3725 3380 3792 hujus
3406 3729 3686 3796 preposi-

2101 3822 2272 3876 tinnis
2303 3837 2396 3890 per
2419 3821 2574 3888 longe
2610 3816 2987 3886 repellendum
3014 3825 3314 3886 :quantum
3347 3824 3537 3872 autem
3555 3833 3686 3887 per-

2099 3912 2361 3968 fectionis
2397 3921 2454 3966 et
2478 3909 2700 3980 pietatis
2731 3908 2919 3974 habet,
2958 3909 3063 3964 hoc
3091 3923 3223 3962 vero
3245 3909 3682 3976 acceptandum.

2100 4005 2192 4060 Ait
2214 4005 2361 4058 enim
2385 4003 2441 4057 in
2472 4011 2668 4056 octavo
2698 4000 2768 4055 ad
2793 3999 3246 4068 Amphilochium
3286 4000 3483 4056 beatus
3516 3999 3684 4056 Basi-

2098 4099 2207 4152 lius
2243 4116 2254 4150 :
2294 4097 2509 4150 Patrem
2540 4108 2735 4148 creare
2769 4108 2871 4162 per
2901 4090 3123 4157 Filium,
3153 4106 3259 4148 nec
3291 4092 3685 4161 imperfectam

2103 4189 2280 4244 Patris
2321 4187 2678 4248 creationem,
2714 4199 2814 4238 nec
2854 4183 3184 4238 imbecillem
3233 4183 3358 4244 Filii
3394 4185 3686 4240 actionem

2099 4281 2397 4351 significat,
2434 4281 2547 4359 sed.
2575 4277 2841 4332 unitatem
2875 4277 3176 4332 voluntatis
3211 4292 3404 4331 eorum
3444 4277 3684 4334 manifeo

2102 4385 2210 4428 stat
2244 4391 2255 4426 :
2294 4385 2468 4442 quare
2501 4370 2617 4424 haec
2648 4385 2776 4434 vox,
2829 4384 2927 4436 per
2959 4367 3189 4434 Filium,
3223 4383 3332 4423 non
3366 4368 3686 4424 minuitef-

417 4459 572 4529 faber
602 4473 655 4516 et
686 4462 831 4516 idem
868 4463 1051 4528 homo,
1085 4465 1245 4520 sicuti
1295 4468 1456 4520 Pater
1499 4476 1553 4521 ct
1605 4468 1797 4531 Filius,
1843 4443 1986 4522 idem
2024 4443 2066 4496 θ
2098 4466 2350 4520 fectivam
2407 4475 2652 4527 causam,
2710 4460 2805 4516 sed
2853 4461 2918 4514 ad
2961 4459 3406 4530 principaliorem
3446 4474 3677 4514 causam

418 4554 566 4622 Deus
595 4565 699 4619 est,
727 4563 943 4612 secaret
971 4559 1163 4627 utique
1185 4559 1352 4612 etiam
1396 4561 1509 4625 illa,
1550 4571 1714 4628 prout
1747 4562 1860 4628 ipse
1900 4560 1982 4614 fa-

417 4645 516 4700 ber
555 4662 568 4699 :
602 4657 658 4700 et
688 4647 832 4716 quod
858 4647 1140 4706 diceretur
1163 4666 1259 4720 per
1289 4667 1522 4716 serram,
1552 4653 1754 4706 nullam
1785 4652 1991 4720 imper-

417 4738 715 4809 fectiouem
750 4740 818 4795 de
850 4756 1005 4797 serra
1044 4752 1283 4797 notaret.
1323 4743 1430 4799 Nec
1464 4743 1690 4806 mirum,
1737 4747 1780 4796 si
1823 4745 1876 4798 in
1909 4747 1991 4797 di-

419 4831 566 4887 vinis
595 4843 819 4888 utamur
853 4834 1228 4891 imbecillibus
1266 4846 1322 4890 et
1348 4837 1688 4904 imperfectis
1720 4837 1905 4889 verbis
1934 4845 1990 4889 et

419 4925 757 4991 puiiiinibus,
787 4942 910 4984 cum
931 4928 1094 4987 aliter
1124 4945 1230 4982 non
1258 4944 1568 4998 possumus.
1599 4929 1818 4982 Divinas
1841 4929 1987 4980 enim

419 5033 507 5073 res
539 5034 638 5088 per
693 5020 917 5076 nomina
953 5029 1009 5077 et
1057 5021 1394 5078 intentiones
1433 5021 1655 5090 quidem
1698 5031 1989 5075 consuetas

419 5113 579 5182 nobis
615 5113 964 5170 manifestare
982 5129 1265 5169 conamur.
1290 5115 1463 5168 Aliter
1481 5113 1627 5170 enim
1657 5114 1990 5181 impossibile

415 5217 504 5270 est
524 5203 684 5259 nobis
714 5219 880 5260 sensu
903 5205 1219 5262 viventibus
1248 5203 1315 5258 de
1333 5203 1442 5258 illis
1476 5203 1646 5272 loqui.
1670 5203 1825 5268 Quod
1855 5217 1990 5258 vero

419 5297 716 5370 prolationi
755 5297 1054 5352 verborum
1082 5297 1302 5360 accidit,
1345 5296 1510 5351 etiam
1548 5295 1868 5366 signiﬁcatis
1903 5311 1991 5350 re—

420 5393 523 5448 bus
557 5392 693 5447 velle
730 5392 1026 5462 imputare,
1051 5389 1358 5446 cavendum
1389 5406 1459 5445 ne
1492 5390 1562 5444 sit
1586 5388 1740 5444 nefas
1767 5405 1782 5444 :
1805 5389 1991 5444 multa}

417 5486 563 5538 enim
597 5487 701 5542 hoc
730 5486 893 5542 modo
937 5497 1211 5555 certatque
1244 5484 1368 5540 fidei
1397 5484 1659 5537 veritates
1689 5497 1988 5536 evanesce-

417 5591 560 5651 rcut.
593 5581 804 5636 Etenim
857 5581 1176 5636 universum
1211 5591 1430 5646 quoque
1475 5591 1538 5629 cx
1575 5575 1736 5629 Patre
1769 5589 1865 5642 per
1899 5571 1989 5626 Fi-

421 5669 554 5724 lium
588 5683 828 5723 creatum
862 5685 980 5724 esse
1022 5669 1283 5723 dicimus.
1333 5667 1526 5721 Nullus
1576 5675 1755 5720 tamen
1795 5673 1874 5717 est
1916 5663 1990 5716 ita

423 5757 623 5825 audax,
658 5768 714 5814 ut
742 5759 1215 5816 instrumentalcm
1239 5768 1293 5814 et
1317 5773 1427 5815 non
1462 5757 1708 5813 eamdem
1740 5771 1863 5812 cum
1891 5756 1988 5812 Pa-

2099 4575 2202 4614 nos
2230 4560 2421 4613 refert.
2459 4557 2642 4612 Palam
2678 4557 2861 4625 itaque
2891 4567 3062 4626 patet.
3101 4557 3545 4627 pmpositionem
3575 4573 3682 4628 per

2093 4666 2313 4706 causam
2348 4648 2682 4717 significare.
2719 4648 2836 4702 Non
2864 4649 3012 4702 enim
3055 4648 3409 4712 imbecillem,
3454 4648 3551 4712 ait,
3576 4663 3680 4704 os-

2098 4741 2267 4796 tendit
2300 4739 2418 4793 Filii
2461 4739 2759 4802 actionem,
2799 4739 2894 4790 sed
2929 4753 3148 4792 causam
3179 4753 3303 4792 cum
3331 4740 3545 4792 ordine.
3586 4738 3678 4792 Ad

2095 4832 2455 4903 principalem
2481 4831 2648 4891 enim,
2685 4831 2882 4898 inquit,
2910 4846 3132 4884 Causam
3160 4846 3260 4884 nos
3290 4829 3477 4882 refert.
3515 4829 3681 4885 Sem-

2097 4942 2195 4996 per
2226 4927 2430 4979 etenim
2457 4937 2582 4976 cum
2611 4921 2818 4989 aliquid
2851 4938 2917 4976 ex
2945 4923 3132 4990 aliquo
3158 4937 3254 4991 per
3276 4921 3518 4989 aliquem
3548 4935 3676 4975 esse

2095 5018 2318 5082 dicitur,
2373 5014 2508 5068 ordo
2537 5012 2757 5083 quidam
2791 5012 2856 5066 ad
2887 5013 3042 5066 illum
3099 5029 3162 5067 ex
3214 5029 3347 5081 quo.
3381 5011 3532 5066 illius
3576 5026 3676 5080 per

2094 5126 2280 5177 quem,
2313 5105 2672 5177 significatur.
2709 5104 2781 5158 Ex
2808 5105 3192 5174 quqquidem,
3223 5113 3482 5172 tanquam
3517 5107 3674 5172 prin-

2095 5201 2252 5270 cipali
2280 5215 2480 5265 causa;
2523 5215 2620 5269 per
2653 5213 2816 5268 quem
2846 5212 3005 5260 vero,
3033 5206 3295 5266 tanquam
3330 5197 3670 5251 instrumen-

2095 5291 2188 5345 tali
2238 5299 2460 5360 accepta
2501 5290 2584 5343 vel
2639 5303 2932 5354 concausa,
2982 5304 3104 5357 qua:
3150 5289 3530 5358 pracsupponit
3562 5287 3668 5342 sibi

2095 5381 2270 5445 illum,
2295 5382 2387 5450 qui
2412 5380 2614 5434 dicitur
2638 5396 2704 5434 ex
2730 5395 2838 5450 quo
2872 5397 2886 5433 :
2913 5380 3059 5448 hunc
3088 5389 3275 5434 autem
3296 5381 3544 5435 ordinem
3567 5392 3666 5433 ne-

2094 5489 2247 5528 cesse
2279 5474 2444 5527 etiam
2483 5474 2626 5527 inter
2676 5474 2976 5534 Patremet
3015 5474 3213 5528 Filium
3237 5490 3379 5529 esse.
3411 5473 3483 5529 Ex
3507 5474 3666 5529 Patre

2095 5565 2296 5620 etenim
2342 5567 2546 5628 omnia,
2583 5582 2702 5634 quae
2739 5565 2913 5620 Patris
2959 5575 3116 5628 sunt,
3149 5567 3352 5636 accipit
3400 5566 3570 5622 Filius
3605 5575 3666 5620 ct

2097 5660 2258 5713 habet
2287 5675 2300 5719 ς
2335 5670 2562 5726 postque
2589 5660 2800 5712 Patrem
2843 5668 2899 5713 et
2940 5658 3104 5713 simul
3129 5675 3252 5713 cum
3278 5677 3367 5721 co.
3399 5660 3582 5713 subito
3620 5666 3684 5710 et

2100 5751 2415 5808 immediate
2475 5750 2800 5822 intelligitur
2837 5750 3028 5806 Filius.
3083 5750 3218 5808 Cum
3261 5752 3408 5807 enim
3467 5752 3694 5807 Filium
