3990 6212
368 263 470 324 567

1306 261 1807 322 BESSARIONIS
1847 263 1906 322 S.
1950 261 2020 323 Β.
2063 264 2126 325 Ε.
2170 264 2629 328 CARDINALIS

3498 268 3602 330 568

367 375 717 446 πορίσασθαι.
768 377 842 448 μὴ
873 377 1070 447 ταύτης
1106 375 1243 432 εἶναι
1284 383 1379 448 τῆς
1425 380 1584 449 δόξης
1626 381 1715 434 τὸν
1751 381 1922 450 μέγαν
1952 381 1996 439 Α
2026 383 2191 439 ταυτδ
2220 389 2286 455 τῇ
2346 386 2497 456 μετὰ
2552 385 2774 439 δύναται
2838 381 3096 436 ἐνταῦθα.
3125 382 3260 434 Τίνα
3289 383 3399 452 γάρ
3444 381 3604 451 λόγον

368 465 673 535 Βασίλειον,
705 467 948 537 δηλονότι
989 471 1154 538 μηδὲν
1184 473 1260 534 εἰς
1295 472 1354 523 τὸ
1377 467 1517 526 εἶναι
1545 472 1637 524 τοῦ
1673 471 1930 541 Πνεῦμα-

367 573 460 618 το;
509 557 915 626 συμϐάλλεσθαι
947 560 1034 611 τὸν
1068 561 1214 616 Υἱὸν.
1266 561 1398 614 Οὐδὲ
1443 563 1551 631 γὰρ
1586 563 1652 616 ἂν
1692 561 1933 616 τοιοῦτον

371 652 589 718 ἐκίνησε
621 650 864 720 ζήτημα,
895 651 1082 722 ὥσπερ
1119 654 1238 706 οὐδὲ
1286 655 1375 708 διὰ
1414 657 1464 707 τί
1513 657 1587 725 μὴ
1626 657 1683 708 τὸ
1712 657 1932 726 Πνεῦμα

371 740 555 808 πατὴρ
583 739 676 791 τοῦ
711 738 841 791 Υἱοῦ
874 741 1135 811 ἐζήτησεν
1161 741 1226 795 ἄν
1261 761 1344 805 τις
1369 759 1382 774 ·
1415 744 1610 798 ἔπειτα
1643 745 1696 797 δὲ
1723 747 1813 798 καὶ
1839 747 1933 798 ἀπ’

371 831 538 898 αὐτῆς
565 829 664 898 τῆς
689 829 780 882 τοῦ
815 829 1135 900 ζητήματος
1164 832 1366 896 λύσεως
1413 835 1662 903 φαίνεται
1698 837 1936 904 νομίζων

372 922 462 973 τὸν
497 922 625 978 Υίὺν
659 921 841 975 αἰτίαν
887 922 978 975 τοῦ
1026 925 1365 992 Πνεύματος,
1413 928 1506 979 καὶ
1559 927 1716 980 τοῦτο
1762 945 1937 998 παρα-

371 1012 546 1085 δηλῶν
579 1013 668 1066 διὰ
723 1015 817 1083 τῆς
849 1015 967 1068 διά.
1008 1017 1156 1082 Ἐξδν
1187 1019 1294 1086 γὰρ
1324 1020 1524 1083 εἰπεῖν,
1554 1020 1636 1072 ὄτι
1666 1019 1753 1072 διὰ
1780 1020 1938 1074 τοῦτο

372 1106 472 1157 οῦκ
509 1105 656 1157 ἔστιν
692 1105 806 1168 υἱὸ;
853 1106 944 1159 τοῦ
975 1107 1126 1173 Υἱοῦ,
1162 1109 1293 1162 διότι
1341 1111 1439 1162 οὐκ
1486 1112 1542 1176 ἐξ
1601 1112 1786 1177 αὐτοῦ,
1819 1114 1937 1166 οῦδέ

373 1197 441 1247 δι’
481 1196 646 1249 αὐτοῦ
678 1197 847 1264 ἐστιν,
891 1197 1016 1250 οὔτε
1053 1201 1160 1270 μὴν
1187 1201 1346 1254 αὐτὸν
1375 1202 1487 1272 ἔχει
1521 1204 1703 1256 αἰτίαν
1738 1205 1938 1273 (καίτοι

372 1288 456 1348 τίς
490 1288 625 1358 άλλη
661 1289 862 1358 μᾶλλον
898 1291 1211 1360 ἁρμόζουσα
1241 1292 1474 1359 λύσιςς),
1505 1295 1662 1348 τοῦτο
1713 1296 1811 1363 μὲν
1841 1298 1941 1350 οὐκ

373 1378 550 1448 εἶπεν,
586 1383 703 1435 ἀλλ’
738 1384 904 1452 ἄλλην
933 1387 1114 1439 αίτίαν
1146 1387 1459 1441 ἀπέδωκεν
1501 1390 1618 1442 ἔστι
1665 1390 1766 1458 μὲν
1809 1391 1936 1462 γὰρ,

375 1478 562 1543 φησὶν,
594 1480 657 1529 ἐκ
684 1477 821 1530 Θεοῦ
852 1479 920 1531 δι’
953 1480 1104 1534 Υἱοῦ.
1143 1481 1254 1533 Καὶ
1283 1482 1440 1534 τοῦτο
1462 1481 1558 1535 οὐκ
1593 1481 1741 1535 ἐστιν
1773 1483 1942 1552 ἀρνή-

378 1567 595 1621 σασθαι.
653 1570 714 1621 Ei
746 1570 803 1623 δὲ
847 1570 995 1623 τοῦτ’
1051 1572 1349 1640 ἀναγκάζει
1400 1575 1496 1626 καὶ
1531 1574 1818 1637 υίὸναύτδ
1845 1575 1940 1627 τοῦ

377 1655 508 1708 Υίοῦ
540 1653 676 1712 εἶναι
703 1662 794 1719 καὶ
817 1660 1093 1728 λέγεσθαι,
1122 1662 1340 1728 ἐλέγετο
1361 1662 1450 1726 ἂν,
1487 1664 1640 1731 φησὶ,
1667 1666 1762 1716 καὶ
1785 1664 1942 1717 τοῦτο

377 1751 424 1801 εί
459 1751 532 1815 μή
569 1767 617 1800 τι
651 1750 836 1820 ἕτερον
871 1751 1072 1804 ἄτοπον
1113 1753 1352 1823 ἀπήντα,
1386 1753 1446 1807 τὸ
1478 1755 1681 1824 πλῆθος
1713 1757 1940 1826 ἄπειρον

375 1841 472 1909 τὴν
501 1841 707 1910 Τριάδα
735 1843 1060 1912 νομισθῆναι
1084 1861 1096 1874 ’
1123 1845 1197 1907 ὡς
1225 1846 1317 1897 τοῦ
1353 1863 1415 1912 γε
1443 1848 1791 1918 ἀτοπήματος
1824 1849 1944 1903 τούς

375 1949 468 1983 του
511 1933 585 2002 μὴ
619 1933 1058 1999 ἀκολουθοῦντος,
1113 1937 1334 2003 ἐλέγετο
1371 1937 1458 2002 ἂν,
1504 1943 1658 2009 φησὶ,
1705 1944 1798 1994 καὶ
1829 1944 1941 2007 υἱὸς

376 2023 472 2078 τοῦ
509 2025 664 2080 Υἱοῦ.
714 2028 854 2080 Ἀλλ’
897 2029 945 2080 εί
979 2031 1088 2091 υίὸς
1120 2031 1336 2099 ἐλέγετο
1380 2031 1474 2086 τοῦ
1507 2032 1658 2099 Υἱοῦ,
1699 2035 1943 2103 ἀναμφι-

380 2117 549 2181 δόλως
601 2119 694 2172 καὶ
747 2120 927 2174 αἰτίαν
953 2118 1099 2192 εἶχεν
1140 2124 1206 2176 ἂν
1256 2126 1345 2178 τὶν
1380 2126 1544 2179 Υίὸν’
1577 2129 1670 2180 καὶ
1713 2129 1801 2183 διὰ
1847 2129 1942 2183 τοῦ

379 2208 508 2261 Υίοῦ
539 2210 646 2278 ἄρα
679 2206 818 2265 εἶναι
853 2213 1167 2283 λεγόμενον,
1193 2219 1289 2270 καὶ
1317 2218 1406 2270 τὸν
1440 2219 1566 2271 Υίὸν
1602 2219 1715 2289 ἔχει
1738 2224 1942 2276 αἰτίαν·

379 2301 474 2351 καὶ
507 2301 670 2364 αὐτὸς
702 2302 758 2355 δὲ
802 2298 942 2356 εἷναί
989 2322 1174 2374 φησιν,
1219 2307 1247 2359 ὃ
1277 2309 1511 2375 μάλιστα
1542 2311 1648 2364 τῶν
1680 2315 1946 2382 ῥημάτων

379 2391 439 2442 τὸ
474 2391 748 2462 ὑπάρχειν
799 2394 951 2464 δηλοῖ
1000 2397 1093 2448 καὶ
1134 2398 1232 2467 τὴν
1288 2397 1545 2470 ὕπαρξιν,
1574 2405 1670 2456 καὶ
1702 2406 1768 2458 ἐκ
1810 2405 1945 2460 Θεοῦ

379 2482 447 2537 δι’
481 2484 633 2548 ἴίοῦ,
668 2485 809 2540 κατά
836 2488 928 2540 τὸν
958 2489 1103 2556 ἱερὸν
1147 2489 1488 2556 Ἀθανάσιον.
1523 2495 1659 2554 Οῦτε
1695 2498 1788 2550 οῦν
1819 2500 1950 2568 περὶ

381 2577 742 2647 χαρισμάτων
775 2579 939 2630 τινῶν
987 2579 1224 2635 ἐνταῦθὰ
1259 2600 1443 2651 φησιν,
1478 2586 1563 2638 ἵνα
1666 2591 1727 2640 τὸ
1759 2590 1826 2642 δι’
1856 2591 1948 2643 αύ-

383 2667 477 2720 τοῦ
505 2669 874 2738 προχεόμενον
905 2672 938 2741 ἢ
973 2672 1403 2743 χορηγούμενον,
1433 2676 1556 2732 οὔτε
1579 2679 1664 2734 διὰ
1694 2681 1793 2752 τὴν
1823 2683 1953 2738 ἀνα·-

388 2759 582 2828 φορὰν,
615 2760 682 2814 δι’
710 2761 872 2816 αὑτοῦ
908 2765 1145 2833 είρηται,
1178 2767 1379 2839 δηλαδὴ
1406 2770 1500 2822 τοῦ
1536 2771 1663 2826 Υἱοῦ
1691 2791 1706 2805 ο
1750 2775 1810 2827 οὐ
1844 2777 1953 2848 γὰρ

383 2851 448 2904 ἐκ
503 2853 756 2924 Πατρδς,
808 2855 924 2906 ἀλλ’
977 2857 1040 2909 ἐκ
1086 2857 1220 2913 Θεοῦ
1277 2861 1533 2931 εἴρηται·
1571 2862 1695 2918 οὔτε
1750 2868 1782 2937 ἡ
1856 2867 1954 2924 διὰ

387 3049 488 3092 cur
517 3031 753 3102 Spiritus
781 3040 1002 3085 sanctus
1035 3047 1142 3086 non
1173 3033 1386 3090 dicatur
1426 3038 1569 3094 ﬁlius
1599 3041 1756 3110 Filii,
1787 3048 1960 3103 mani-

385 3127 526 3182 feste
573 3133 819 3195 apparet,
860 3139 970 3178 non
1013 3124 1185 3182 fuisse
1223 3129 1442 3184 beatum
1492 3133 1750 3190 Basilium
1795 3138 1961 3210 hujus

386 3218 684 3296 opinionis,
738 3217 872 3271 nihil
905 3217 1161 3273 videlicet
1194 3219 1387 3273 Filium
1436 3222 1686 3280 conferre
1744 3228 1809 3282 ad
1841 3243 1962 3286 esse

387 3311 653 3381 Spiritus.
699 3309 818 3366 Non
863 3311 1010 3365 enim
1041 3312 1204 3366 talem
1243 3314 1600 3381 quiestioncm
1646 3320 1908 3392 movisset
1942 3340 1956 3388 ;

387 3403 848 3472 quemadmodum
868 3405 1054 3459 nullus
1077 3415 1352 3474 quaereret
1403 3424 1574 3476 quare
1597 3410 1836 3480 Spiritus
1855 3432 1960 3470 non

387 3497 460 3550 sit
489 3505 642 3564 pater
686 3495 886 3559 Patris,
922 3497 1005 3551 vel
1057 3506 1276 3566 genttor
1310 3497 1456 3553 Filii.
1493 3501 1699 3558 Deinde
1743 3520 1807 3558 cx
1846 3505 1959 3574 ipsa

390 3591 668 3644 solutione
701 3588 1023 3656 quaestionis
1059 3601 1309 3658 apparet,
1339 3592 1483 3660 quod
1517 3597 1742 3662 putabat
1763 3597 1959 3651 Filium

390 3697 611 3736 causam
639 3679 915 3751 Spiritus;
943 3689 997 3733 et
1023 3680 1129 3734 hoc
1165 3697 1264 3751 per
1292 3684 1732 3752 praepositionem
1762 3704 1855 3758 per
1886 3690 1962 3743 si-

391 3775 676 3846 gniﬁcare.
723 3773 858 3828 Cum
891 3773 1038 3826 enim
1081 3772 1272 3828 liceret
1317 3775 1366 3828 ei
1415 3775 1624 3843 dicere,
1667 3781 1811 3849 quod
1844 3782 1964 3836 idco

393 3883 503 3922 non
537 3877 619 3921 est
667 3866 813 3920 ﬁlius
842 3863 988 3926 Filii.
1029 3866 1156 3935 quia
1191 3882 1294 3922 nec
1345 3883 1412 3922 ex
1443 3884 1531 3935 eo,
1555 3887 1681 3925 -ncc
1714 3888 1808 3938 per
1839 3889 1962 3927 eum

396 3965 504 4021 est,
557 3971 659 4010 nec
719 3972 844 4011 eum
897 3957 1064 4012 habet
1085 3958 1169 4012 sui
1229 3957 1403 4025 ipsius
1435 3975 1656 4014 causam
1695 3963 1962 4032 (quamam

395 4059 541 4106 esset
559 4049 757 4104 solutio
782 4050 1280 4117 convettientiori);
1307 4051 1408 4104 hoc
1429 4052 1648 4120 quidem
1678 4069 1786 4107 non
1807 4055 1964 4121 dixit,

397 4141 491 4194 scd
533 4141 694 4194 aliam
730 4141 968 4195 reddidit
999 4141 1265 4195 rationem
1299 4160 1312 4194 :
1350 4143 1444 4196 Est
1471 4143 1641 4210 enim,
1677 4145 1874 4215 inquit,
1901 4165 1968 4204 ex

396 4233 508 4287 Dco
545 4249 638 4300 per
668 4231 889 4294 Filium,
922 4239 977 4285 et
1017 4232 1122 4286 hoc
1169 4234 1479 4301 negandum
1516 4251 1626 4290 non
1667 4248 1770 4292 est.
1811 4240 1965 4305 Quod

2034 475 2169 545 ἔχει,
2196 476 2283 529 διὰ
2317 477 2375 529 τὸ
2408 479 2469 529 ἐκ
2502 475 2637 530 Θεοῦ
2665 474 2804 543 μετὰ
2833 474 2926 527 τοῦ
2954 472 3086 525 Υἱοῦ
3118 469 3259 526 εἶναι
3295 472 3355 528 τὸ
3378 473 3603 543 Πνεῦμα

2034 567 2094 619 τὸ
2125 568 2297 633 ἅγιον,
2355 567 2687 622 ὑποπτεύειν
2731 565 2880 628 τινὰς
2929 565 3193 619 δύνασθαι
3229 565 3322 617 καὶ
3369 565 3484 618 υἱὸν
3508 566 3606 619 τοῦ

2037 657 2165 710 Υίοῦ
2200 657 2308 710 δεῐν
2329 656 2690 728 ὀνομάζεσθαι
2716 673 2730 721 ;
2766 656 2889 708 Ὀτι
2914 655 3090 709 τοίνυν
3121 655 3351 723 οὐδεμία
3387 655 3602 710 τούτων

2037 750 2325 820 καταφυγή
2355 749 2464 803 τῶν
2489 747 2677 817 τριῶν,
2711 748 2790 811 εἰς
2819 747 2885 810 ἃς
2917 745 3176 800 εἰώθασιν
3209 745 3448 810 ἅπαντες
3480 747 3608 799 ἐαυο

2037 842 2162 903 τοὺς
2189 841 2506 908 ἀναφέρειν,
2538 840 2616 907 τῷ
2657 838 2888 909 παρόντι
2935 840 3122 909 χωρίῳ
3159 836 3430 902 λείπεται,
3481 839 3607 905 φαί-

2037 948 2187 985 νεται
2219 931 2474 1002 καθαρῶς
2524 931 2760 985 ἐνταῦθα
2789 932 2890 1000 τὴν
2947 930 3048 984 διὰ
3085 930 3373 999 σημαίνειν
3404 929 3606 984 αίτίαν.

2041 1021 2212 1074 Τοῦτο
2241 1023 2302 1086 ,δὲ
2334 1023 2670 1092 σαφέστερον
2710 1021 2986 1078 δείκνυται
3014 1022 3106 1074 καὶ
3137 1022 3244 1074 ἀπὸ
3291 1021 3478 1090 ἐτέρας
3512 1021 3609 1073 τοῦ

2042 1114 2205 1166 αὑτοῦ
2257 1116 2532 1186 χρήσεως,
2564 1115 2853 1182 λέγοντος·
2888 1115 2985 1167 Διὰ
3030 1113 3189 1166 τοῦτο
3240 1113 3339 1182 μὲν
3367 1115 3430 1166 ἐκ
3470 1114 3609 1166 Θεοῦ

2041 1207 2103 1256 τὺ
2130 1207 2356 1275 Πνεῦμα
2383 1202 2527 1259 εἶναι
2556 1206 2769 1276 τρανῶς
2804 1206 3068 1276 ἐκήρυξεν
3098 1207 3124 1259 ὁ
3171 1205 3493 1268 Ἀπόστολος
3523 1206 3611 1257 λέ-

2042 1313 2175 1364 γων,
2212 1299 2282 1351 Τὸ
2329 1298 2573 1365 Πνεῦμα
2600 1298 2666 1351 τὸ
2692 1298 2760 1350 ἐκ
2797 1297 2902 1350 τοῦ
2958 1297 3104 1351 Θεοῦ
3151 1296 3446 1358 ἐλάϐομεν
3469 1313 3483 1326 °
3515 1298 3611 1349 καὶ

2042 1391 2101 1443 τὺ
2130 1391 2217 1442 διὰ
2255 1390 2349 1442 τοῦ
2383 1391 2513 1443 Υἱοῦ
2561 1393 2861 1460 πεφηνέναι
2911 1390 3083 1458 σαφὲς
3120 1389 3445 1460 πεποίηκεν,
3475 1387 3610 1440 Υἱοῦ

2045 1482 2272 1552 Πνεῦμα
2293 1484 2569 1552 ὀνομάσας
2590 1483 2719 1535 αὐτὸ
2747 1482 3000 1552 καθάπερ
3024 1483 3118 1535 καὶ
3141 1481 3277 1535 Θεοῦ
3308 1498 3320 1510 '
3343 1481 3432 1534 διὰ
3452 1479 3615 1534 τοῦτο

2045 1573 2176 1643 γὰρ,
2215 1574 2402 1647 φησὶν,
2433 1573 2566 1628 Υίοῦ
2597 1573 2817 1642 λέγεται
2847 1575 3088 1642 πνεῦμα,
3125 1574 3259 1626 διότι
3307 1573 3515 1640 πέφηνε
3547 1571 3613 1622 δι’

2045 1666 2233 1722 αὑτοῦ.
2279 1668 2436 1721 Ἀλλὰ
2459 1667 2628 1737 καὶῂοὶ
2661 1667 2881 1719 Δυτικοὶ
2916 1668 3118 1728 πάντες
3151 1664 3394 1732 Πατέρες
3422 1663 3614 1728 ῶσπερ

2046 1761 2110 1812 ἐκ
2148 1741 2685 1829 κοινῆξσυμφωνίας
2711 1757 2798 1810 διὰ
2821 1755 2981 1808 τοῦτὸ
3008 1772 3170 1822 φασιν
3197 1753 3329 1806 Υίοῦ
3352 1751 3613 1819 λέγεσθαι

2048 1850 2273 1921 Πνεῦμα
2305 1852 2399 1904 καὶ
2421 1846 2582 1915 εἶναι,
2614 1849 2748 1902 διότι
2775 1847 2835 1912 ἐξ
2864 1845 3030 1900 αὐτοῦ
3061 1844 3438 1914 ἐκπορεύεται.
3467 1845 3616 1896 Ταυ-

2045 1945 2137 1998 τδν
2166 1945 2273 2014 ἄρα
2308 1945 2419 2005 τοῖς
2464 1943 2710 2003 Δυτικοῖς
2742 1941 2801 1993 τὸ
2840 1939 2900 2003 ἐξ
2935 1938 3080 1991 Υίοῖί
3101 1935 3496 2006 ἐκπορεύεσθαι
3525 1935 3615 1988 δύ-

2048 2055 2223 2102 ναται,
2263 2034 2304 2104 ᾦ
2338 2052 2501 2106 φησιν
2526 2037 2554 2088 ὁ
2584 2033 2757 2104 μέγας
2792 2031 3070 2092 Βασίλειος
3106 2029 3192 2082 διὰ
3225 2027 3320 2080 τοῦ
3351 2026 3486 2080 Υίοῦ
3519 2042 3618 2078 πει

2049 2130 2296 2198 φηνέναι.
2338 2126 2502 2182 Ἀλλὰ
2536 2125 2596 2179 τὸ
2635 2126 2698 2178 ἐκ
2743 2123 2836 2177 τοῦ
2870 2122 3002 2176 Υἱοῦ
3043 2119 3442 2190 ἐκπορεύεσθαι
3487 2119 3621 2171 αὐτὸ

2041 2201 2226 2286 ⁵λέγειν
2251 2217 2348 2270 τοῦ
2395 2215 2713 2286 Πνεύματος
2755 2213 2936 2267 αἰτίαν
2981 2208 3122 2266 εἶναι
3152 2210 3306 2280 δηλοί
3346 2209 3439 2261 τὸν
3466 2208 3620 2270 Υίὸν,

2049 2310 2143 2363 ναὶ
2173 2310 2232 2362 τὸ
2260 2309 2346 2362 διὰ
2376 2309 2506 2362 Υίοῦ
2537 2307 2837 2378 πεφηνέναι
2868 2306 2975 2374 ἄρα
3009 2304 3197 2371 σαεξῶς
3228 2301 3322 2355 τοῦ
3362 2299 3622 2369 Πνεῦμα-

2049 2421 2138 2465 τος
2172 2404 2350 2456 αἰτίαν
2407 2401 2658 2472 βούλεται
2707 2401 2800 2452 τὸν
2841 2399 2969 2452 Υίδν
3019 2397 3219 2465 λέγειν.
3250 2397 3313 2448 El
3359 2395 3416 2447 δὲ
3446 2396 3508 2447 τὸ
3553 2394 3623 2446 δι’

2053 2494 2182 2548 Υἱοῦ
2215 2494 2514 2564 πεφηνέναι
2536 2495 2636 2562 τὴν
2663 2492 2742 2556 είς
2764 2493 2854 2543 τὸν
2885 2489 3142 2560 αἰσθητὸν
3170 2488 3380 2541 τουτονὶ
3413 2488 3623 2554 κόσμον

2053 2586 2318 2652 ἐκφανσιν
2349 2590 2445 2638 καὶ
2467 2583 2776 2654 φανέρωσιν
2809 2581 2976 2635 αὐτοῦ
3004 2599 3080 2642 tt;
3106 2578 3300 2648 δηλοῦν
3336 2577 3626 2649 βούλεσθαι

2052 2680 2224 2748 λέγει,
2268 2679 2328 2730 οὐ
2358 2678 2539 2740 καλῶς
2587 2677 2759 2743 λέγει.
2802 2674 2999 2742 Είγάρ
3035 2674 3123 2725 διὰ
3173 2671 3333 2725 τοῦτό
3369 2673 3486 2724 ἐστι
3529 2671 3626 2723 τοῦ

2055 2771 2187 2825 Υἱοῦ
2245 2769 2464 2839 πνεῦμα
2518 2769 2578 2821 τὸ
2626 2766 2874 2836 Πνεῦμα,
2923 2767 3026 2819 οῦκ
3074 2764 3256 2826 ἀϊδίως
3311 2762 3463 2828 αὐτὸ,
3503 2761 3626 2813 οὐδὲ

2056 2864 2236 2935 φύσει,
2266 2863 2378 2915 ἀλλ’
2405 2863 2699 2930 ἐπίκτητον
2723 2860 2851 2914 αὐτὸ
2875 2859 2987 2928 ἔχει
3017 2857 3196 2910 λαϐὼν
3222 2855 3317 2910 καὶ
3345 2858 3401 2908 ἐν
3427 2856 3627 2924 χρόνῳ,

2062 3047 2200 3101 ratio
2231 3052 2338 3108 est,
2385 3043 2511 3098 ideo
2547 3042 2765 3111 aliquos
2797 3039 3091 3109 suspicari,
3127 3039 3300 3094 lilium
3337 3053 3464 3093 eum
3504 3037 3630 3091 Filii

2060 3151 2218 3205 posse
2253 3133 2360 3188 dici
2382 3143 2439 3188 et
2463 3147 2604 3198 esse,
2635 3131 2762 3202 quia
2787 3146 2852 3186 ex
2886 3129 2997 3185 Deo
3035 3145 3156 3184 cum
3187 3128 3325 3182 Filio
3353 3125 3632 3183 est?Cum

2061 3222 2226 3292 igitdr
2258 3220 2471 3274 nullum
2524 3219 2590 3274 de
2633 3220 2720 3275 his
2753 3217 2932 3273 tribus
2985 3217 3242 3289 rel‘ugiis,
3282 3217 3348 3272 ad
3399 3233 3522 3287 qua:
3573 3232 3635 3270 se

2060 3329 2252 3369 omnes
2288 3315 2466 3368 solent
2496 3312 2727 3377 referre,
2760 3313 2844 3366 his
2868 3317 3184 3366 sanctorum
3233 3309 3523 3365 doctorum
3553 3320 3638 3363 tc-

2060 3407 2337 3463 stimouiis
2371 3405 2736 3476 relinquatur,
2760 3420 2938 3476 neque
2969 3403 3278 3465 conveniat.
3310 3404 3490 3473 palam
3532 3418 3630 3471 pa-

2065 3507 2163 3558 tet.
2213 3512 2433 3552 causam
2481 3497 2571 3551 hic
2620 3495 2936 3566 signiﬁcare
2979 3496 3121 3551 hanc
3183 3495 3631 3566 praepositionem

2063 3607 2174 3660 per.
2229 3591 2375 3645 ldcut
2411 3605 2477 3644 ex
2533 3590 2638 3644 alia
2673 3590 2915 3660 ejusdem
2969 3589 3301 3646 auctoritate
3341 3587 3635 3657 probatur,

2064 3683 2347 3737 dicentis:
2386 3682 2510 3737 Ideo
2561 3682 2706 3751 quod
2756 3696 2820 3736 ex
2853 3682 2964 3738 Deo
3003 3680 3226 3750 quidem
3260 3679 3499 3748 Spiritus
3540 3681 3636 3741 sit.

2066 3775 2241 3844 palam
2282 3774 2596 3842 prmdicavit
2627 3775 2940 3843 Apostolus,
2976 3771 3204 3826 dicens:
3238 3769 3520 3840 Spiritum,
3545 3771 3637 3847 qui

2067 3881 2130 3918 ex
2166 3865 2268 3918 Deo
2294 3878 2389 3927 est,
2424 3866 2715 3934 accepimus
2753 3866 2790 3917 ¹.
2824 3863 2892 3917 Et
2925 3862 3067 3932 quod
3102 3877 3202 3932 per
3231 3861 3429 3916 Filium
3467 3860 3637 3914 maui-

2066 3959 2297 4012 l‘cstatns
2325 3956 2416 4020 sit,
2448 3966 2634 4026 aperte
2656 3955 2986 4018 ostenditur,
3019 3969 3141 4008 cum
3175 3954 3328 4008 illum
3352 3953 3475 4007 Filii
3509 3953 3640 4022 Spir

2069 4049 2258 4111 ritum,
2329 4045 2795 4115 quemadmodum
2857 4045 3023 4098 etiam
3082 4043 3180 4098 Dei
3232 4043 3635 4105 nominaverit;

2071 4140 2195 4194 ideo
2245 4140 2392 4193 enim
2424 4138 2626 4192 dicitur
2669 4137 2790 4192 Filii
2826 4137 3086 4208 Spiritus,
3132 4137 3334 4205 inquit,
3381 4135 3512 4206 quia
3541 4152 3640 4206 per

2071 4246 2196 4286 cum
2233 4230 2615 4285 manifestatus
2631 4239 2736 4285 cst.
2759 4229 2954 4284 Cuncti
2980 4230 3143 4283 etiam
3170 4230 3354 4283 Patres
3375 4227 3644 4283 Occidem

397 4326 443 4378 si
476 4325 579 4378 hoc
601 4334 781 4393 cogat,
816 4332 874 4377 et
915 4323 1085 4376 ﬁlium
1115 4339 1238 4379 eum
1271 4325 1392 4378 Filii
1423 4337 1471 4379 et
1505 4342 1628 4383 esse
1659 4337 1714 4383 et
1747 4331 1888 4394 dici;
1915 4341 1969 4385 ct
2003 4311 2044 4367 ο
2073 4325 2209 4377 tales
2230 4323 2820 4386 communisententia,
2855 4320 2980 4376 ideo
3009 4320 3202 4374 dicunt
3227 4319 3348 4373 Filii
3372 4317 3640 4388 Spiritum

398 4414 700 4483 diceretur,
728 4417 926 4486 inquit.
960 4418 1125 4473 etiam
1157 4419 1282 4484 hoc,
1311 4421 1412 4474 nisi
1445 4422 1546 4476 hoc
1575 4423 1971 4483 inconveniens

399 4516 750 4576 sequeretur,
790 4507 934 4577 quod
965 4507 1205 4563 Trinitas
1233 4511 1532 4564 multitudo
1568 4513 1779 4568 inﬁnita
1817 4525 1972 4585 puta—

403 4607 574 4651 retur.
600 4596 753 4663 Quod
777 4600 819 4652 si
857 4599 960 4655 hoc
991 4600 1294 4654 absurdum
1329 4617 1438 4655 non
1478 4605 1784 4668 timeretur,
1824 4607 1971 4661 dice-

401 4697 556 4742 retur
583 4689 747 4743 etiatn
795 4689 937 4744 ﬁlius
968 4691 1112 4744 Filii.
1149 4693 1218 4745 At
1255 4693 1298 4746 si
1338 4693 1481 4746 ﬁlius
1523 4693 1643 4749 Filii
1669 4695 1970 4768 diceretur,

400 4777 584 4831 nullus
612 4777 910 4838 dubitaret,
965 4779 1112 4847 quod
1164 4779 1359 4834 Filium
1407 4780 1572 4834 etiam
1617 4782 1847 4836 haberet
1888 4782 1974 4836 sui

408 4883 651 4922 causam.
685 4869 856 4938 igitur
881 4871 1045 4922 etiam
1069 4882 1194 4922 cum
1223 4869 1440 4921 dicatur
1469 4883 1566 4937 per
1591 4868 1790 4922 Filium
1813 4882 1974 4935 esse,

402 4961 596 5015 Filium
645 4960 813 5015 habet
843 4975 1108 5025 causam;
1147 4961 1261 5029 ipse
1308 4959 1475 5014 etiam
1517 4975 1642 5015 esse
1691 4961 1790 5025 ait,
1827 4961 1974 5030 quod

403 5053 630 5106 verbum
677 5054 1022 5122 potissimum
1068 5053 1444 5107 exsistentiatn
1467 5061 1532 5129 ct_
1565 5051 1974 5108 subsistentiam

404 5145 694 5214 significat,
726 5157 782 5202 et
829 5161 950 5201 esse
989 5161 1054 5200 ex
1094 5147 1203 5215 Deo
1235 5161 1333 5215 per
1378 5145 1598 5210 Filium,
1625 5155 1799 5215 prout-
1825 5161 1978 5201 sacer

404 5235 738 5291 Athanasius
783 5235 943 5290 dixit.
977 5236 1093 5291 Nec
1121 5235 1289 5304 igitur
1323 5238 1392 5291 de
1413 5236 1604 5306 gratiis
1635 5252 1742 5290 non
1788 5236 1972 5291 subsi-

407 5327 681 5382 stentibus
701 5336 785 5382 est
825 5330 876 5383 ci
911 5329 1252 5398 propositum
1289 5329 1493 5393 dicere,
1518 5343 1618 5382 nec
1651 5338 1872 5398 propter
1891 5342 1974 5382 re-

410 5416 666 5470 lationem
722 5434 819 5486 per
855 5418 1053 5473 Filium
1101 5420 1308 5474 dictum
1355 5429 1469 5483 cst;
1510 5432 1612 5473 nec
1659 5419 1976 5488 praepositio

411 5519 502 5570 per
553 5507 696 5562 idem
756 5517 934 5578 potest
977 5511 1120 5581 quod
1166 5511 1476 5581 prznpositio
1504 5526 1641 5564 cum.
1675 5510 1806 5576 Qua:
1828 5511 1973 5566 enim

489 5684 551 5746 ‘l
585 5685 710 5739 Cor.
743 5703 802 5751 ιι,
840 5689 923 5740 l2.

2071 4425 2273 4470 etesse
2307 4425 2362 4468 et
2415 4413 2545 4476 dici,
2591 4413 2721 4481 quia
2752 4427 2816 4465 ex
2849 4425 2916 4466 eo
2964 4408 3236 4478 procedit.
3275 4408 3421 4462 ldcm
3471 4407 3643 4478 igitur

2075 4507 2456 4563 Occidentales
2489 4504 2744 4560 doctores
2788 4503 3118 4575 signiﬁcant.
3161 4517 3286 4558 cum
3338 4501 3529 4554 dicunt
3572 4515 3638 4554 ex

2077 4596 2213 4651 Filio
2253 4593 2519 4664 Spiritum
2571 4592 2889 4662 procedere,
2931 4591 3076 4660 quod
3117 4598 3338 4643 sanctus
3383 4587 3640 4652 Basilius,

2078 4702 2201 4739 cum
2235 4685 2393 4747 dicit,
2425 4697 2522 4752 per
2547 4683 2745 4736 Filium
2777 4696 2902 4735 cum
2933 4680 3386 4735 titanifestarifAt
3429 4680 3639 4742 dicere,

2078 4793 2142 4832 ex
2173 4777 2309 4830 Filio
2343 4790 2467 4828 cuin
2497 4772 2820 4843 procedere,
2856 4772 2997 4826 nihil
3027 4772 3172 4825 aliud
3196 4770 3489 4840 signiﬁcat,
3536 4769 3641 4823 nisi

2077 4868 2221 4937 quod
2248 4866 2417 4921 Filius
2459 4865 2624 4920 etiam
2667 4865 2927 4920 sitcausa
2970 4862 3230 4932 Spiritus.
3273 4863 3442 4932 Igitur
3467 4874 3522 4916 et
3551 4878 3646 4932 per

2077 4959 2278 5013 Filium
2317 4959 2503 5012 dicere
2553 4970 2682 5012 eum
2722 4953 3088 5019 manifestari,
3125 4955 3304 5024 palam
3349 4953 3645 5024 signiﬁcat,

2033 5113 2042 5124 γ
2079 5050 2279 5106 Filium
2331 5062 2556 5103 causam
2587 5061 2708 5102 esse
2752 5044 2991 5117 Spiritus
3015 5045 3218 5102 sancti.
3247 5043 3402 5111 Quod
3435 5045 3483 5099 si
3516 5045 3644 5106 hoc,

2079 5139 2226 5210 quod
2265 5139 2496 5194 dicimus
2526 5154 2624 5208 per
2668 5137 2865 5193 Filium
2909 5153 3033 5191 eum
3087 5135 3448 5200 manifestari,
3498 5135 3650 5190 dicat

2079 5231 2282 5301 aliquis
2305 5230 2636 5300 signiﬁcare,
2675 5228 2741 5283 ad
2770 5228 3082 5284 sensibilem
3111 5229 3260 5282 hunc
3281 5227 3504 5282 modum
3528 5227 3649 5297 ejus

2083 5323 2575 5378 tuanil'estationem
2630 5331 2684 5376 ct
2737 5322 3091 5387 temporalem
3149 5320 3487 5379 missionem.
3536 5333 3646 5373 non

2083 5423 2230 5469 recte
2255 5413 2422 5468 dicet.
2451 5413 2507 5467 Si
2543 5413 2690 5468 enim
2725 5413 2846 5467 ideo
2870 5411 3111 5483 Spiritus
3129 5419 3213 5466 est
3236 5410 3359 5465 Filii
3385 5409 3644 5479 Spiritus,

2084 5521 2186 5563 nec
2220 5504 2549 5560 aetcrualiter
2588 5517 2684 5561 nec
2720 5517 2941 5570 natura,
2993 5503 3087 5560 sed
3135 5501 3545 5567 accidentalitcr
3591 5509 3647 5554 et
