3990 6212
303 336 412 404 569

1272 332 1558 406 ORATIO
1590 341 2022 404 DOGMATICA
2058 343 2208 403 Pno
2253 341 2574 405 UNIONE.

3444 354 3548 414 570

304 454 491 517 ὲξὸτου
530 451 605 520 τῷ
637 451 830 520 κόσμῳ
862 450 992 504 αὐτὸ
1042 451 1380 519 ἐνεφάνισεν,
1412 452 1440 504 ὃ
1474 452 1662 521 πόρρω
1696 452 1876 520 πάσης
1907 455 1950 510 Α
1981 450 2089 517 ἄρα
2129 453 2446 521 περιφανῶς
2499 454 2559 505 τὸ
2611 452 2677 503 δι’
2731 454 2898 508 αὐτοῦ
2954 455 3255 527 πεφηνέναι
3303 458 3396 509 τοῦ
3450 460 3549 512 σὺν

309 546 532 609 μανῖας.
593 544 699 596 Τοῦ
757 543 866 612 γὰρ
921 542 1367 613 ἀποτελέσματος
1423 542 1874 614 προεπινοεῖσθαι

305 637 403 705 τὴν
434 637 615 689 αἰτίαν
659 635 902 702 ἀνάγκη,
933 635 1082 687 αίτία
1133 636 1188 687 δὲ
1233 635 1326 706 τοῦ
1374 637 1436 688 τὸ
1473 635 1690 704 Πνεῦμα
1737 633 1874 687 εἶναι

303 728 522 799 πνεῦμα
556 728 686 782 Υίοῦ
719 730 780 781 τὸ
829 729 898 782 δι’
932 727 1062 781 Υίοῦ
1095 730 1416 798 πεφηνέναι.
1455 729 1516 780 El
1563 724 1654 781 οὖν
1689 729 1873 790 άῖδὶως

304 822 399 872 καὶ
431 819 592 886 φύσει
637 819 694 870 τὸ
731 817 954 888 Πνεῦμα
1000 818 1128 871 Υίοῦ
1173 818 1408 887 πνεῦμα,
1459 820 1552 872 καὶ
1593 819 1776 880 άῖδῖως
1803 817 1872 869 δι’

305 910 439 962 Υίοῦ
481 911 689 978 πέφηνε
715 949 728 972 ,
763 909 824 960 τὸ
861 909 917 962 δὲ
953 909 1136 972 ἁῐδίως
1171 909 1237 962 δι’
1272 908 1437 963 αὑτοῦ
1471 911 1793 978 πεφηνέναι,
1824 908 1871 960 εί

306 1004 383 1070 μὴ
415 1002 474 1053 τὺ
499 1001 686 1064 άῑδίως
723 1001 791 1054 δι’
816 999 983 1058 αὑτοῦ
1015 1001 1414 1070 ἐκπορεύεσθαι
1447 1002 1542 1054 καὶ
1574 1000 1670 1071 τὴν
1699 1001 1873 1068 ῦπαρ-

306 1093 388 1158 ξιν
437 1093 583 1162 ἔχειν
618 1093 900 1162 σημαίνει,
943 1091 1134 1160 θαῦμα
1185 1091 1250 1144 ἂν
1295 1093 1400 1160 εἴη.
1443 1092 1605 1144 Ἀλλὰ
1656 1093 1750 1144 καὶ
1787 1092 1869 1156 τὸ,

304 1185 558 1254 καθάπερ
611 1188 707 1237 καὶ
758 1185 919 1250 Θεοῦ,
950 1183 1028 1252 τῷ
1067 1183 1211 1254 λόγῳ
1255 1185 1674 1253 προσκείμενον,
1728 1183 1872 1253 μέγα

303 1279 368 1346 τῇ
395 1277 641 1346 ἡμετέρᾳ
688 1275 948 1344 ἐξηγήσει
991 1274 1395 1344 συμϐάλλεταιο
1424 1274 1567 1328 οὕτω
1607 1279 1736 1345 γάρ,
1771 1292 1872 1344 φη-

306 1368 414 1431 σὶν,
451 1366 582 1418 Υξοῦ
618 1366 837 1434 λέγεται
869 1362 1082 1434 πνεῦμα
1107 1365 1356 1434 καθάπερ
1394 1368 1488 1418 καὶ
1515 1365 1673 1420 Θεοῦ.
1711 1365 1873 1419 Ἀλλὰ

303 1455 399 1509 τοῦ
435 1455 569 1509 Θεοῦ
599 1456 818 1523 λέγεται
852 1455 1096 1523 Πνεῦμα,
1128 1457 1204 1520 ὼς
1231 1458 1665 1526 ἐκπορευόμενον
1688 1457 1745 1521 ἐξ
1772 1459 1872 1510 αὐ·-

303 1547 426 1602 τοῦ.
463 1548 570 1600 Καὶ
616 1548 708 1600 τοῦ
745 1548 875 1600 Υίοῦ
907 1549 1014 1617 ἄρα
1061 1547 1280 1615 λέγεται
1310 1548 1555 1616 Πνεῦμα,
1591 1549 1667 1612 ὡς
1705 1549 1872 1601 ἐκπο-

307 1639 604 1709 ρευόμενον
650 1638 719 1692 δι’
772 1638 960 1701 αὑτοῦ,
1020 1641 1198 1693 είτουν
1242 1638 1307 1691 δι’
1364 1639 1530 1692 αὑτοῦ
1591 1639 1866 1710 πεφηνδς·

305 1737 510 1786 ταυτὸν
541 1735 646 1802 γὰρ
677 1734 962 1804 ἀμφότερα
990 1734 1283 1803 σημαίνειν
1315 1733 1710 1788 ἀποδέδεικται.
1759 1735 1868 1786 Ἐν-

259 1821 268 1828 ’
307 1823 488 1878 ταῦθα
520 1825 575 1877 δὲ
608 1825 700 1877 καὶ
732 1825 964 1894 μάλιστα
997 1825 1248 1894 φαίνεται
1281 1826 1554 1895 μηδεμίαν
1586 1825 1731 1895 ἔχειν
1756 1824 1865 1895 χώ-

308 1932 411 1985 ραν
467 1918 587 1970 ἀντὶ
660 1920 754 1986 τῆς
807 1917 960 1986 μετὰ
1013 1917 1534 1988 μεταλαμϐάνεσθαι
1584 1920 1684 1988 τὴν
1745 1916 1866 1971 διά.

307 2006 380 2059 Τὸ
412 2008 518 2076 γὰρ
557 2002 714 2073 εἶναι,
750 2009 906 2078 φησι,
940 2008 1167 2078 Πνεῦμα
1205 2008 1272 2061 δι’
1305 2008 1435 2062 Υἱοῦ
1477 2009 1706 2078 σημεῖόν
1753 2010 1869 2061 ἔστι

307 2097 401 2151 τοῦ
450 2097 520 2150 δι’
553 2098 722 2152 αὑτοῦ
760 2098 1084 2167 πεφηνέναι.
1123 2100 1185 2152 El
1211 2099 1344 2167 γοῦν
1387 2100 1450 2152 τὸ
1481 2101 1550 2152 δι’
1580 2100 1746 2154 αὐτοῦ
1776 2118 1872 2154 πε-

307 2189 536 2258 φηνέναι
570 2193 630 2243 τὸ
663 2191 784 2260 μετ’
830 2192 996 2244 αὑτοῦ
1033 2192 1336 2263 πεφηνέναι
1375 2195 1690 2263 ἐσήμαινεν,
1721 2193 1871 2246 οὐδὲν

305 2281 363 2335 δὲ
418 2281 620 2352 μᾶλλον
650 2283 789 2352 μετᾶ
836 2283 930 2336 τοῦ
965 2283 1096 2337 Υίοῦ
1152 2285 1214 2337 τὸ
1253 2284 1474 2353 Πνεῦμα
1518 2286 1552 2356 ἢ
1606 2288 1745 2356 μετὰ
1775 2286 1867 2339 τοῦ

308 2373 621 2439 Πνεῦματος
663 2379 908 2445 πέφηνεν
955 2379 982 2430 ὁ
1026 2377 1172 2442 Υἱὸς,
1229 2378 1335 2431 ἔδει
1379 2377 1444 2430 ἂν
1477 2379 1700 2432 καὶτοῦ
1732 2381 1870 2448 μετά

303 2463 400 2517 τοῦ
429 2465 748 2535 Πνεῦματος
777 2467 869 2520 τὸν
923 2469 1044 2521 Υἱὺν
1083 2468 1376 2539 πεφηνέναι
1423 2471 1646 2539 σημεῖον
1685 2469 1871 2539 ἕτερον

303 2553 465 2623 εἶναι,
503 2557 562 2611 τὸ
589 2559 680 2611 τὸν
711 2558 838 2612 Υίδν
878 2559 974 2613 τοῦ
1025 2562 1345 2632 Πνεῦματος
1394 2560 1669 2628 λέγεσθαι.
1711 2562 1870 2616 Ἀλλὰ

303 2647 467 2701 τοῦτο
490 2647 550 2700 οὐ
582 2648 805 2717 λέγεται
829 2666 843 2680 °
882 2652 983 2703 οὐκ
1009 2651 1115 2722 ἄρα
1157 2652 1276 2705 οὐδὲ
1309 2652 1448 2721 μετὰ
1477 2652 1570 2706 τοῦ
1611 2653 1871 2723 Πνεῦμα·

303 2756 397 2802 τος
429 2741 456 2792 ὁ
483 2739 610 2817 Υἱὸς
667 2743 933 2810 πέφηνεν.
979 2742 1138 2796 Ἀλλὰ
1183 2742 1344 2796 τοῦτο
1393 2744 1486 2798 καὶ
1536 2744 1732 2814 ψεῦδος
1775 2746 1873 2798 καὶ

303 2833 629 2904 βλάσφημον
650 2849 665 2864 ⁸
699 2835 910 2906 πέφηνε
939 2835 1048 2907 γὰρ
1082 2837 1179 2889 σὺν
1217 2839 1294 2907 τῷ
1327 2839 1605 2910 Πνεῦματι
1633 2843 1724 2893 καὶ
1754 2840 1870 2911 ἅμα

300 2926 384 2995 τῷ
419 2926 716 2994 Πνεὺματι,
747 2927 818 2980 δι’
837 2927 1003 2981 αὐτοῦ
1035 2928 1091 2981 δὲ
1127 2929 1272 3000 ὅμως
1297 2931 1356 2982 οὐ
1381 2931 1622 3002 πέφηνεν
1645 2948 1657 2964 ·
1686 2931 1872 3001 ἕτερον

301 3079 687 3148 temporaliter
720 3079 869 3134 illum
919 3081 1104 3145 habet,
1149 3098 1216 3136 es
1263 3098 1371 3154 quo
1417 3085 1624 3141 scilicet
1671 3089 1873 3140 mundo

300 3170 466 3223 illum
500 3169 875 3225 manifestavit
905 3172 1092 3242 :quod
1135 3172 1362 3244 impium
1386 3185 1468 3229 est
1499 3177 1662 3231 etiam
1714 3181 1865 3248 engi-

299 3272 443 3316 tare.
504 3261 742 3316 Effectus
787 3262 936 3317 enim
979 3272 1036 3317 ut
1068 3276 1450 3334 praesupponat
1506 3282 1726 3322 causam
1778 3287 1870 3343 pe-

294 3369 456 3410 cesse
489 3363 592 3410 est.
627 3355 780 3421 Quod
821 3365 1004 3410 autem
1055 3373 1152 3427 per
1186 3358 1380 3413 Filium
1420 3358 1653 3428 Spiritus
1698 3364 1870 3416 mani-

295 3448 561 3511 festetur,
600 3447 700 3500 hoc
731 3456 814 3502 est
847 3462 1033 3514 causa,
1066 3458 1125 3502 ut
1149 3448 1386 3519 Spiritus
1416 3453 1485 3506 sit
1509 3453 1746 3522 Spiritus
1787 3456 1870 3510 Fi-

294 3539 381 3592 lii.
429 3537 484 3593 Si
517 3540 682 3611 igitur
729 3541 984 3605 eﬂectus,
1035 3543 1291 3612 videlicet
1328 3547 1481 3614 .quod
1526 3546 1764 3614 Spiritus
1802 3551 1870 3602 sit

294 3630 545 3700 Spiritus
587 3631 727 3695 Filii,
755 3633 1088 3686 aeternalitcr
1117 3634 1282 3688 etiam
1321 3645 1426 3700 est,
1484 3638 1654 3691 multo
1701 3642 1872 3708 magis

293 3733 353 3778 et
375 3737 565 3785 causa,
599 3723 849 3778 videlicet
874 3722 1019 3793 quod
1054 3737 1149 3793 per
1183 3740 1307 3800 eum
1342 3727 1724 3783 manilestatus
1757 3729 1873 3783 fue-

294 3815 393 3879 rit,
431 3823 634 3868 aeterna
663 3823 714 3869 et
739 3817 1000 3869 naturalis
1034 3817 1101 3871 sit
1134 3832 1360 3872 necesse
1393 3828 1478 3870 cst
1511 3819 1872 3872 :mlet‘ualfter

292 3915 486 3961 autem
519 3920 618 3974 per
650 3920 776 3960 eum
805 3908 1170 3980 manifestari,
1207 3908 1337 3978 quid
1365 3909 1539 3973 aliud,
1576 3909 1679 3965 nisi
1719 3911 1867 3980 quod

291 4001 631 4056 aeternaliter
663 4003 730 4055 al)
757 4015 824 4054 eo
865 4001 1129 4069 procedit,
1162 4000 1476 4071 signiﬁcat?
1507 4002 1644 4056 lllud
1704 4006 1868 4060 etiam

293 4091 451 4162 quod
470 4090 713 4156 additur,
755 4091 1230 4159 Quemadmodum
1263 4102 1318 4146 et
1339 4092 1461 4157 Dei,
1497 4105 1736 4147 nostram
1775 4110 1871 4148 ex-

295 4180 634 4250 positionem
665 4181 1011 4235 corroborat.
1041 4179 1117 4233 lta
1150 4180 1318 4243 enim,
1355 4179 1452 4242 ait,
1477 4177 1678 4231 dicitur
1703 4178 1873 4248 Spiri-

296 4281 391 4327 tus
426 4272 574 4338 Filii,
611 4273 1067 4341 quemadmodum
1095 4281 1150 4325 et
1183 4269 1294 4323 Dei.
1319 4267 1496 4322 Αιῡεί
1528 4269 1728 4322 dicitur
1755 4270 1876 4339 Spi-

298 4366 468 4430 ritus,
507 4373 767 4432 tanquam
795 4378 862 4418 ex
897 4379 965 4417 eo
997 4362 1342 4433 procedens;
1381 4361 1548 4431 igitur
1575 4361 1740 4414 c:iam
1786 4361 1876 4414 Fi-

293 4455 355 4509 lii
396 4453 602 4507 dicitur
626 4453 889 4522 Spiritus,
927 4463 1184 4523 tanquam
1210 4468 1273 4505 ex
1299 4467 1364 4506 eo
1398 4451 1727 4522 procedens,
1760 4452 1872 4506 sive
1906 4471 1951 4528 ῃ
1977 4471 2127 4518 νυιιι,
2175 4453 2636 4523 quemadmodum
2683 4464 2740 4508 et
2785 4454 2874 4507 illa
2917 4471 2931 4506 :

293 4563 399 4618 per
420 4560 549 4599 eum
587 4548 990 4600 manifestatus.
1015 4545 1163 4598 Idem
1191 4545 1334 4598 enim
1366 4543 1526 4597 ambo
1564 4545 1870 4614 significare

294 4639 599 4708 probatura
641 4646 747 4692 cst.
803 4637 903 4693 llic
951 4647 1131 4691 autem
1191 4635 1537 4705 petissimum
1599 4645 1863 4702 apparet,

293 4732 454 4782 nullo
509 4728 670 4783 modo
699 4728 1141 4799 praepositionem
1174 4738 1268 4796 per
1294 4727 1497 4780 debere
1543 4728 1719 4796 accipi
1768 4742 1867 4796 pro

290 4839 436 4876 cum.
473 4819 628 4886 Quod
663 4820 808 4875 enim
858 4817 918 4873 ﬁt
946 4813 1346 4886 FiliiSpiritus,
1381 4816 1596 4885 signum
1637 4827 1744 4882 est,
1788 4816 1867 4869 in-

290 4916 441 4987 quit,
471 4914 618 4984 quod
645 4929 741 4984 per
778 4929 904 4968 eum
940 4911 1324 4966 manifeStatus
1363 4911 1454 4962 sit.
1491 4908 1544 4963 Si
1583 4909 1749 4978 igitur
1773 4924 1872 4978 per

290 5022 425 5062 eum
461 5004 818 5070 manifestari,
866 5005 1006 5058 idem
1050 5017 1214 5072 atque
1245 5017 1368 5056 cum
1394 5017 1457 5055 eo
1504 5001 1868 5064 manifestari,

295 5097 663 5168 significaret,
681 5111 806 5151 cum
832 5095 908 5149 nil
932 5095 1254 5148 minuscum
1284 5093 1420 5146 Filio
1448 5079 1686 5162 Spiritus
1708 5107 1868 5161 quam

296 5204 428 5243 cum
474 5187 682 5258 Spiritu
713 5187 887 5241 Filius
921 5188 1304 5240 manifestatus
1345 5187 1441 5247 sit,
1484 5193 1763 5254 oporteret
1814 5195 1872 5239 ut

291 5277 466 5332 etiam
508 5276 678 5331 Filius
715 5276 958 5346 Spiritus
1010 5275 1310 5338 diceretur,
1359 5273 1416 5326 in
1457 5272 1675 5341 signum
1724 5272 1870 5343 quod

301 5382 432 5421 cum
485 5366 692 5436 Spiritu
743 5366 914 5420 Filius
965 5363 1350 5419 manifestatus
1388 5361 1480 5416 sit.
1515 5364 1584 5418 At
1623 5366 1727 5418 hoc
1758 5377 1870 5419 non

293 5459 528 5525 dicitur,
572 5459 740 5530 igitur
770 5473 873 5513 nec
895 5472 1020 5513 cum
1051 5455 1257 5525 Spiritu
1287 5453 1459 5509 Filius
1489 5456 1870 5512 manifestatus

291 5561 402 5606 est.
433 5549 541 5606 Sed
579 5553 679 5605 hoc
706 5549 1051 5605 mendacium
1081 5557 1135 5603 et
1154 5547 1380 5617 impium
1403 5557 1484 5600 est
1511 5547 1723 5614 dicere;
1755 5565 1868 5604 ma-

295 5642 593 5697 nilestatus
634 5655 716 5699 est
749 5645 894 5698 enim
928 5656 1053 5697 cum
1106 5638 1335 5710 Spiritu,
1386 5654 1495 5693 non
1542 5648 1721 5695 tamen
1771 5657 1867 5711 per

376 5761 584 5830 'Zach.
652 5776 722 5830 tv,
773 5757 828 5813 ἓ.

1981 542 2129 611 αὐτῷ
2165 543 2198 615 ἢ
2235 547 2352 612 μετ’
2377 544 2545 597 αὑτοῦ
2587 547 2905 614 πεφηνέναι.
2948 547 3111 600 Ἀλλὰ
3137 548 3327 614 φησίνο
3361 551 3434 600 Οὐ
3468 551 3551 601 λέ-

1979 651 2134 701 γεται
2167 634 2262 687 τοῦ
2311 636 2629 704 Πνεῦματος
2661 637 2686 687 ὁ
2724 635 2868 698 Υἱὸς.
2913 637 3000 689 ἵνα
3043 637 3118 706 μὴ
3155 639 3342 708 Πατὴρ
3381 640 3548 692 αὑτοῦ

1977 724 2101 794 δόξῃ
2132 725 2194 776 τὸ
2247 726 2470 794 Πνεῦμα
2504 727 2564 778 τὺ
2618 727 2792 793 ἅγιον.
2838 728 3200 797 Ἀναφορικὸν
3242 733 3350 799 γὰρ
3380 732 3550 798 ὄνομα

1976 814 2280 882 ὣνὸυῶς,
2340 817 2654 872 ἀποδίδοται
2710 819 2845 888 πρὸς
2889 821 3124 889 πατέρα.
3174 821 3334 873 Ὥστε
3390 826 3548 891 εἰμὴ

1976 906 2137 960 τοῦτο
2167 908 2448 962 ὑπενοεῖτο
2478 910 2538 962 τὸ
2572 911 2794 973 ἄτοπον,
2829 913 2924 963 καὶ
2953 914 2979 963 ὁ
3003 911 3126 974 Υἱὸς
3153 911 3218 964 ἂν
3254 913 3348 965 τοῦ
3379 915 3548 965 Πνεῦ-

1979 1014 2148 1066 ματος
2186 998 2522 1068 ὠνομάζετο,
2551 1000 2639 1053 διὰ
2671 1001 2730 1053 τὸ
2762 1003 2858 1054 σὺν
2893 1002 2968 1071 τῷ
2995 1002 3272 1072 Πνεύματι
3307 1009 3398 1056 καὶ
3430 1005 3550 1074 ἅμα

1976 1086 2128 1156 αὐτῷ
2161 1089 2446 1157 προελθεῖν
2476 1091 2539 1142 ὲκ
2575 1091 2806 1160 Πατρζς.
2844 1091 3003 1154 Ἀλλ’,
3038 1086 3082 1146 ὧ
3121 1092 3410 1162 βέλτιστοι,
3450 1096 3551 1151 καὶ

1974 1179 2036 1231 τὸ
2086 1180 2312 1248 Πνεῦμα
2367 1183 2704 1252 ἀναφορικόν
2757 1177 2904 1235 ἐστιν
2933 1184 3126 1251 δνομα,
3175 1186 3266 1236 καὶ
3297 1187 3433 1254 πρὶς
3459 1187 3549 1239 τὶν

1947 1271 2213 1324 ’πνέοντα
2266 1272 2576 1327 ἀποδίδοται
2635 1275 2692 1340 ἐξ
2751 1274 3019 1346 ἀνάγκηςς
3081 1276 3176 1329 καὶ
3224 1277 3284 1329 εὖ
3336 1277 3549 1344 λέγεται

1974 1363 2219 1432 πνεῦμα,
2235 1364 2294 1428 ἐξ
2317 1365 2524 1418 ἐκείνου
2545 1365 2761 1429 πάντως
2779 1368 2872 1420 καὶ
2895 1370 3126 1421 πνεῖται.
3153 1367 3274 1419 Ὅτι
3295 1369 3404 1436 γὰρ
3421 1371 3550 1420 ἀνα-

1975 1456 2181 1525 φορικὰ
2208 1456 2277 1508 τά
2317 1457 2654 1510 ὐποστιτκὰ
2682 1459 2924 1528 ὀνόματα
2952 1461 3047 1530 τῆς
3096 1461 3346 1531 Τριάδος,
3377 1462 3548 1524 οἰδεὶς

1973 1547 2208 1614 ἀντερεῖ.
2249 1546 2643 1600 ’Υποστατικδν
2699 1549 2752 1600 δὲ
2800 1550 2890 1602 τοῦ
2929 1551 3236 1621 πνεύματος
3261 1551 3450 1620 ’ὄνομα
3489 1556 3549 1605 τὸ

1973 1636 2195 1706 Πνεῦμα
2216 1638 2276 1690 τὸ
2297 1639 2452 1705 ἅγιον
2475 1639 2713 1706 λέγεται,
2732 1641 2918 1708 ὥσπερ
2939 1643 3033 1696 καὶ
3047 1642 3140 1695 τοῦ
3162 1643 3366 1712 πατρὸς
3385 1647 3414 1696 ὁ
3434 1647 3544 1698 Πα-

1973 1729 2098 1799 τὴρ,
2121 1731 2211 1782 καὶ
2232 1733 2259 1784 ὁ
2283 1731 2406 1793 Υἱὸς
2429 1734 2523 1784 τοῦ
2549 1733 2664 1786 υίοῦ
2691 1749 2704 1761 ·
2726 1735 2819 1785 καὶ
2841 1735 3171 1805 ἀναφορικδν
3190 1736 3247 1798 ἐξ
3275 1734 3543 1808 ἀνάγκης,

1923 1819 1940 1848 ⁵
1970 1819 2158 1892 ὥσπερ
2189 1819 2480 1877 καὶταῦτα
2501 1839 2514 1854 ⁸
2551 1827 2711 1894 εἴπερ
2749 1825 2904 1878 οὐσία
2944 1827 3045 1896 μὲν
3090 1827 3192 1881 οῦκ
3236 1831 3393 1895 εἰσιν,
3417 1830 3546 1883 ἄλλο

1971 1912 2026 1964 δὲ
2081 1915 2233 1982 παρὰ
2275 1916 2372 1978 τὰς
2421 1917 2700 1986 ἀναφορὰς
2732 1934 2788 1969 τε
2842 1918 2938 1970 καὶ
2971 1918 3067 1987 τὴν
3117 1918 3303 1972 οὐσίαν
3337 1925 3393 1973 ἐν
3430 1925 3544 1984 τοῖς

1970 2003 2136 2065 θείοις
2162 2006 2262 2057 οὐκ
2293 2004 2463 2058 ἔστιν.
2490 2007 2699 2075 Ὥσπερ
2731 2008 2823 2061 οὖν
2855 2010 2946 2063 τὸν
2969 2011 3116 2076 Υίὸν,
3144 2012 3231 2064 διὰ
3255 2013 3318 2064 τὸ
3346 2017 3545 2082 ἀναφο-

1971 2097 2124 2162 puth
2153 2097 2325 2166 δνομα
2356 2092 2497 2152 εἶναι
2521 2100 2874 2154 ἀποδίδοσθαι
2905 2103 3041 2173 πρὸς
3094 2105 3334 2174 Πατέρα,
3365 2105 3544 2160 δεδίαο

1973 2203 2070 2256 μεν
2101 2188 2212 2240 νίὸν
2263 2189 2355 2242 τοῦ
2393 2190 2711 2261 Πνεύματος
2744 2193 2950 2261 λέγειν,
2989 2194 3074 2249 ἵνα
3107 2195 3183 2266 μὴ
3215 2197 3398 2267 πατὴρ
3445 2197 3543 2249 αὐ-

1969 2281 2060 2333 τοῦ
2108 2282 2376 2352 νομισθῇ·
2411 2283 2553 2337 οὕτω
2615 2286 2708 2339 καὶ
2773 2287 2831 2338 ea
2895 2285 3150 2355 πνεῦμα,
3208 2288 3544 2357 ἀναφορικὶν

1969 2373 2141 2443 ὄνομα
2175 2373 2254 2437 ὃν,
2289 2375 2383 2427 καὶ
2421 2376 2636 2438 πάντως
2691 2377 3076 2445 ἀποδιδόμενον
3113 2379 3251 2446 πρὶς
3280 2379 3368 2430 τὸν
3414 2382 3543 2431 πνέ-

1970 2483 2119 2530 ονται,
2158 2466 2215 2530 ἐξ
2271 2467 2483 2520 ἐκείνου
2535 2469 2628 2519 καὶ
2676 2470 2910 2527 πνεῖται,
2945 2462 3005 2519 οὗ
3057 2468 3279 2535 Πνεῦμα
3323 2469 3540 2536 λέγεται

1973 2553 2131 2613 εἶναι.
2170 2558 2258 2621 Ὣς
2291 2559 2356 2611 ἃν
2389 2558 2445 2610 δὲ
2477 2558 2721 2628 μηδεμία
2751 2562 2863 2621 τοῖς
2893 2559 3076 2625 λόγοις
3107 2558 3316 2622 τούτοις
3363 2579 3538 2612 κατα.

1971 2650 2213 2704 λείποιτο
2256 2648 2549 2721 πρόφασις,
2608 2652 2700 2704 καὶ
2751 2651 2944 2721 φανείη
2998 2637 3333 2722 σαφέστερον
3362 2654 3544 2706 αίτίαν

1976 2741 2317 2808 σημαίνουσα
2364 2742 2397 2808 ἡ
2455 2741 2573 2802 διὰ,
2625 2742 2873 2811 Μάξιμος
2932 2745 2959 2794 ὁ
3015 2743 3157 2805 θεῖος
3211 2744 3443 2813 παρίτω,
3487 2747 3545 2795 ὲν

1974 2827 2050 2894 οἷς
2084 2831 2398 2900 ἑρμηνεύει,
2432 2831 2483 2883 τί
2515 2831 2650 2899 δῆτα
2685 2830 2933 2900 βούλεται
2973 2830 3049 2900 τῷ
3079 2833 3337 2904 προφήτῃ
3373 2833 3546 2901 Ζαχπά

1978 2925 2067 2996 ρίᾳ
2100 2925 2132 2992 ὴ
2167 2923 2364 2992 χρυσῆ
2395 2923 2642 2992 λυχνία,
2673 2923 2770 2977 καὶ
2809 2923 2874 2976 τὸ
2897 2922 2988 2975 ἐπ’
3019 2923 3175 2990 αὐτῇ
3201 2923 3546 2992 λαμπάδων

1977 3082 2264 3154 Spiritum.
2318 3084 2437 3150 Quo
2491 3083 2569 3146 fit,
2605 3092 2662 3136 ut
2695 3080 2843 3135 aliud
2879 3079 2968 3141 sit,
3012 3096 3106 3149 per
3151 3095 3274 3135 cum
3322 3081 3550 3134 manife-v

1931 3173 1944 3192 ⁸
1976 3176 2130 3239 stari,
2158 3187 2213 3230 et
2256 3176 2425 3241 aliud,
2456 3174 2598 3245 quod
2633 3189 2755 3228 cum
2789 3190 2852 3226 eo
2894 3173 3293 3228 manil‘eStctur.
3329 3175 3434 3228 Sed
3465 3175 3548 3227 di-

1972 3279 2056 3323 εει
2089 3269 2286 3338 aliquis
2328 3268 2499 3321 ξιιμ-ο
2548 3267 2722 3320 Filius
2782 3282 2888 3318 non
2936 3266 3139 3320 dicitur
3171 3267 3430 3336 Spiritus,
3473 3284 3548 3322 ne

1975 3362 2134 3415 Pater
2165 3359 2284 3429 ejus
2330 3358 2579 3413 videatur
2619 3372 2740 3410 csse
2785 3354 3023 3423 Spiritus
3074 3368 3333 3422 sanctus;
3379 3359 3548 3412 Filius

1971 3452 2140 3514 enim,
2194 3463 2318 3503 cum
2372 3464 2572 3502 nomen
2606 3449 2678 3502 sit
2723 3447 3031 3508 relativum,
3078 3446 3314 3500 refertur
3346 3448 3413 3502 ad
3451 3450 3548 3502 Pa.

1977 3551 2132 3594 trem.
2165 3538 2369 3605 Quare,
2409 3538 2455 3594 si
2496 3553 2604 3592 non
2656 3539 2941 3593 timeretur
2988 3538 3091 3594 hoc
3126 3538 3544 3600 inconveniens,

1977 3633 2144 3688 Filius
2175 3633 2342 3687 etiam
2375 3632 2618 3702 Spiritus
2650 3631 2952 3696 diceretur,
2983 3647 3050 3686 eo
3079 3632 3227 3701 quod
3259 3648 3385 3687 cum
3420 3632 3545 3702 Spi-

1977 3725 2103 3790 ritu,
2137 3732 2190 3778 ει
2214 3723 2381 3778 simul
2411 3738 2536 3777 cum
2583 3721 2790 3792 Spiritu
2837 3723 3224 3794 progrediatur
3258 3740 3322 3779 ex
3363 3725 3546 3781 Patre.

1974 3816 2062 3878 At,
2091 3830 2124 3868 ο
2152 3815 2238 3868 vir
2262 3798 2502 3883 'optimc,
2534 3814 2773 3883 Spiritus
2790 3831 3008 3885 quoque
3039 3816 3323 3870 relativum
3347 3832 3545 3871 nomen

1974 3915 2079 3971 est,
2103 3916 2159 3960 et
2191 3906 2258 3960 ad
2291 3906 2590 3975 spirantem
2626 3905 2902 3959 refertur:
2933 3915 2989 3960 et
3021 3907 3180 3976 cujus
3206 3906 3408 3962 dicitur
3427 3907 3546 3974 Spi-

1976 3997 2149 4056 ritus.
2189 3995 2257 4049 ab
2289 3996 2382 4048 illo
2436 3993 2603 4048 etiam
2664 3993 2927 4062 spiratur.
2954 3993 3109 4060 Quod
3154 3996 3302 4051 enim
3360 4015 3547 4069 perso-

1976 4089 2118 4142 nalia
2149 4087 2369 4140 nomina
2393 4086 2682 4140 Trinitatis
2709 4085 2936 4140 relativa
2956 4088 3286 4150 sint,nullus
3305 4091 3541 4160 ignorat.

1976 4178 2267 4233 Personale
2296 4193 2428 4232 vero
2461 4193 2658 4232 nomen
2690 4177 2928 4246 Spiritus
2956 4191 3102 4242 esse,
3134 4179 3281 4249 quod
3311 4191 3536 4234 sanctus

1977 4271 2218 4340 Spiiitus
2261 4270 2502 4331 dicatur,
2541 4285 2704 4324 nemo
2738 4269 3040 4332 inllciatur,
3076 4271 3542 4339 quemadmodum

1975 4363 2155 4417 Patris
2191 4371 2368 4430 pater,
2411 4370 2465 4415 et
2514 4361 2634 4414 Filii
2672 4361 2852 4425 filius;
2891 4370 2946 4416 ct
2992 4362 3306 4418 necessario
3352 4363 3542 4416 relati-

2988 4454 3256 4522 siquidetn
3303 4455 3546 4508 essentia

1978 4561 2084 4600 non
2118 4554 2267 4612 sunt,
2318 4561 2418 4599 nec
2463 4547 2610 4599 aliud
2647 4555 2730 4600 est
2779 4544 2835 4599 in
2880 4543 3089 4599 divinis
3124 4557 3324 4614 praeter
3358 4561 3545 4600 essen-

1977 4637 2105 4691 tiam
2153 4647 2210 4691 et
2261 4637 2578 4691 relationes.
2625 4637 3096 4702 Quemadmodum
3131 4637 3295 4705 igitur
3322 4636 3541 4701 Filium,

1973 4745 2099 4785 cum
2135 4731 2206 4783 sit
2235 4743 2434 4781 nomen
2469 4727 2780 4791 relativum,
2816 4735 2871 4780 et
2905 4727 3175 4780 referatur
3197 4725 3263 4780 ad
3304 4725 3538 4787 Patrem,

1977 4832 2236 4874 veremur
2281 4817 2451 4870 filium
2487 4815 2728 4885 Spiritus
2771 4815 2978 4880 dicere,
3010 4831 3081 4870 ne
3122 4814 3362 4883 Spiritus
3388 4824 3542 4883 pater

1975 4911 2094 4980 ejus
2123 4917 2440 4979 putaretur;
2469 4907 2544 4961 ita
2575 4915 2633 4961 et
2663 4905 2927 4976 Spiritus,
2960 4921 3082 4961 cum
3120 4905 3192 4961 sit
3227 4919 3426 4959 nomen
3455 4921 3543 4959 rc-

1977 5001 2210 5056 lativum
2257 5010 2315 5054 et
2353 4998 2665 5053 necessario
2700 4997 2768 5052 ad
2811 4998 3112 5066 spirantem
3143 4997 3438 5062 referatur,
3474 4997 3545 5049 ab

1978 5107 2045 5147 eo
2094 5093 2261 5146 etiam
2294 5091 2555 5160 Spiratur,
2591 5090 2750 5159 cujus
2779 5089 2980 5144 dicitur
3015 5088 3252 5156 Spiritus
3298 5103 3438 5143 esse.
3476 5089 3544 5144 Ut

1979 5198 2106 5238 vero
2137 5183 2286 5237 nulla
2319 5183 2573 5250 cuiquam
2625 5180 2905 5234 excusatio
2947 5179 3308 5248 relinquatur,
3348 5188 3404 5233 et
3434 5181 3539 5234 cla-

1975 5275 2090 5329 rius
2120 5282 2384 5344 appareat
2419 5269 2732 5342 praapositio
2783 5287 2896 5340 per,
2934 5269 3248 5341 significans
3295 5285 3539 5330 causam,

1973 5373 2198 5420 sanctus
2228 5363 2496 5418 Maximus
2531 5363 2588 5416 in
2616 5361 2858 5417 medium
2891 5361 3083 5426 adeat;
3118 5362 3233 5431 qui,
3265 5377 3546 5431 exponens

1973 5456 2106 5526 quid
2139 5457 2269 5512 velit
2308 5456 2439 5510 illud
2477 5455 2754 5510 Zacharia:
2805 5455 3090 5524 propheta:
3123 5472 3137 5509 :
3175 5455 3352 5509 Aurea
3405 5454 3542 5508 lam-

1975 5564 2094 5616 pas,
2130 5558 2178 5602 et
2206 5553 2346 5618 quod
2373 5565 2538 5616 supra
2566 5563 2682 5600 eam
2718 5547 2761 5612 ¹,
2797 5550 2874 5601 sic
2903 5545 3037 5601 dicit
3069 5563 3082 5600 :
3119 5545 3357 5616 Spiritus
3394 5548 3541 5602 enim

1969 5650 2212 5708 sanctus,
2246 5639 2708 5710 quemadmodum
2759 5649 2951 5693 natura
3001 5639 3304 5695 secundum
3352 5651 3544 5693 essen-
