3990 6212
367 339 470 402 5Ἱ3

1298 337 1586 402 ORATIO
1635 339 2083 402 DOGMATICA
2128 333 2276 402 PRO
2315 335 2626 402 UNlONE.

3519 339 3623 400 57i

365 475 454 514 ναι
479 454 792 524 τᾲΠνεῦμα
828 453 1168 525 διακρίνεται
1194 455 1289 510 τοῦ
1319 458 1451 512 Υἰοῦ
1477 478 1488 489 ·
1526 461 1698 514 ἑνοίτο
1739 462 1848 534 γάρ
1877 462 1942 517 ἂν
1973 466 2015 522 Α
2048 460 2106 513 τὸ
2149 461 2244 530 μὲν
2268 459 2597 528 πεφηνέναι,
2629 457 2729 527 τὴν
2757 455 2812 509 δὲ
2848 455 3173 525 ὑποστῆναι,
3199 449 3407 520 δεδιὼς,
3437 459 3509 526 μή
3539 471 3623 519 τις

361 553 506 606 οὕτω
531 549 755 620 μᾶλλον,
778 548 839 599 οὑ
873 547 1204 619 διακρίνοιτο
1226 568 1239 580 ·
1274 552 1365 603 καὶ
1399 552 1726 607 συνάπτοιτο
1757 556 1940 618 πλέον,

362 647 394 711 ἢ
429 645 711 713 διαιροῖ-ιο.
742 642 819 694 Οὐ
870 642 978 711 μὴν
1012 642 1132 695 οὑδὲ
1164 643 1292 712 περὶ
1317 647 1676 714 χαρισμάτων
1708 634 1944 702 ἐνταῦθα

363 737 630 804 διανομῆς
673 735 702 786 ό
751 732 909 800 λόγος
956 732 1131 802 αὑτῷ,
1169 733 1306 786 ἀλλά
1338 735 1468 804 περὶ
1517 738 1616 804 τῆς
1641 737 1753 789 τῶν
1784 737 1944 790 θείων

366 828 724 882 ὑποστάσεων
749 826 1100 895 διακρίσεως.
1138 825 1276 901 υῦτε
1303 827 1359 879 δέ
1397 843 1481 890 τις
1512 830 1688 880 εἰπεῖν
1709 829 1820 898 ἔχει
1846 831 1945 898 τὴν

364 923 446 984 είς
480 920 574 972 τὸν
600 920 806 986 κόσμον
835 917 922 970 διά
949 915 1045 969 τοῦ
1071 915 1200 969 Υίοῦ
1234 917 1543 985 φανέρωσιν
1572 914 1664 970 τοῦ
1692 919 1943 984 Πνεῦμα-

362 1030 453 1074 τος
482 1010 578 1064 τοῦ
600 1009 760 1077 ἀγίου
783 1007 872 1060 διὰ
893 1007 1088 1060 τούτου
1113 1007 1207 1059 τοῦ
1221 1007 1380 1075 λόγου
1400 1008 1716 1079 δηλοῦσθαι.
1741 1010 1942 1079 Πρῶτα

367 1107 467 1174 μὲν
497 1105 606 1173 γὰρ
636 1103 766 1172 περὶ
799 1103 1133 1172 διακρίσεως
1155 1102 1308 1165 δντος
1346 1103 1440 1156 τοῦ
1474 1103 1633 1170 λόγου
1662 1102 1774 1157 τῶν
1799 1088 1943 1157 ’ὑποσ

366 1199 638 1260 στάσεων,
672 1195 768 1248 καὶ
795 1193 912 1256 πῶς
943 1194 1010 1246 ἀν
1042 1193 1144 1263 τὴν
1173 1195 1431 1262 χρονικὴν
1462 1194 1670 1266 ταύτην
1698 1177 1943 1266 φανέρω-

365 1311 452 1344 σιν
484 1292 660 1346 ἀϊδίου
712 1288 860 1351 τινὲς
891 1287 1224 1358 πράγματος
1256 1278 1430 1340 αἴτιον
1456 1290 1721 1352 ὲποιεῖτος
1755 1290 1944 1352 ἀϊδίως

365 1387 479 1455 γὰρ
505 1382 755 1452 ἀλλήλων
781 1381 808 1433 δ
840 1379 968 1442 Υἱὸς
997 1382 1094 1434 καὶ
1140 1380 1202 1432 τὸ
1232 1378 1461 1450 Πνεῦμα
1491 1382 1600 1444 τοῖς
1657 1398 1943 1450 προσωπι-

365 1479 482 1538 κοῖς
513 1476 884 1545 διακρίνοντχι
925 1472 1183 1542 ίδιώμασι
1207 1487 1222 1501 ⁸
1257 1473 1354 1524 καὶ⁵
1379 1472 1441 1524 οὑ
1468 1473 1642 1542 δήπου
1682 1473 1814 1544 πρὶν
1838 1474 1944 1526 ὑπὸ

367 1568 464 1622 τοῦ
499 1567 628 1624 Υίοῦ
660 1564 1048 1635 φανερωθῆναι
1078 1565 1144 1636 τῇ
1173 1564 1348 1617 κτίσει
1395 1565 1457 1618 τὸ
1501 1564 1750 1635 Πνεῦμα,
1779 1565 1943 1629 ἀλλή-

366 1660 481 1713 λων
508 1659 569 1712 οὑ
598 1658 926 1726 διεκρίνοντο
947 1671 962 1687 ·
1005 1655 1165 1709 τοῦτο
1218 1656 1326 1726 γάρ
1351 1656 1701 1710 ἀτοπώτατον
1738 1657 1940 1725 λέγειν.

372 1753 610 1804 Ἔπειτα
632 1749 740 1802 τῶν
771 1750 847 1809 ei;
875 1746 974 1818 τὴν
998 1746 1176 1801 κτίσιν
1199 1746 1376 1816 ἔργων
1392 1748 1492 1817 τῆς
1522 1749 1750 1818 Τριάδος
1768 1749 1942 1802 ὄντων

369 1844 593 1902 κοινῶν,
623 1843 681 1893 οὑ
713 1840 800 1894 δ.ἀ
856 1841 951 1893 τοῦ
993 1839 1124 1892 Υίοῦ
1158 1838 1361 1908 μᾶλλον
1399 1839 1432 1910 ἦ
1485 1838 1552 1891 δι’
1583 1840 1778 1893 ἑαυτοῦ
1809 1841 1943 1909 ἐφα-

366 1933 580 2006 νερώθη
609 1933 671 1986 τὸ
727 1931 952 2001 Πνεῦμα
982 1930 1042 1983 τδ
1095 1931 1290 1998 ἅγιον·
1327 1929 1466 2004 ἀλλά
1502 1932 1595 1984 καὶ
1654 1932 1820 1984 αὐτὸν
1849 1932 1942 1986 τὸν

367 2032 497 2083 Υἱὸν
527 2027 751 2093 ἐδόξασέ
776 2043 835 2078 τε
863 2025 961 2078 καὶ⁸
994 2025 1336 2095 ὲφανέρωσε,
1373 2025 1468 2077 κα)⁵
1495 2025 1593 2094 οὑχ
1618 2025 1823 2095 ἥκιστα
1852 2026 1944 2079 τὸν

368 2123 610 2191 Πατέρα,
647 2120 742 2172 τὸν
772 2117 934 2170 αὑτὸν
955 2116 1010 2171 δὲ
1041 2118 1137 2170 καὶ
1165 2118 1192 2170 6
1221 2116 1371 2180 Υἱός.
1407 2114 1592 2180 Οὕτως
1625 2116 1717 2171 οῦν
1749 2119 1816 2172 ἂν
1849 2120 1944 2172 καί

366 2211 566 2267 ἑαυτοῦ
602 2212 658 2264 τὸ
693 2210 920 2278 Πνεῦμα
970 2210 1032 2263 τὸ
1070 2208 1229 2277 ἅγιον
1259 2208 1613 2282 διακρίνοιτο,
1643 2211 1807 2265 ἑαυτὸ
1839 2229 1944 2280 φοι-ι

371 2306 640 2375 νερῶσαν,
674 2305 755 2356 ἔτι
780 2320 840 2355 τε
881 2301 978 2355 τοῦ
1021 2303 1236 2372 Πατρός
1260 2317 1275 2332 ο
1313 2302 1410 2354 καὶ
1441 2303 1468 2354 ὁ
1496 2301 1622 2364 Υἱὸς
1653 2303 1851 2356 ἑαυτοῦ
1885 2321 1944 2357 τε

373 2395 586 2452 καὶτοῦ
621 2393 834 2465 Πατρδς
871 2394 960 2447 διὰ
991 2392 1200 2448 ταῦτα·
1256 2392 1376 2445 ἀλλ’
1421 2392 1546 2446 οὔτε
1589 2394 1683 2446 ἐπὶ
1737 2394 1946 2448 τούτων

371 2494 587 2560 εἴρηται
617 2488 777 2542 τοῦτό
815 2503 966 2553 ποτε,
1003 2485 1118 2540 οὑτ¹
1169 2486 1264 2540 ἐπὶ
1297 2485 1390 2540 τοῦ
1421 2488 1542 2541 νυνὶ
1576 2487 1944 2558 προκειμένου

368 2585 548 2653 τούτῳ
576 2583 718 2648 λόγῳ
743 2579 1142 2635 καταλείπεται
1174 2579 1352 2650 χώρα.
1383 2577 1453 2634 Ὀ
1483 2579 1541 2633 δὲ
1587 2579 1776 2634 τοῦτον
1798 2582 1946 2650 ἐλέγ-

371 2694 459 2745 χει
490 2676 579 2728 τὸν
610 2675 767 2741 λόγον
798 2673 926 2726 ὄντα
982 2671 1221 2740 ματαίαν
1275 2673 1621 2742 καταφυγὴν,
1652 2672 1804 2726 ἔστιν
1864 2676 1946 2728 ὅτι

369 2771 433 2822 τὸ
474 2767 698 2837 Πνεῦμα
755 2765 854 2834 τῆς
906 2765 1137 2827 κτίσεως
1202 2766 1230 2818 ὁ
1291 2763 1614 2828 διδάσκαλος
1668 2765 1948 2835 διακρῖναι

374 2861 724 2932 βουλόμενος,
776 2857 1008 2927 ἐπείπερ
1063 2856 1281 2927 ᾔσθετο,
1347 2857 1552 2927 μᾶλλον
1604 2858 1652 2911 δ’
1709 2858 1948 2926 ἔφθασεν

371 2953 729 3014 ἀποδεδωκὼς
761 2949 941 3004 κοινὸν
966 2948 1116 3020 αὑτῷ
1139 2965 1198 3002 τε
1233 2949 1463 3018 κάκείνῃ
1491 2949 1549 3003 τὸ
1579 2950 1668 3003 διὰ
1691 2949 1787 3003 τοῦ
1815 2949 1946 3003 Υίοῦ

2047 555 2222 621 τούτῳ
2253 553 2315 620 δὴ
2349 551 2427 620 τῷ
2457 550 2624 620 κοινῷ
2656 555 2750 604 καὶ
2782 553 3086 617 ταυτιῖτητα
3117 548 3308 611 οὑσίας
3354 547 3622 613 δοξάσειε.

2049 643 2123 712 τῷ
2155 642 2411 711 ἀτρέπτῳ
2453 659 2512 695 τε
2546 643 2638 693 καὶ
2691 639 2934 709 manui),
2969 641 3061 691 καὶ
3123 638 3494 708 ἀναλλοιιὲιτῳ,
3528 641 3625 692 καὶ

2049 735 2122 805 μὴ
2153 735 2400 803 τοιούτῳ
2433 734 2701 804 διακρίνει
2735 732 2908 785 ταῦτα
2959 731 3231 802 ἀλλήλων,
3265 732 3349 795 τὸ,
3385 731 3473 784 διὰ
3528 731 3623 783 τοῦ

2047 827 2200 893 Υίοῦ,
2234 829 2332 894 τὴν
2385 828 2482 898 μὶν
2513 826 2847 893 ὑποστῆναι,
2883 825 2942 877 τὸ
2972 823 3028 875 δὲ
3063 820 3390 894 πεφηνέναι,
3443 824 3626 876 κοινὸν

2047 923 2142 973 καί
2178 920 2374 972 ταυτὸν
2407 919 2758 990 ἡγησάμενος
2783 933 2796 946 ο
2829 916 3162 987 διακρίσεως
3191 917 3246 968 δὲ
3295 915 3502 982 τρόπον
3532 916 3624 966 εὑ-

2048 1013 2158 1083 ρὼν
2184 1013 2244 1066 τὸ
2274 1011 2374 1082 τὴν
2407 1012 2506 1084 μὲν
2540 1013 2782 1082 τρεπτὴν
2813 1010 2907 1062 καὶ
2951 1009 3254 1077 ἀλλοιωτὴν
3281 1004 3441 1072 εἶναι,
3477 1007 3538 1059 τὸ
3579 1005 3624 1057 δ’

2046 1103 2314 1174 ἄτρεπτον
2345 1119 2402 1154 τε
2439 1102 2536 1156 καὶ
2585 1101 2967 1154 ἀναλλοίωτον.
3001 1101 3195 1153 Καίτοι
3228 1101 3276 1152 εί
3322 1100 3382 1151 τὸ
3413 1098 3499 1151 διὰ
3530 1098 3622 1150 τοῦ

2047 1195 2178 1250 Υίοῦ
2226 1197 2528 1266 πεφηνέναι
2581 1197 2642 1248 τὸ
2696 1194 2919 1262 Πνεῦμα
2955 1195 3028 1262 μὴ
3072 1193 3256 1246 αἰτίαν
3289 1192 3478 1261 ἐδήλου
3535 1191 3626 1241 τὸν

2049 1289 2199 1355 Υίδν,
2225 1290 2414 1359 ὥσπερ
2453 1289 2514 1342 τὸ
2549 1287 2637 1341 διὰ
2666 1286 2759 1340 τοῦ
2787 1286 2916 1338 Υίοῦ
2950 1287 3250 1355 ὑποστῆναι
3277 1285 3376 1354 τὴν
3419 1283 3622 1342 κτίσιν,

2046 1381 2203 1436 τοῦτο
2229 1383 2336 1452 γὰρ
2382 1383 2546 1436 αὑτὸν
2594 1382 2775 1434 αἰτίαν
2806 1381 2976 1450 δηλοῖ,
3012 1380 3186 1450 ῥᾴστη
3221 1379 3286 1431 ἂν
3333 1375 3462 1449 ἦνή
3509 1375 3624 1429 δ.ά-

2047 1493 2228 1546 κρισις
2282 1474 2378 1529 τοῦ
2435 1473 2753 1544 Πνεῦματός
2786 1490 2842 1525 τε
2875 1475 2966 1525 καὶ
3020 1472 3120 1541 τῆς
3164 1475 3422 1533 κτίσεως.
3467 1471 3624 1540 Ἐξῆν

2048 1567 2157 1637 γὰρ
2185 1568 2362 1619 εἰπεῖν
2408 1567 2491 1620 ὅτι
2519 1569 2566 1618 εί
2605 1565 2700 1617 καὶ
2734 1564 3019 1635 ἀμφότερα
3051 1562 3140 1616 διὰ
3185 1563 3279 1614 τοῦ
3315 1561 3468 1624 Υἱοῦ,
3505 1562 3623 1613 ἀλλ’

2046 1662 2079 1726 ἠ
2114 1659 2214 1728 μὲν
2245 1659 2422 1722 κτίσις
2455 1657 2715 1720 αἱτιατῶς
2763 1657 2822 1721 ἐξ
2855 1655 3042 1718 αὑτοῦ,
3077 1655 3136 1708 τὸ
3165 1655 3224 1708 δέ
3259 1655 3309 1721 γ’
3343 1656 3621 1717 ἀναιτίως.

2055 1748 2167 1804 Νῦν
2193 1749 2250 1803 δὲ
2281 1739 2438 1804 τοῦτο
2465 1750 2566 1817 μὲν
2595 1750 2695 1801 οὑκ
2747 1744 2900 1799 εἶπεν
2920 1764 2933 1778 ο
2965 1747 2992 1799 ὂ
3022 1749 3130 1816 γὰρ
3179 1751 3253 1816 μὴ
3281 1747 3396 1818 ᾔδει
3427 1746 3625 1816 ἀληθὲς

2047 1842 2124 1908 δν,
2159 1843 2261 1895 οὑκ
2291 1837 2358 1912 ἦν
2383 1842 2596 1894 ἐκείνου
2644 1841 2818 1892 εἰπεῖν
2841 1856 2854 1868 ο
2889 1838 3009 1891 ἀλλ’
3041 1837 3210 1908 ἄλλην
3240 1835 3365 1908 εὗρε
3415 1839 3625 1907 διάκρι-

2048 1955 2156 2000 σιν,
2183 1935 2282 2007 τὴν
2311 1935 2408 1990 καὶ⁵
2447 1934 2595 2003 αὑτῷ
2617 1933 2851 1997 δόξασαν
2879 1931 3058 2001 ἀληθῆ
3091 1935 3184 1982 καὶ
3223 1932 3392 2000 μόνην
3440 1932 3621 2001 ὑπάρ-

2045 2045 2268 2098 χουσαν.
2310 2027 2374 2080 Ἦ
2403 2025 2500 2080 διὰ
2534 2025 2644 2096 ἄρα
2694 2025 2788 2077 ἐπὶ
2828 2024 2924 2092 τῆς
2987 2023 3054 2075 δι’
3086 2022 3212 2074 Υίοῦ
3247 2021 3342 2074 τοῦ
3377 2021 3623 2088 Πνεῦμα-

2045 2138 2134 2184 τος
2169 2120 2264 2173 τοῦ
2293 2120 2452 2187 ἁγίου
2484 2118 2834 2187 ἐκφάνσεως,
2867 2115 3012 2169 τοῦτ’
3041 2115 3172 2167 αὑτὸ
3205 2115 3450 2175 δύναται,
3483 2114 3622 2180 ὅπερ

2046 2215 2139 2266 ἐπὶ
2167 2213 2265 2281 τῆς
2320 2210 2556 2272 κτίσεως
2608 2209 2909 2278 λεγομένης
2962 2207 3031 2261 δι’
3094 2207 3221 2260 Υἱοῦ
3287 2207 3616 2272 ὑποστῆίαι.

2059 2303 2200 2358 Ἀλλ’
2234 2302 2328 2356 ἐπὶ
2365 2302 2464 2372 τῆς
2496 2301 2732 2363 κτίσεως
2780 2302 2930 2354 αἰτία
2970 2300 3187 2368 λέγεται
3240 2301 3332 2352 καὶ
3366 2301 3621 2351 πιστεύε-

2045 2415 2138 2452 ται
2173 2401 2201 2452 ὁ
2233 2398 2362 2460 Υἱὸς
2397 2391 2571 2461 εἷναι,
2611 2396 2704 2446 καὶ
2749 2394 2836 2448 διὰ
2871 2394 2970 2463 τῆς
3025 2392 3121 2446 διὰ
3157 2391 3316 2445 τοῦτο
3363 2391 3623 2458 σημαίνε-

2046 2509 2136 2545 ται
2162 2493 2257 2546 καὶ
2286 2491 2379 2543 ἰπὶ
2407 2484 2500 2541 τοῦ
2534 2486 2850 2556 Πνεῦματος
2883 2502 2896 2514 ”
2924 2486 3034 2553 ἄρα
3069 2485 3248 2536 αἰτίαν
3286 2485 3318 2551 ὴ
3375 2482 3470 2534 διὰ
3520 2499 3625 2534 πα-

2050 2582 2270 2653 ρίστησι
2297 2581 2388 2634 τὸν
2423 2580 2569 2636 Υἱόν.
2621 2580 2730 2632 Kal.
2757 2578 2862 2648 γὰρ
2891 2577 2956 2645 δὴ
2997 2576 3091 2628 καὶ
3131 2576 3308 2637 ἄλλως
3334 2600 3336 2602 τ
3363 2573 3620 2643 φανερὸν,

2046 2675 2123 2737 ὡς
2176 2675 2291 2736 τοῖς
2327 2673 2624 2743 αίρετικοῖς
2681 2671 2731 2724 oi
2771 2669 3086 2723 διδάσκαλοι
3139 2666 3508 2735 πολεμοῦντες
3557 2666 3623 2717 δι’

2047 2763 2182 2818 Υἱοῦ
2215 2764 2435 2832 λέγουσι
2469 2763 2801 2832 γεγενῆσθαι
2846 2763 2906 2815 τὸ
2963 2761 3192 2830 Πνεῦμα
3223 2761 3284 2812 τὸ
3315 2761 3492 2827 ἅγιον,
3533 2758 3626 2812 διὰ

2049 2857 2108 2910 τδ
2159 2855 2349 2918 κακῶς
2388 2855 2610 2908 ἀκούειν
2663 2857 2758 2907 τοῦ
2815 2853 3249 2922 Εὑαγγελιστοῦ,
3298 2851 3498 2905 Πάντα
3547 2851 3623 2904 δι’

2049 2947 2235 3002 αὑτοῦ
2265 2946 2524 3016 ἐγένετο,
2559 2945 2836 3013 λέγοντος,
2866 2946 2961 2997 καλ⁴
2999 2945 3058 2996 τὸ
3090 2942 3312 3013 Πνεῦμα
3343 2943 3431 2996 διὰ
3469 2943 3622 2996 τοῦτο

372 3127 711 3199 signiﬁcaret
744 3139 808 3180 ac
863 3140 982 3178 cum
1014 3141 1093 3191 eo,
1126 3132 1294 3194 prout
1321 3125 1490 3194 aliqui
1517 3127 1813 3195 somniant,
1846 3127 1951 3182 mi-
1975 3161 2023 3224 ο
2053 3139 2178 3182 cum
2199 3125 2312 3196 jam
2345 3121 2689 3179 attribuisset
2722 3120 2982 3189 Spiritui.
3016 3136 3113 3190 per
3153 3110 3350 3176 Filium
3397 3121 3625 3176 manife-

372 3235 500 3274 rum
552 3227 697 3274 esset
746 3215 1016 3286 profecto,
1066 3218 1111 3273 si
1147 3217 1272 3273 ideo
1302 3217 1543 3288 Spiritus
1575 3219 1947 3290 distinguatur

369 3330 402 3367 a
454 3309 612 3371 Filio,
655 3310 783 3379 quia
815 3323 940 3363 cum
985 3324 1052 3364 eo
1083 3308 1519 3364 manifestatur:
1560 3310 1752 3365 unitur
1798 3312 1948 3366 enim

371 3405 480 3456 hoc
510 3390 704 3465 modo,
730 3417 841 3455 non
878 3400 1272 3472 distinguitur;
1305 3410 1362 3458 et
1412 3401 1789 3472 coniungitur,
1837 3420 1946 3458 non

370 3494 665 3550 dividitur.
722 3492 838 3547 Nec
894 3492 1060 3547 etiam
1114 3493 1187 3546 de
1228 3492 1500 3547 divisione
1553 3493 1946 3548 charismatum

372 3591 467 3643 hic
497 3589 744 3655 loquitur
785 3594 1012 3640 sanctus
1049 3583 1264 3649 doctor,
1297 3584 1430 3654 quin
1463 3586 1574 3638 imo
1621 3584 1687 3639 de
1735 3585 1948 3640 divina-

371 3699 496 3736 rum
531 3693 890 3750 personarum
917 3677 1440 3732 distinctione..Nec
1469 3679 1758 3747 quisquam
1787 3680 1949 3732 habet

370 3773 585 3834 dicere,
623 3769 869 3840 Spiritus
904 3783 1004 3839 per
1038 3767 1238 3822 Filium
1286 3767 1342 3822 in
1386 3769 1588 3822 mundo
1626 3768 1948 3822 manilesta-

375 3867 583 3920 tionem
635 3877 733 3932 per
766 3861 880 3915 haec
915 3859 1084 3914 verba
1131 3857 1448 3927 signiﬁcari.
1487 3859 1670 3914 Primo
1709 3874 1948 3929 namque

373 3973 501 4014 cum
535 3956 600 4010 de
640 3953 998 4008 distinctione
1034 3967 1391 4021 personarum
1443 3951 1530 4007 hic
1563 3967 1746 4006 sermo
1775 3953 1948 4008 liabe-

377 4060 555 4110 retur,
589 4061 827 4116 quonam
859 4046 1024 4100 modo
1053 4045 1412 4115 temporalem
1447 4045 1589 4100 hanc
1633 4046 1948 4100 manifesta-

375 4152 584 4196 tioncm
615 4146 836 4192 aeternae
885 4135 962 4191 rei
1011 4149 1232 4190 causam
1287 4136 1567 4204 poneret?
1614 4137 1948 4191 :eternaliter

372 4234 523 4286 enim
564 4230 738 4285 Filius
777 4239 834 4284 et
885 4227 1130 4299 Spiritus
1170 4238 1396 4282 sanctus
1429 4228 1813 4296 personalibus
1837 4229 1948 4282 dis-

375 4325 707 4394 tinguuntur
771 4319 1228 4389 proprietatibus.
1281 4317 1470 4389 Neque
1545 4316 1655 4373 dici
1717 4328 1946 4388 potest,

374 4415 522 4484 quod
577 4421 872 4483 antequam
917 4411 1364 4466 manifestaretur
1418 4411 1625 4465 mundo
1677 4412 1944 4482 Spiritus,

2053 3217 2221 3282 stari;
2253 3225 2544 3278 creatura,
2572 3230 2670 3284 per
2696 3214 2894 3268 Filium
2929 3224 3169 3269 creatam
3203 3215 3394 3280 fuisse,
3424 3218 3622 3272 tinens

2054 3324 2123 3363 ne
2153 3307 2277 3377 quis
2315 3318 2538 3377 pr0pter
2569 3306 2695 3370 lioe,
2727 3307 2870 3376 quod
2903 3306 3140 3376 Spiritus
3162 3317 3218 3361 et
3249 3318 3503 3362 creatura
3527 3319 3625 3378 per

2018 3401 2252 3476 VFilium
2303 3415 2426 3455 esse
2483 3400 2777 3465 dicantur,
2841 3399 3087 3469 ejusdem
3143 3399 3310 3452 etiam
3372 3402 3626 3456 essentiall

2054 3495 2320 3564 Spiritum
2367 3509 2490 3550 cum
2542 3506 2798 3548 creatura
2840 3505 3092 3562 putaret;
3130 3493 3380 3547 mutabili
3428 3504 3486 3547 et
3527 3496 3628 3546 im-

2053 3585 2306 3639 mutabili
2335 3585 2449 3640 haec
2479 3585 2547 3639 ab
2584 3585 2818 3639 invicem
2855 3584 3165 3654 distinguit,
3199 3585 3345 3654 quod
3382 3584 3626 3654 Spiritus

2052 3677 2276 3747 quidem
2328 3692 2426 3746 per
2475 3677 2670 3731 Filium
2723 3676 3128 3740 manifestetur,
3185 3686 3438 3730 creatura
3494 3691 3626 3728 vero

2053 3785 2151 3838 per
2221 3769 2420 3822 Filium
2479 3769 2780 3832 subsistat;
2848 3769 2952 3822 hoc
3004 3783 3297 3823 commune
3357 3776 3412 3822 et
3478 3769 3623 3822 idem

2055 3861 2301 3930 utrisque
2358 3872 2582 3929 putans.
2636 3860 3007 3915 distinctionis
3056 3876 3188 3915 vero
3238 3861 3408 3914 alium
3464 3877 3625 3930 repe-

2054 3953 2204 4007 riens
2241 3953 2488 4016 modum,
2522 3951 2778 4006 videlicet
2812 3953 2958 4020 quod
2989 3953 3081 4006 ille
3112 3953 3334 4022 quidem
3366 3954 3629 4008 immuta-

2054 4047 2205 4109 bilis,
2239 4046 2328 4100 illa
2379 4060 2509 4100 vero
2559 4043 2842 4099 mutabilis
2880 4044 2972 4098 sit.
3012 4043 3081 4098 At
3116 4044 3184 4107 si,
3235 4059 3362 4098 cum
3399 4047 3628 4108 dicitur,

2055 4139 2318 4210 Spiritum
2360 4154 2457 4208 per
2505 4137 2702 4192 Filium
2738 4135 3104 4202 manifestari,
3135 4151 3246 4190 non
3288 4137 3628 4206 signiﬁcare-

2053 4244 2165 4298 tur,
2201 4232 2348 4303 quod
2386 4231 2558 4285 Filius
2585 4231 2961 4284 subsistentia:
2986 4229 3226 4299 Spiritus
3259 4239 3408 4286 esset
3435 4246 3623 4292 causa,

2053 4327 2520 4397 quemadmodum
2560 4341 2683 4380 cum
2715 4325 2943 4384 dicitur.
2980 4327 3244 4378 mundum
3295 4340 3392 4394 per
3423 4325 3625 4379 Filium

2053 4434 2174 4473 esse
2210 4419 2413 4472 factum
2448 4417 2578 4485 (hoc
2609 4416 2756 4470 enim
2788 4416 3078 4470 manifeste
3118 4415 3319 4470 Filium
3355 4415 3628 4484 signiﬁcat

375 4524 483 4558 nun
513 4513 674 4559 erant
703 4505 773 4559 ab
815 4505 1050 4558 invicem
1100 4502 1471 4573 personaliter
1504 4503 1788 4570 distincti;
1841 4503 1946 4560 hoc
1981 4510 2022 4564 D
2053 4525 2276 4564 causam
2327 4509 2495 4577 esse).
2549 4509 2723 4563 facilis
2781 4518 2930 4563 esset
2986 4508 3227 4576 Spiritus
3279 4523 3310 4560 a
3367 4516 3627 4561 creatura

373 4601 524 4651 (nim
578 4596 1052 4651 absurdissimum”
1089 4597 1256 4650 etiam
1292 4597 1536 4665 cogitare
1584 4607 1688 4651 est.
1738 4597 1946 4652 Deinde

369 4703 499 4744 cum
527 4701 691 4754 Opera
727 4689 778 4740 in
812 4698 1123 4742 creaturam
1159 4686 1474 4742 communia
1509 4687 1767 4742 Trinitati
1812 4689 1943 4755 sint,

373 4794 487 4831 non
527 4775 700 4844 magis
733 4791 828 4844 per
856 4776 1076 4839 Filium,
1101 4791 1268 4845 quam
1296 4791 1394 4846 per
1427 4777 1675 4846 seipsum
1708 4775 1948 4846 Spiritus

371 4880 599 4922 sanctus
631 4867 1016 4922 manifestatur;
1049 4879 1172 4922 est:
1220 4871 1352 4937 quin
1403 4869 1513 4923 imo
1563 4870 1744 4939 ipsum
1782 4870 1946 4925 etiam

375 4965 574 5019 Filium
610 4963 850 5032 Spiritus
873 4961 1206 5033 gloriﬁcavit
1235 4971 1292 5017 et
1323 4962 1718 5029 manifestavit,
1756 4973 1812 5019 ct
1836 4979 1947 5020 non

375 5056 560 5109 minus
599 5055 818 5109 Patrem
863 5055 1121 5111 eumdem
1171 5057 1338 5112 etiam
1377 5057 1570 5112 Filius.
1604 5060 1786 5124 Quare
1821 5075 1947 5115 cum

374 5150 481 5202 hac
527 5149 740 5204 ratione
774 5163 804 5202 a
835 5151 1018 5220 seipso
1047 5151 1214 5204 etiam
1263 5150 1506 5221 Spiritus
1547 5152 1944 5224 distinguetur,

372 5257 500 5297 cum
526 5243 768 5312 seipsum
812 5243 1221 5308 manifestavit;
1263 5245 1393 5298 item
1445 5253 1501 5299 et
1551 5266 1580 5299 a
1629 5247 1822 5313 Patre;
1861 5248 1945 5301 Fi-

371 5336 478 5388 lius
511 5348 728 5403 quoque
756 5343 813 5388 et
859 5349 887 5386 a
935 5335 1140 5404 seipso,
1189 5347 1244 5389 et
1285 5353 1313 5388 a
1353 5336 1537 5401 l’atrc,
1584 5339 1654 5390 ob
1694 5341 1944 5406 eamdem

373 5425 666 5476 rationem.
706 5423 812 5477 Sed
849 5440 948 5478 nec
979 5425 1047 5478 de
1078 5427 1162 5478 his
1199 5442 1439 5494 unquam
1472 5429 1574 5482 hoc
1607 5429 1812 5484 dictum
1837 5440 1940 5496 est,

372 5531 552 5585 neque
584 5516 652 5570 de
691 5532 750 5571 re
784 5517 944 5570 nobis
983 5518 1261 5587 proposita
1318 5518 1463 5572 idem
1509 5521 1694 5575 dicere
1745 5537 1943 5577 conve-

372 5609 476 5662 nit.
509 5608 667 5673 Quod
703 5619 885 5664 autem
925 5613 1102 5679 palam
1154 5611 1358 5679 arguit,
1398 5613 1494 5666 llas
1529 5612 1772 5668 rationes
1805 5631 1943 5670 vana

373 5701 581 5770 refugia
638 5717 779 5768 esse,
830 5702 962 5757 illud
1011 5712 1117 5764 est.
1171 5703 1317 5774 quod
1369 5703 1636 5774 Spiritum
1687 5718 1940 5762 sanctum

371 5793 558 5852 volens
585 5810 614 5848 a
655 5806 907 5852 creatura
942 5795 1162 5852 divinus
1193 5796 1297 5853 iste
1343 5795 1538 5852 doctor
1571 5797 1937 5869 distinguere,

2053 4600 2334 4654 distinctio
2364 4619 2377 4655 :
2412 4600 2663 4654 licuisset
2709 4603 2853 4652 enim
2901 4599 3086 4652 dicere
3119 4598 3292 4667 quod,
3329 4599 3434 4652 etsi
3475 4611 3625 4651 uter-

2050 4706 2155 4760 que
2185 4690 2254 4745 sit
2287 4706 2382 4759 pcr
2411 4689 2632 4754 Filium,
2663 4700 2912 4744 creatura
2957 4699 3136 4741 tamen
3186 4699 3270 4742 est
3301 4704 3363 4741 ex
3396 4703 3463 4741 eo
3504 4697 3623 4740 tan-

2051 4797 2215 4852 quam
2248 4793 2553 4844 causatum,
2603 4780 2842 4849 Spiritus
2883 4795 3011 4834 vero
3048 4795 3155 4833 non
3197 4789 3462 4848 tanquam
3496 4793 3623 4832 cau-

2052 4883 2256 4926 satum.
2303 4871 2459 4926 Nunc
2509 4881 2692 4924 autem
2739 4872 2842 4925 hoc
2890 4887 2999 4924 non
3051 4870 3191 4924 dixit
3228 4870 3418 4940 :quod
3473 4871 3621 4923 enim

2051 4964 2263 5018 sciebat
2314 4979 2425 5017 non
2443 4978 2580 5036 esse
2625 4977 2845 5025 verum,
2883 4963 3068 5018 dicere
3120 4979 3227 5016 non
3272 4969 3394 5016 erat
3425 4976 3623 5025 suum;

2052 5056 2148 5112 sed
2179 5056 2350 5111 alium
2377 5057 2752 5110 distinctionis
2785 5057 3006 5111 modum
3039 5055 3274 5121 invenit,
3309 5056 3402 5124 qui
3447 5055 3497 5108 ei
3539 5069 3628 5107 ve-

2052 5163 2147 5203 rus
2171 5149 2321 5204 visus
2351 5158 2457 5212 est,
2487 5158 2542 5201 et
2583 5149 2680 5217 qui
2732 5149 2882 5201 solus
2937 5147 3172 5201 inveniri
3226 5155 3426 5215 potest.
3459 5145 3626 5212 Igitur

2052 5243 2368 5311 praepositio
2415 5259 2509 5310 per
2564 5242 2708 5296 idem
2762 5249 2978 5311 potest,
3037 5256 3162 5295 cum
3224 5240 3431 5293 dicitur
3473 5240 3623 5306 quod

2051 5333 2296 5400 Spiritus
2336 5350 2431 5404 per
2469 5333 2666 5388 Filium
2705 5334 3130 5398 manifestatur;
3179 5331 3330 5402 quod
3367 5347 3491 5385 cum
3535 5331 3623 5383 di-

2051 5425 2227 5481 cimus
2281 5439 2601 5481 creaturam
2660 5444 2752 5496 per
2805 5427 3001 5480 Filium
3061 5441 3181 5481 esse
3241 5425 3464 5480 factam.
3515 5423 3622 5477 Sed

2050 5529 2318 5574 creaturae
2367 5535 2588 5573 causam
2628 5519 2869 5575 dicimus
2909 5528 2963 5573 et
2998 5517 3280 5573 credimus
3310 5516 3534 5582 Filium,
3567 5526 3624 5571 et

2049 5613 2154 5668 hoc
2207 5613 2477 5683 signiﬁcat
2540 5613 2862 5682 praepositio
2911 5628 3007 5683 per
3055 5628 3072 5666 :
3129 5612 3297 5681 igitur
3332 5611 3496 5665 etiam
3553 5609 3622 5664 de

2049 5705 2258 5777 Spiritu
2302 5707 2416 5776 ipsa
2460 5706 2734 5777 signiﬁcat
2777 5704 2978 5760 Filium
3020 5719 3240 5760 causam
3299 5720 3441 5760 esse.
3476 5705 3623 5760 Γηρ-

2049 5811 2201 5857 terea
2231 5809 2378 5871 patet
2411 5801 2557 5871 quod
2591 5801 2722 5870 quia
2755 5799 3000 5857 haeretici
3023 5801 3030 5808 ’
3052 5814 3151 5870 per
3202 5797 3405 5855 Filium
3444 5799 3615 5852 fuisse
