3990 6212
361 298 465 367 575

1310 296 1815 358 BESSARIONIS
1847 296 1905 357 S.
1955 296 2027 355 R.
2055 295 2122 359 Ε,
2160 295 2632 359 ΟΑΒΟΙΝΑῌΒ

3488 296 3594 357 ἰεἾδ

359 415 706 487 βλασφήμως
738 412 810 474 ὡς
857 412 917 464 ἒν
968 410 1238 478 οἰομένοις
1279 408 1389 461 τῶν
1427 409 1687 473 πάντων,
1717 406 1920 469 ταύτας
1950 418 1999 471 Α
2037 405 2165 460 Υἱοῦ
2189 423 2204 439 ·
2239 401 2389 472 οἶτος
2418 409 2525 478 γάρ
2561 409 2675 461 ἐστι
2710 407 2991 477 προσεχῶς
3028 408 3094 461 ἐκ
3123 405 3213 460 τοῦ
3249 408 3604 475 πρώτου.Ἑκ

356 508 576 576 ἀφῆκαν
627 502 750 556 κατ’
786 500 967 554 αὐτῶν
1013 500 1107 561 τὰς
1138 497 1319 567 φωνὰς
1344 499 1432 552 διὰ
1462 499 1556 551 τοῦ
1599 497 1728 551 Υἱοῦ
1758 500 1922 549 ἐκπο-

357 593 635 669 ρεύεσθαι,
690 592 786 646 καὶ
837 590 905 644 δι’
942 589 1107 643 αὐτοῦ
1161 589 1461 657 πεφηνέναι
1528 588 1621 642 καὶ
1673 582 1813 641 εἶναι
1861 586 1922 640 τὸ

357 689 583 757 Πνεῦμα
614 686 882 746 εἰπόντες.
927 682 1066 734 Ἀλλ’
1123 682 1171 734 οἱ
1207 681 1474 753 αἰρετικοὶ
1520 682 1609 734 διὰ
1661 679 1756 733 τοῦ
1793 679 1921 732 Υἱοῦ

358 777 690 849 γεγενῆσθαι
742 776 801 826 τι
842 774 998 840 ἅγιον
1029 773 1283 840 λέγοντες
1325 773 1571 843 Πνεῦμα,
1598 771 1693 826 δύο
1748 772 1926 826 ταῦτα

357 874 584 925 ἐνόουν·
645 868 775 921 αὐτό
811 885 872 920 τε
926 865 1034 937 γὰρ
1084 865 1336 919 ἐτίθεσαν
1384 861 1531 918 εἰναι
1587 864 1664 928 ὡς
1715 864 1774 917 ἓν
1818 864 1926 915 τῶν

358 961 699 1031 κτισμάτων.
753 961 849 1010 καὶ
903 957 995 1010 τὸν
1031 957 1161 1011 Υἰδν
1208 956 1388 1010 αἰτίαν
1424 955 1589 1009 αὐτοῦ
1634 951 1797 1020 εἶναι,
1834 956 1928 1007 καὶ

357 1052 514 1108 τοῦτο
560 1050 854 1119 δηλοῦσθαι
903 1049 992 1101 διὰ
1040 1048 1140 1117 τῆς
1188 1048 1507 1119 προθέσεως
1549 1038 1649 1118 τῆς
1703 1046 1818 1100 διά.
1865 1046 1927 1099 Εἰ

359 1145 452 1198 οὖν
502 1142 794 1211 ἀμφότερα
854 1140 1040 1205 ελεγον
1102 1137 1579 1213 βλασφημοῦντες,
1642 1137 1734 1191 καὶ
1788 1138 1927 1208 πρὸς

359 1236 617 1301 ἑκάτερον
645 1231 713 1285 ἂν
742 1232 791 1284 οἰ
819 1230 1132 1284 διδάσκαλοι
1172 1229 1548 1301 παρετάξαντο
1566 1246 1582 1262 ·
1618 1231 1711 1283 καὶ
1738 1227 1928 1296 ὥσπερ

362 1325 669 1397 ἐξαιροῦσιν
699 1323 829 1376 αὐτὸ
859 1324 968 1375 τῶν
1001 1320 1342 1391 κτισμάτων,
1376 1322 1473 1375 καὶ
1507 1321 1609 1373 οὐκ
1661 1320 1811 1374 ἐστιν
1841 1322 1930 1373 ὅτε

360 1420 424 1471 οὐ
461 1417 617 1471 τοῦτο
643 1414 920 1470 ποιοῦσιν·
957 1412 1079 1467 ὅθεν
1131 1413 1253 1466 οὐδὲ
1279 1414 1347 1483 τῇ
1388 1410 1532 1476 λέξει
1564 1409 1658 1465 τοῦ
1702 1410 1933 1480 γεγενῆ-

364 1510 485 1564 σθαι
531 1512 611 1572 εἰς
657 1509 865 1577 κτίσμα
917 1504 1254 1574 κατασπὼσῃ
1285 1504 1344 1556 τὸ
1389 1501 1617 1571 Πνεῦμα
1648 1501 1833 1572 εὕροις
1866 1501 1933 1556 ἂν

364 1604 563 1662 αὐτοὺς
612 1601 699 1652 ἐπ’
738 1597 903 1652 αὑτοῦ
960 1612 1090 1651 ποτε
1124 1594 1504 1665 χρησαμένους
1533 1607 1547 1621 ⁸
1595 1591 1769 1655 οἱτως
1824 1591 1935 1646 οὐδ’

2032 499 2127 553 τοῦ
2160 501 2380 571 πρώτου
2412 502 2521 570 γὰρ
2558 500 2844 569 ἀμφότερα
2876 499 3030 564 ὄντα,
3060 498 3160 551 οὒκ
3189 500 3255 552 ἂν
3287 500 3604 570 ἀρκούντως

2029 587 2410 659 διακρίνοιντο,
2438 592 2488 643 εί
2524 590 2598 661 μὴ
2631 590 2723 643 καὶ
2747 589 2979 657 θάτερον
3015 592 3098 659 εἰη
3130 589 3219 643 διὰ
3261 591 3354 644 τοῦ
3385 593 3603 663 ἑτέρου,

2027 682 2211 750 φησιν.
2233 682 2322 745 Ὦς
2346 682 2596 752 φανερῶς
2632 683 2729 753 τὴν
2754 681 2854 736 διὰ
2886 683 2978 737 ἐπὶ
3010 682 3336 753 διακρίσεως
3371 685 3608 739 ἐνταῦθα

2028 771 2472 841 παραληφθῆναι,
2499 773 2594 825 καὶ
2612 772 2937 843 διακρίσεως
2952 773 3048 841 τῆς
3064 772 3123 839 ἐξ
3139 774 3331 838 ἀϊδίου,
3348 777 3446 844 τῆς
3462 777 3610 829 κατὰ

2029 864 2268 917 αἱτιατὸν
2293 863 2494 934 δηλαδὴ
2528 865 2625 918 καὶ
2651 864 2711 916 τὸ
2735 859 2911 918 αἴτιον
2936 881 2950 894 ·
2984 866 3106 918 ἐπεὶ
3135 866 3611 943 προαποδεδωκιῖις

2028 954 2227 1022 ἔφθασε
2252 956 2517 1025 πρότερον
2547 956 2622 1024 τῷ
2655 957 2814 1025 αἰτίῳ
2863 958 2957 1011 καὶ
2987 957 3218 1027 αἰτιατῷ
3248 960 3397 1029 μόνῳ
3444 960 3613 1031 ἀλλή-

2031 1047 2136 1100 λων
2164 1046 2232 1100 τὰ
2270 1046 2390 1100 θεῖα
2418 1049 2689 1117 πρόσωπα
2721 1047 3126 1121 διακρίνεσθαι.
3159 1051 3233 1103 Τὸ
3263 1051 3374 1120 γὰρ
3412 1051 3611 1120 ἐπιφε-

2036 1138 2282 1206 ρόμενον,
2322 1137 2490 1208 ἄλλην
2521 1139 2682 1193 πάλιν
2709 1138 2977 1209 διαφορὰν
3006 1142 3101 1194 ἐπὶ
3135 1140 3270 1196 Υἰοῦ
3307 1143 3403 1195 καὶ
3436 1143 3608 1197 Πνεῦ-

2038 1245 2207 1297 ματος
2240 1230 2534 1283 ἐννοεῖσθαι
2564 1230 2664 1284 οὖκ
2696 1232 2761 1285 ἄν
2791 1248 2875 1294 τις
2909 1233 3311 1304 ἁναμαρτήιως
3362 1235 3606 1299 ὲιιλάεοτ,

2033 1322 2200 1390 ἄλλην
2230 1322 2403 1388 λέγων
2436 1324 2558 1375 κατ’
2584 1319 2725 1385 εἶδος
2752 1341 2763 1352 ·
2801 1322 2947 1377 οὕτω
2973 1326 3083 1395 γὰρ
3115 1323 3180 1378 ἂν
3203 1326 3486 1395 ἀντιφάσει
3516 1328 3608 1379 τὸν

2035 1415 2356 1470 διδάσκαλον
2414 1416 2859 1487 περιϐάλλωμεν,
2923 1419 2973 1471 εί
3020 1417 3293 1487 πρότερον
3340 1419 3417 1488 τῷ
3450 1422 3609 1491 αἰτίῳ

2038 1509 2133 1561 καὶ
2162 1506 2391 1576 αἰτιατῷ
2424 1506 2966 1583 μόνῳςδιακρίνεσθαι
2998 1509 3222 1562 εἰπόντα
3247 1512 3314 1568 τὰ
3336 1510 3608 1581 πρόσωπα

2037 1598 2138 1667 τῆς
2167 1598 2422 1667 Τριὰδος,
2450 1598 2642 1652 ἔπειτα
2663 1601 2758 1653 καὶ
2782 1600 2946 1654 ἄλλον
2973 1600 3175 1669 τρόπον
3193 1601 3359 1655 αὐτὸν
3387 1603 3612 1670 νομιοῦ-

362 1698 429 1751 ᾱν
456 1709 585 1747 ποτε
625 1691 931 1762 ἐχρήσαντο
976 1691 1040 1758 τῇ
1097 1686 1195 1740 διὰ
1215 1726 1229 1751 ,
1264 1689 1311 1738 εί
1342 1688 1454 1747 ταῖς
1512 1685 1610 1755 μὲν
1641 1672 1937 1767 αἰρετικοῖς
2044 1705 2143 1756 μεν
2168 1690 2573 1746 ἀποδεδωκέναι
2602 1693 2932 1764 διακρίσεως
2961 1694 3084 1746 κατ’
3112 1688 3248 1759 εἶδος
3281 1696 3613 1765 διαφέροντα

365 1788 441 1850 ὡς
492 1786 672 1839 αἰτίαν
726 1783 1075 1852 σημαίνουσα
1120 1772 1597 1850 παρελαμϐἀνετο,
1634 1778 1819 1840 αὐτοῖς
1885 1774 1931 1828 δ’
1972 1769 2135 1834 Βτοῧ
2185 1784 2478 1854 προτέρου.
2516 1784 2718 1855 Ἄλλην
2772 1784 2958 1839 τοίνυν
3014 1786 3277 1857 διαφορὰν
3328 1787 3428 1857 τὴν
3489 1789 3612 1840 κατ’

364 1879 466 1931 οὐκ
505 1878 704 1931 ’ἐδόκει
734 1874 887 1929 τοῦτ’
938 1874 1137 1945 ἀληθὲς
1193 1868 1356 1924 εἶναι.
1387 1869 1545 1923 Οὕτω
1596 1869 1686 1923 διὰ
1716 1869 1934 1923 πάντων
2039 1875 2274 1944 ἀριθμὸν
2304 1876 2672 1947 ἐκδεχόμενοι,
2697 1876 2767 1931 τά
2793 1895 2853 1931 τι
2875 1877 2969 1932 τοῦ
2999 1878 3327 1934 διδασκάλου
3358 1881 3615 1949 φρονοίη-

363 1969 597 2040 τάληθὲς
644 1969 776 2021 αὑτό
802 1985 861 2022 τε
898 1966 1074 2035 ἑαυτῷ
1107 1964 1362 2032 φαίνεται
1412 1954 1703 2033 σύμφωνον
1729 1961 1808 2028 ὃν,
1844 1962 1939 2014 καὶ

368 2062 549 2117 αἰτίαν
585 2064 643 2112 ὲν
693 2055 776 2122 οἷς
817 2056 1376 2129 παραλαμϐάνεταιή
1427 2042 1549 2121 διὰ,
1594 2053 1935 2124 παριτρτῶσα.

366 2151 541 2205 Τοῦτο
570 2152 614 2203 δ’
650 2134 783 2204 αὖτὸ
819 2149 911 2201 καὶ
942 2153 1003 2201 ὲκ
1036 2147 1130 2200 τοῦ
1158 2147 1295 2216 πρὸς
1332 2145 1622 2200 ’Δὸλάὸιον
1652 2132 1810 2212 λόγου
1843 2143 1938 2197 τοῦ

369 2244 535 2297 αὐτοῦ
561 2243 885 2297 διδασκάλου
918 2241 1103 2308 σαφῶς
1124 2240 1441 2294 δείκνυται·
1474 2241 1636 2294 κάκεῖ
1669 2240 1778 2307 γὰρ
1809 2240 1940 2309 περὶ

366 2334 695 2405 διακρίσεως
727 2333 837 2385 τῶν
872 2333 1032 2385 θείων
1078 2329 1396 2401 προσώπων
1425 2330 1520 2381 τὸν
1554 2328 1714 2395 λόγον
1752 2327 1939 2385 ποιού-

372 2441 556 2496 μενος,
595 2425 734 2494 μετὰ
767 2426 830 2476 τὸ
863 2422 1094 2476 καθόλου
1126 2420 1204 2491 τῷ
1252 2420 1408 2488 αἰτίῳ
1442 2422 1538 2473 καὶ
1567 2419 1794 2486 αἰτιατῷ
1829 2418 1941 2470 δια-

369 2517 552 2586 κρῖναι
605 2513 747 2567 αὐτὰ
792 2511 885 2565 ἀπ’
914 2512 1183 2581 ἀλλήλων,
1215 2512 1313 2564 καὶ
1359 2513 1425 2580 τῇ
1473 2508 1572 2563 διὰ
1620 2506 1794 2578 ταύτῃ
1848 2506 1941 2560 τὸν

368 2596 499 2660 Υἰδν
546 2605 642 2660 τοῦ
694 2605 1012 2675 Πνεύματος
1066 2602 1343 2673 διακρίνει
1369 2600 1494 2668 ’,Ὀ
1523 2600 1623 2671 μὲν
1665 2601 1771 2670 γάρ
1801 2601 1939 2666 ἐστι,

370 2702 526 2773 φησὶ,
550 2702 833 2773 προσεχῶς
860 2702 925 2753 ἐκ
953 2699 1047 2753 τοῦ
1076 2697 1319 2767 πρώτου,
1348 2696 1442 2750 τοῦ
1474 2696 1689 2766 Πατρίος
1713 2693 1938 2765 δηλαδὴ,

367 2796 430 2846 τὸ
460 2792 519 2847 δὲ
549 2794 637 2848 διὰ
663 2793 758 2846 τοῦ
786 2792 1069 2866 προσεχῶς
1099 2792 1164 2844 ἐκ
1187 2790 1279 2844 τοῦ
1310 2787 1552 2859 πρώτου,
1584 2789 1704 2859 ἡτοι
1732 2787 1818 2842 διὰ
1845 2785 1939 2841 τοῦ

372 2885 504 2941 1⁸ἰοῦ
531 2901 546 2917 ⁸
580 2884 675 2939 καὶ
710 2884 905 2953 τούτῳ,
959 2881 1116 2953 φησί,
1175 2882 1510 2952 διακρίνεται
1553 2880 1651 2936 τοῦ
1697 2870 1829 2935 Υίοῢ
1882 2877 1942 2931 τδ

370 2979 644 3047 πανάγιον
698 2977 946 3049 Πνεῦμα,
998 2975 1077 3048 τῷ
1112 2976 1183 3030 δι’
1214 2974 1381 3059 αὐτοῦ
1427 2971 1588 3039 εἰναι,
1619 2971 1821 3043 δηλαδὴ
1845 2969 1940 3024 τοῦ

368 3158 575 3215 factum
605 3157 873 3228 Spiritum
903 3165 1155 3212 sanctum
1192 3152 1673 3224 blasphemabant,
1704 3166 1772 3208 eo
1788 3140 1936 3222 quod

370 3250 718 3322 Evangelista
764 3249 899 3305 dicit
943 3248 1200 3303 :Omm‘a
1242 3263 1334 3317 per
1381 3248 1551 3316 ipsum
1604 3245 1744 3315 facta
1796 3255 1940 3310 sum,

370 3345 512 3400 male
539 3353 595 3401 et
626 3343 791 3413 impie
826 3340 1093 3412 Spiritum
1143 3339 1313 3395 etiam
1359 3349 1611 3392 sanctum
1648 3337 1792 3391 inter
1821 3352 1936 3391 om~

369 3437 459 3492 nia
499 3446 986 3497 connumerantes,
1039 3430 1164 3488 ideo
1203 3431 1380 3486 sancti
1412 3432 1668 3485 doctores
1702 3445 1798 3484 eos
1842 3443 1941 3499 op-

368 3536 702 3598 pugnantes,
755 3536 814 3581 et
867 3533 1059 3581 contra
1106 3537 1300 3578 eorum
1355 3522 1690 3591 impietatem
1723 3521 1807 3576 his
1856 3521 1939 3574 usi

369 3619 557 3674 verbis
598 3618 666 3672 de
712 3606 923 3686 Spiritu
967 3626 1181 3679 sancto,
1212 3629 1311 3682 per
1342 3613 1541 3667 Filium
1574 3627 1703 3667 eum
1744 3626 1936 3682 proce-

367 3711 522 3777 dere,
555 3720 613 3765 et
652 3725 752 3779 per
786 3692 992 3762 Filium
1024 3721 1148 3763 esse
1173 3716 1230 3761 et
1261 3706 1602 3762 manifestari
1646 3705 1934 3761 dixerunt.

366 3801 474 3858 Sed
508 3800 753 3857 haeretici
808 3799 1161 3871 per,Filium
1204 3800 1407 3855 factum
1454 3797 1625 3854 fuisse
1674 3798 1941 3870 Spiritum

366 3902 621 3948 sanctum
656 3892 927 3957 dicentes,
964 3892 1074 3946 duo
1099 3891 1217 3948 lucc
1239 3893 1691 3948 concludebant:
1735 3894 1935 3963 primo,

363 3982 515 4053 quod
578 3982 845 4050 Spiritum
902 3992 1217 4039 creaturam
1282 3984 1587 4054 putabant;
1652 3982 1939 4050 secundo,

364 4077 515 4147 quod
562 4075 736 4132 Filius
788 4092 957 4131 causa
1010 4078 1133 4148 ejus
1166 4086 1333 4141 esset,
1369 4086 1426 4132 et
1474 4078 1575 4131 hoc
1631 4077 1803 4146 ipsam
1844 4093 1937 4147 per

365 4168 705 4239 signiﬁcare.
768 4167 940 4238 Igitur
1005 4169 1050 4222 si
1113 4178 1409 4236 utrumque
1483 4167 1683 4221 falsum
1752 4179 1949 4233 esset,"

366 4268 665 4328 utrumque
699 4257 956 4314 doctores
992 4266 1423 4329 oppugnassent,
1461 4256 1933 4327 quemadmodum

363 4359 422 4408 et
450 4348 602 4405 illum
630 4365 662 4404 a
693 4348 967 4405 creaturis
1003 4349 1258 4404 eximunt
1294 4367 1308 4403 :
1341 4363 1514 4418 quare
1541 4364 1641 4404 nec
1689 4364 1933 4420 unquam

2043 1985 2143 2039 μεν
2183 1969 2273 2033 ἂν,
2306 1971 2402 2022 καὶ
2443 1969 2697 2040 φανερῶς
2727 1971 2827 2042 τὴν
2865 1969 2964 2025 διὰ
3026 1971 3165 2039 μετὰ
3203 1972 3387 2035 αἰτίας
3434 1971 3614 2037 δεξαε.

2045 2059 2201 2130 μεθα,
2229 2059 2306 2124 ὡς
2342 2060 2420 2131 μὴ
2464 2061 2608 2133 ἔχειν
2635 2062 2793 2130 λόγον
2837 2062 3025 2118 λοιπὸν
3072 2063 3104 2132 ἢ
3134 2060 3256 2118 ἀντὶ
3294 2064 3392 2135 τῆς
3436 2066 3613 2134 μετὰ,

2041 2150 2213 2220 αὐτὴν
2238 2149 2457 2218 λέγειν·
2494 2153 2527 2221 ἡ
2571 2151 2725 2220 μετὰ
2777 2150 2890 2221 γὰρ
2938 2152 3000 2205 οὖ
3049 2151 3339 2223 διακρίνει,
3374 2153 3531 2221 ἢτὴν
3558 2155 3617 2204 ἐν

2041 2239 2119 2311 τῷ
2143 2244 2335 2313 κόσμῳ
2364 2243 2458 2296 τοῦ
2483 2242 2800 2313 Πνεύματος
2825 2243 2893 2297 δι’
2917 2242 3049 2296 Υἰοῦ
3080 2243 3341 2313 ἐκφανσιν
3368 2245 3445 2314 τῷ
3472 2246 3619 2315 λόγῳ

2041 2332 2368 2401 δηλοῦσθαι·
2406 2332 2547 2405 αὕτη
2593 2333 2704 2406 γὰρ
2740 2334 2839 2388 οὐκ
2892 2334 2951 2399 ἐξ
2985 2335 3181 2390 ἀϊδίου.
3217 2337 3279 2390 Εἰ
3302 2336 3357 2389 δὲ
3400 2340 3434 2407 ὴ
3469 2337 3620 2401 λέξις

2042 2424 2137 2499 τοῦ
2188 2426 2494 2495 πεφηνέναι
2542 2425 2891 2490 σκανδαλίζει
2935 2426 3110 2489 τινας,
3156 2426 3317 2496 μόνον
3352 2427 3418 2479 τὸ
3445 2428 3619 2480 sxto-

2045 2514 2302 2584 ρεύεσθαι
2331 2517 2631 2588 προσήκειν
2681 2519 2750 2588 τῇ
2785 2517 2877 2571 τοῦ
2909 2520 3227 2589 Πνεῦματος
3270 2517 3503 2586 ὑπάρξει
3529 2535 3619 2570 νο-

2048 2596 2324 2675 μίζοντας,
2381 2609 2478 2661 καὶ
2511 2611 2577 2678 τῇ
2629 2608 2950 2679 ὐπαρκτικῇ
2995 2609 3211 2678 προόδῳ
3248 2607 3440 2672 αὐτοῦ,
3468 2608 3532 2660 τὸ
3559 2609 3621 2660 δὲ

2044 2698 2353 2768 πεφηνέναι
2387 2698 2469 2762 εἰς
2519 2699 2619 2768 τὴν
2654 2700 3015 2772 μεταδοτικὴν
3068 2700 3102 2770 ἢ
3149 2699 3414 2770 χρονικην
3456 2698 3624 2769 μόνον

2045 2791 2296 2860 πρόοδον,
2333 2791 2367 2862 ἢ
2421 2791 2501 2855 εἰς
2530 2793 2628 2862 τὴν
2660 2792 2796 2864 πρὸς
2825 2791 2925 2863 τὴν
2983 2794 3161 2846 κτίσιν
3197 2791 3502 2862 φανέρωσιν
3530 2790 3626 2843 li.-

2046 2898 2240 2944 κοντας
2262 2896 2277 2911 ·
2312 2882 2430 2953 ὄιρα
2470 2883 2656 2947 λοιπὸν
2711 2884 2892 2947 αὐτοῖς
2931 2886 3024 2938 καὶ
3063 2885 3154 2938 τὸν
3181 2884 3309 2937 Υἰὸν
3339 2883 3625 2954 μεταδίδο-

2049 2974 2172 3027 σθαι
2206 2975 2409 3044 λέγειν,
2439 2974 2472 3044 ἧ
2503 2973 2820 3047 πέμπεσθαι
2862 2975 3014 3047 παρὰ
3041 2973 3139 3030 τοῦ
3172 2974 3407 3046 Πατρδς,
3431 2975 3495 3029 ix
3523 2974 3621 3030 τοῦ

2053 3150 2372 3207 immediate
2415 3165 2444 3205 a
2496 3150 2655 3207 Patre
2686 3160 2791 3219 est,
2827 3151 2934 3208 hoc
2962 3163 3047 3207 est
3070 3167 3167 3223 per
3193 3151 3392 3208 Filium
3420 3169 3436 3219 ;
3470 3162 3527 3208 et
3556 3168 3625 3207 eo

2054 3240 2438 3312 distinguitur,
2499 3242 2713 3312 inquit,
2763 3242 3007 3314 Spiritus
3051 3260 3082 3299 a
3128 3243 3290 3311 Filio,
3338 3247 3469 3315 quia
3526 3261 3626 3315 per

2052 3331 2235 3402 ipsum
2269 3343 2374 3389 est.
2404 3332 2569 3398 Quasi
2599 3333 2830 3401 diceret,
2862 3334 3009 3404 quod
3039 3350 3164 3389 cum
3198 3334 3360 3389 ambo
3384 3351 3413 3388 a
3445 3335 3627 3406 primo

2052 3425 2183 3490 sint,
2208 3439 2318 3479 non
2347 3424 2682 3481 suﬂicienter
2702 3425 3197 3497 distinguerentur,
3221 3427 3325 3483 nisi
3357 3428 3499 3486 alter
3520 3444 3629 3499 per

2057 3519 2293 3574 alterum
2341 3528 2510 3577 esset.
2540 3518 2611 3577 Ut
2644 3519 2936 3577 manifeste
2969 3537 3063 3589 per
3086 3521 3503 3577 distinctionem
3537 3524 3629 3576 hic

2053 3610 2411 3681 signiﬁcaret,
2447 3622 2506 3667 et
2548 3612 2959 3668 distinctionem
3001 3628 3124 3684 quae
3170 3614 3240 3668 ab
3272 3624 3485 3669 aeterno
3515 3625 3623 3680 est,

2053 3717 2286 3773 quaeque
2322 3700 2628 3759 secundum
2660 3719 2884 3761 causam
2933 3715 2990 3761 et
3020 3715 3304 3762 causatum
3334 3716 3461 3773 est;
3496 3721 3628 3763 cum

2053 3803 2215 3850 antea
2245 3794 2466 3864 dixerit,
2496 3810 2662 3852 causa
2687 3805 2743 3851 et
2774 3803 3001 3853 causan
3030 3798 3358 3854 tantutn’ab
3385 3798 3623 3854 invicem

2053 3884 2274 3942 divinas
2338 3901 2607 3956 personas
2657 3886 2949 3959 distingui.
3006 3888 3161 3955 Quod
3217 3889 3365 3944 enim
3426 3889 3625 3951 infert.

2058 3978 2218 4032 aliam
2246 3972 2617 4035 diii'crentiam
2659 3978 2728 4034 de
2753 3978 2894 4035 Filio
2922 3988 2979 4036 et
3004 3979 3214 4051 Spiritu
3235 3988 3429 4038 sancto
3459 3982 3626 4037 intel-

2051 4067 2173 4138 ligi,
2219 4084 2331 4125 non
2382 4079 2532 4126 recte
2561 4071 2687 4137 quis
2714 4080 2936 4141 putaret
2967 4071 3134 4126 aliam
3165 4072 3471 4127 secundum
3500 4088 3631 4142 spe-

2053 4163 2194 4216 ciem
2226 4177 2242 4228 ;
2269 4164 2678 4221 contradiceret
2720 4178 2957 4234 namque
2988 4164 3091 4221 sibi
3128 4163 3255 4233 ipsi,
3284 4164 3331 4220 si
3373 4178 3498 4220 cum
3526 4179 3628 4219 αη-

2056 4266 2144 4306 tea
2208 4268 2374 4307 causa
2432 4265 2486 4308 et
2537 4265 2761 4310 causata
2818 4265 3030 4310 tantum
3094 4256 3297 4310 dixerit
3356 4272 3629 4328 personas

2034 4336 2272 4402 divinas
2302 4347 2607 4418 .distingui,
2666 4347 2868 4402 deinde
2921 4349 3093 4403 alium
3155 4348 3378 4405 modum
3423 4350 3627 4406 distin-

367 4441 613 4512 neperies
641 4457 740 4497 eos
786 4456 916 4496 usos
943 4441 1011 4495 dc
1039 4436 1253 4512 Spiritu
1299 4440 1405 4496 hoc
1431 4442 1723 4509 vocabulo,
1760 4443 1937 4498 factus
1975 4453 2017 4507 ι)
2046 4438 2247 4493 ctionis
2270 4440 2456 4508 specie
2487 4438 2836 4493 dili’erentem
2871 4439 3213 4495 tradidisset.
3249 4441 3423 4496 Aliam
3454 4444 3627 4514 igitur

362 4545 470 4600 est,
502 4543 1062 4605 tanquam.creaturze
1089 4534 1444 4603 appropriate
1472 4534 1583 4588 :ita
1608 4549 1712 4590 nec
1731 4550 1938 4604 prapo-

361 4627 566 4682 sitione
597 4641 691 4696 per
720 4625 806 4679 usi
842 4623 1082 4680 fuissent
1125 4639 1393 4693 unquam,
1444 4625 1490 4679 si
1523 4639 1648 4680 cum
1693 4625 1937 4680 haeretici

362 4731 488 4770 eam
521 4724 788 4787 putarent
820 4730 1043 4769 causam
1076 4713 1414 4784 signiﬁcare,
1448 4714 1584 4784 ipsis
1615 4732 1725 4771 non
1759 4717 1936 4773 solum

362 4808 589 4872 falsum.
636 4823 829 4864 verum
866 4809 1093 4879 impium
1139 4808 1247 4862 hoc
1295 4808 1474 4862 visum
1517 4820 1684 4864 esset.
1730 4812 1807 4865 Ita
1841 4826 1939 4880 per

363 4904 553 4956 omnia
603 4902 808 4958 veritas
861 4901 979 4972 ipsa
1033 4901 1140 4956 sibi
1194 4902 1517 4963 concordat.
1546 4913 1602 4956 et
1653 4904 1941 4959 manifeste

366 5009 588 5048 Causam
633 4993 906 5064 signiﬁcat
939 5009 1054 5063 per,
1102 5008 1229 5048 cum
1266 4993 1337 5047 de
1375 4993 1656 5063 aliquibus
1709 4995 1943 5064 accipia-

367 5097 479 5141 tur.
518 5083 634 5142 lioc
660 5085 805 5141 idem
838 5101 906 5141 ex
940 5084 1185 5156 ejusdem
1231 5084 1477 5139 doctoris
1528 5085 1595 5138 ad
1647 5084 1938 5140 Ablabium

366 5178 617 5235 oratione
644 5178 937 5250 probatur.
987 5177 1207 5234 Etenim
1256 5191 1383 5232 cum
1418 5177 1533 5232 illic
1563 5178 1728 5232 etiam
1761 5179 1827 5232 de
1861 5178 1943 5233 di-

366 5273 621 5328 \inarum
680 5287 1041 5343 personarum
1070 5270 1431 5328 distinctione
1470 5280 1757 5338 tractaret,
1790 5281 1946 5343 post-

272 5405 277 5412 .
366 5379 530 5433 quam
560 5363 952 5421 universaliter
985 5378 1151 5420 causa
1201 5373 1259 5418 et
1306 5372 1535 5418 causato
1584 5363 1654 5417 ab
1703 5363 1941 5417 invicem

363 5472 459 5513 eas
490 5457 764 5524 distinxit,
807 5456 1006 5513 deinde
1036 5456 1239 5513 Filium
1284 5472 1313 5511 a
1349 5456 1558 5527 Spiritu
1589 5457 1754 5512 etiam
1799 5471 1945 5527 prae-

370 5549 642 5617 positione
704 5564 798 5621 per
859 5546 1168 5618 distinguit.
1225 5547 1321 5603 Ille
1377 5547 1602 5619 quidem
1666 5557 1797 5614 est,
1856 5549 1939 5602 in-

367 5638 592 5708 quiens,
622 5641 941 5696 immediate
984 5656 1015 5695 a
1049 5639 1250 5709 primo,
1285 5638 1461 5694 Filius
1490 5638 1753 5695 videlicet
1781 5657 1810 5694 a
1847 5639 1949 5695 Pa-

366 5732 481 5790 tre;
536 5725 626 5779 hic
679 5742 810 5781 vero
856 5728 926 5783 de
983 5726 1190 5796 Spiritu
1247 5726 1483 5795 dicens,
1526 5743 1625 5799 per
1670 5744 1796 5785 eum
1847 5730 1941 5801 qui

2043 4529 2415 4587 diﬂerentiam
2466 4530 2775 4585 secundum
2817 4547 3110 4587 numerum
3158 4534 3518 4604 accipientes,
3568 4546 3630 4589 et

2044 4632 2193 4677 recte
2219 4637 2345 4677 cum
2378 4633 2567 4678 sancto
2592 4623 2822 4679 doctore
2851 4619 3155 4679 sentiemus
3184 4634 3242 4679 et
3270 4625 3621 4694 praepositio—

2043 4730 2165 4768 nem
2199 4729 2292 4783 per
2348 4730 2472 4769 cutn
2506 4730 2672 4771 causa
2720 4715 3111 4786 intelligemus,
3157 4717 3230 4770 ita
3269 4726 3328 4772 ut
3369 4717 3504 4772 nulli
3539 4732 3627 4772 ra-

2046 4807 2123 4861 tio
2153 4806 2519 4886 relinquatur.
2549 4808 2633 4862 vel
2681 4823 2782 4878 pro
2830 4825 2949 4862 cum
3005 4824 3125 4864 eam
3167 4813 3435 4880 accipere.
3482 4809 3623 4865 Cum

2042 4900 2190 4954 enim
2216 4916 2324 4955 non
2352 4901 2667 4970 distinguit,
2703 4901 2788 4957 vel
2820 4900 3030 4955 mundo
3061 4917 3158 4972 per
3201 4903 3398 4958 Filium
3443 4903 3622 4957 mani-

2044 4993 2394 5048 festationem
2427 4993 2692 5063 Spiritus,
2728 5008 2848 5049 eam
2893 4994 3212 5065 signiﬁcare
3238 5005 3469 5065 putare;
3506 4995 3623 5050 haec

2042 5086 2191 5141 enim
2232 5100 2344 5140 non
2399 5094 2486 5141 est
2537 5086 2608 5141 ab
2664 5094 2893 5143 aeterno.
2923 5086 3080 5154 Quod
3130 5087 3177 5143 si
3224 5087 3458 5143 verbum
3491 5086 3625 5155 huc.

2044 5176 2409 5243 manilestari,
2460 5178 2676 5248 aliquos
2718 5179 3076 5244 scandalizat,
3128 5180 3384 5247 verbum,
3426 5194 3623 5251 procc-

2046 5271 2197 5336 dere,
2246 5280 2458 5325 tantum
2509 5271 2748 5343 Spiritus
2794 5273 3165 5331 subsistentia
3216 5282 3474 5344 putantes
3524 5273 3621 5328 deo

2048 5363 2179 5418 bere
2226 5365 2454 5419 attribui
2505 5383 2519 5420 :
2563 5366 2905 5421 manilestari
2950 5381 3083 5423 vero
3132 5366 3202 5422 ad
3258 5367 3619 5439 temporalem

2049 5456 2484 5525 procesSionem,
2531 5466 2588 5511 et
2635 5459 3030 5514 charismatum
3084 5458 3385 5526 dationem,
3444 5468 3503 5515 et
3547 5459 3619 5516 ad

2047 5548 2237 5603 mundi
2303 5549 2805 5605 manifestationem
2875 5552 3158 5608 trahentes
3208 5569 3225 5606 :
3295 5552 3617 5607 earumdem

2044 5638 2211 5692 etiam
2258 5639 2365 5693 erit
2410 5636 2630 5694 Filium‘
2656 5642 2861 5698 mundo
2911 5643 3055 5706 dari,
3107 5642 3192 5699 vel
3242 5644 3621 5714 temporaliter

2048 5732 2186 5788 mitti
2219 5731 2426 5799 dicere,
2458 5749 2583 5790 cum
2615 5751 2741 5791 cum
2776 5735 3006 5804 audiant
3040 5754 3068 5792 a
3104 5737 3265 5795 Patre
3296 5734 3619 5819 inanitas}:-
