3990 6212
287 329 393 391 ὗῗτ

1219 315 1508 378 ORATIO
1551 305 1991 375 DOGMA'Tl-CA
2042 310 2190 371 [ιιιο
2237 289 2560 372 U‘Ntoxs.

3439 308 3543 372 678
3620 244 3631 264 ι

271 439 502 511 ,Πατρὸς
535 434 703 490 αὑτὸν
754 433 1013 488 ἀκούουσι
1073 433 1398 501 πεφηνέναι,
1433 427 1495 484 06
1527 429 1759 498 πλήρεις
1814 429 1863 480 οί
1894 428 1942 486 Α
1974 424 2210 495 ὓπαρξιν
2240 427 2383 496 ἔχειν
2406 439 2419 454 ·
2454 423 2547 476 καὶ
2583 422 2684 474 οῦκ
2718 420 2784 476 ἂν
2826 423 2896 476 δι’
2927 419 3098 477 αὐτοῦ
3134 422 3193 476 ἐν
3216 421 3395 494 χρόνῳ
3422 425 3549 480 ἐπι.

200 581 207 588 .
284 534 436 602 λόγοι
483 530 594 584 τῶν
626 526 988 580 διδασκᾶλων.
1034 523 1305 591 Κύρι).λος
1359 523 1467 593 γὰρ
1514 523 1542 574 6
1589 520 1864 590 μακάριος

286 631 346 682 ὲν
389 623 472 695 τῷ
528 620 667 693 πρὸς
722 614 1089 686 Οὑαλεριανον
1125 615 1429 668 ἐπίσκοπον
1479 613 1645 682 λόγῳ,
1672 612 1866 677 Ἄγιος

287 717 417 786 γὰρ.
452 713 644 784 φησὶν,
677 709 754 764 ὥν
801 709 945 762 κατὰ
995 706 1180 774 φύσιν,
1213 705 1469 774 καθάπερ
1500 705 1694 774 ἀμέλει
1719 703 1817 757 καὶ
1840 703 1868 756 6

290 805 502 874 Πατὴρ,
524 805 552 857 6
585 801 645 866 ἐξ
680 798 845 854 αὐτοῦ
881 797 1146 868 πεφηνὼς
1179 796 1312 857 Υίδς
1344 796 1664 865 μονογενής.
1711 793 1816 846 Καὶ
1844 794 1872 845 6

290 899 452 960 αὐτὸς
479 895 608 966 περὶ
641 893 735 947 τοῦ
770 891 1006 962 Χριστοῦ
1033 890 1197 943 πάλιν
1218 905 1233 920 ο
1277 888 1440 942 ’ἰδιόν
1466 889 1584 940 ἐστι
1605 887 1665 939 16
1698 883 1870 938 Πνεῦ-

294 1008 376 1060 μα
401 989 496 1041 τοῦ
530 986 683 1048 Υίοῦ,
713 985 830 1038 οῠτι
861 999 966 1035 που
995 982 1157 1051 μόνον
1251 978 1426 1047 Λόγος
1455 978 1574 1032 ἐστὶ
1607 974 1869 1048 πεφηνὼς

291 1084 358 1134 ἐκ
393 1078 628 1148 Πατρὸς,
654 1075 774 1130 ἀλλ’
807 1077 855 1127 εί
888 1075 983 1128 καὶ
1016 1076 1190 1127 νοοῖτο
1237 1069 1358 1124 καθ’
1386 1071 1537 1141 ἡμᾶς
1579 1068 1872 1139 ἄνθρωπος

294 1171 559 1242 γεγονώς.
589 1171 720 1223 Ὅτε
745 1169 926 1222 τοίνυν
954 1165 1188 1219 ἐνταῦθα
1218 1165 1280 1218 16
1307 1164 1613 1233 πεφηνέναι
1643 1161 1704 1214 16
1732 1158 1873 1215 εἶναι

297 1267 392 1318 καὶ
420 1265 484 1318 16
513 1263 788 1332 ὑπάρχειν
803 1259 982 1329 δηλοῑ,
1013 1257 1133 1320 πῶς
1167 1255 1259 1309 ἐπὶ
1293 1254 1392 1309 τοῦ
1432 1255 1752 1324 Πνεύματος
1778 1251 1872 1307 τοῦ

299 1357 458 1424 ἁγίου
488 1355 549 1407 οὐ
583 1350 997 1421 καταδεξάμεοα
1021 1349 1083 1402 16
1114 1349 1247 1403 αὐτὸ
1269 1345 1432 1401 τοῦτο
1464 1343 1829 1417 σημαίνεσθαι
1856 1359 1872 1410 ;

296 1447 326 1500 6
359 1448 416 1500 δὲ
448 1447 543 1499 καὶ
568 1445 644 1514 μὴ
677 1442 1042 1510 βουλομένους
1066 1437 1372 1506 ἀναγκάσει
1399 1435 1661 1500 δέξασθαι
1688 1432 1872 1498 τοῦτο,

300 1542 386 1592 ὅτι
416 1537 511 1591 xci.
541 1537 633 1589 ἐπὶ
656 1535 754 1588 τοῦ
793 1533 1110 1602 Πνεύματος
1139 1534 1235 1586 καὶ
1263 1531 1364 1600 τῆς
1398 1527 1748 1598 ὑπαρκτικῆς
1779 1525 1876 1579 αύ-

301 1631 400 1685 τοῦ
430 1629 655 1700 προόδου
709 1629 770 1680 τὸ
799 1626 931 1680 αὑτό
964 1625 1184 1692 λέγεται
1213 1623 1394 1678 τοῦτο.
1425 1621 1588 1688 Λέγει
1616 1620 1675 1672 δὲ
1724 1619 1822 1672 καὶ
1851 1619 1881 1672 6

307 1727 483 1795 μέγας
513 1723 790 1782 Βασίλειο;
810 1736 825 1752 ο
862 1719 936 1774 Τὸ
982 1717 1208 1788 Πνεῦμα
1235 1717 1390 1772 οὐδὲν
1419 1715 1544 1783 ἔχον
1572 1715 1723 1768 ἐστὶν
1754 1713 1878 1766 επί-

305 1836 506 1888 κτητον
533 1820 591 1870 ἐν
621 1815 821 1885 ἑαυτῷ,
855 1812 974 1868 ἀλλ’
997 1811 1186 1874 arato;
1211 1810 1394 1864 πάντα
1418 1808 1531 1880 ἔχει
1551 1807 1626 1870 ὡς
1650 1805 1879 1876 Πνεῦμα

305 1911 468 1977 Θεοῦ,
498 1910 593 1963 καὶ
623 1908 682 1972 ἐξ
729 1906 896 1961 αὑτοῦ
937 1907 1203 1975 πεφηνός.
1235 1903 1394 1956 Οὕτω
1425 1903 1577 1955 πᾶσα
1605 1899 1881 1971 πρόφασις

305 2005 640 2074 ἀφαιρεῖται
668 2001 777 2055 τῶν
808 1999 1121 2070 ζητούντων
1153 1984 1489 2067 προφάσειςξ
1515 1989 1624 2046 Καὶ
1654 1993 1764 2063 γὰρ
1816 1991 1883 2063 δὴ

311 2097 404 2150 καὶ
428 2097 456 2149 ὅ
482 2112 654 2165 φησιν
683 2094 712 2145 ὁ
740 2092 1144 2162 προειρημένος
1172 2087 1473 2159 Γρηγόριος
1499 2086 1530 2138 6
1567 2085 1790 2156 Νύσοης
1823 2085 1883 2137 ἐν

308 2191 374 2259 τῇ
405 2188 500 2242 τοῦ
547 2185 846 2256 ὁμωνύμου
875 2184 1029 2252 αύτῷ
1067 2183 1164 2237 καὶ
1205 2176 1644 2250 Θαυματουργοῦ
1672 2177 1885 2249 Γρηγο-

313 2281 432 2353 ρίου
467 2277 812 2348 ἀποκαλύψει
841 2277 969 2347 περὶ
999 2275 1093 2329 τοῦ
1137 2273 1296 2342 ἁγίου
1333 2271 1673 2342 Πνεύματος,
1706 2271 1781 2332 ὡς
1817 2269 1886 2322 δι’

313 2373 442 2428 Υίοῦ
474 2375 686 2443 πέφηνε
717 2369 921 2440 δηλαδὴ
948 2372 1060 2433 τοῖς
1083 2366 1416 2439 ἀνθρώποις,
1443 2363 1598 2419 οὐδέν
1629 2363 1766 2434 πρὸς
1794 2362 1888 2415 16v

313 2467 472 2535 λόγον
499 2483 513 2497 ν
549 2465 654 2528 ἓως
685 2464 752 2519 ἂν
782 2463 843 2516 16
867 2463 937 2518 6t‘
972 2461 1104 2516 Υίοῦ
1131 2460 1457 2531 πεφηνέναι.
1493 2457 1754 2529 σημαίνει
1787 2457 1887 2526 μὲν

315 2562 410 2610 καὶ
437 2559 747 2629 ἀμφότερα,
775 2556 838 2609 τό
863 2571 924 2608 τι
957 2552 1026 2608 δι’
1053 2551 1186 2607 Υίοῦ
1232 2551 1546 2617 ἀνθρώποις
1575 2547 1888 2619 γνωσθῆναι

317 2653 376 2703 ὲν
408 2641 607 2722 χρόνῳ,
642 2649 703 2702 τό
727 2664 789 2702 τε
818 2647 886 2700 δι’
935 2643 1069 2699 Υίοῦ
1097 2644 1199 2715 τὴν
1227 2642 1401 2696 ἀΐδιον
1435 2640 1675 2712 ὕπαρξιν
1718 2639 1888 2709 ἔχειν,

316 2738 419 2797 ὦσι
449 2743 508 2798 δὲ
531 2745 678 2812 ὅμως
713 2741 808 2795 καὶ
855 2739 1145 2810 ἀμφότερα
1175 2737 1371 2808 ἀληθῆ,
1405 2735 1501 2788 ἐπὶ
1538 2733 1648 2790 τῶν
1671 2734 1890 2787 οἰκείων

317 2837 707 2909 Μμὸανόμενα
758 2834 964 2888 τόπων.
1004 2831 1235 2901 ’Δφίημι
1266 2829 1378 2900 γὰρ
1437 2828 1494 2881 ἔν
1530 2844 1596 2897 γε
1640 2827 1719 2898 τῷ
1769 2825 1893 2881 νυνὶ

320 2933 523 2998 λέγειν,
555 2928 631 2991 ὡς
653 2927 714 2980 16
737 2926 810 2996 δι’
845 2924 978 2980 Υίοῦ
1014 2923 1320 2994 πεφηνέναι
1340 2920 1654 2996 ἀνθρώποις
1679 2922 1738 2974 ὲν
1760 2921 1894 2992 χρό-

321 3042 398 3095 νῳ
427 3020 855 3093 προῦπστίθησιν
884 3019 946 3085 ἐξ
973 3017 1222 3089 ἀνάγκης
1250 3016 1310 3070 16
1334 3015 1401 3069 6t‘
1427 3014 1561 3068 Υίοῦ
1591 3015 1693 3086 τὴν
1723 3013 1895 3069 ἀΐδιον

323 3209 395 3270 ri,
421 3206 567 3279 quod
608 3206 677 3262 ab
709 3205 968 3262 omnibus
1003 3203 1378 3260 communiter
1405 3201 1728 3259 doctoribus
1757 3199 1895 3256 dici-

325 3313 435 3356 tur.
473 3301 669 3354 Beatus
702 3298 910 3354 etenim
929 3297 1168 3368 Cyrillus
1193 3296 1260 3350 ad
1288 3295 1639 3351 Valerianum
1682 3292 1896 3363 episco-

266 3455 272 3462 ν,
323 3407 490 3465 pum:
525 3389 661 3445 Cum
694 3391 844 3445 enim
873 3377 1334 3459 quemadmodum
1366 3385 1552 3451 Pater,
1589 3385 1686 3449 ait,
1730 3385 1803 3439 ita
1841 3391 1898 3438 et

324 3485 416 3555 qui
448 3501 517 3540 ex
547 3498 615 3538 eo
665 3481 1071 3547 manifestatur,
1117 3478 1433 3548 unigenitus
1481 3476 1656 3532 Filius
1700 3486 1896 3530 natura

324 3587 545 3631 sanctus
590 3575 686 3631 sit.
741 3574 808 3628 Et
848 3588 1042 3627 rursus
1093 3571 1284 3626 idem:
1327 3570 1590 3640 Proprius
1638 3579 1722 3624 est
1768 3566 1896 3622 Filii

326 3669 567 3738 Spiritus
609 3675 858 3731 sanctus,
914 3665 1116 3736 inquit,
1152 3680 1262 3719 non
1309 3664 1486 3719 solum
1524 3662 1579 3716 in
1630 3670 1896 3732 quantum

327 3761 562 3815 Verbum
610 3768 694 3813 est
735 3773 802 3813 ex
843 3759 1003 3814 Patre
1057 3756 1487 3821 manifestatum,
1517 3753 1614 3810 sed
1646 3745 1897 3808 etiamin

325 3862 591 3922 quantum
628 3851 957 3922 intelligitur
993 3850 1161 3905 homo
1205 3848 1510 3904 secundum
1555 3859 1661 3900 nos
1699 3844 1897 3901 factus.

323 3946 478 4011 Quod
507 3946 551 3998 si
589 3945 642 3997 in
675 3944 782 4009 liis,
832 3943 1201 4008 mauifestari,
1235 3957 1357 3997 esse
1385 3951 1443 3997 et
1471 3951 1735 3995 aeternam
1770 3939 1904 3994 sub-

326 4037 654 4102 sistentiam,
688 4043 744 4091 et
792 4037 1202 4106 generationem
1236 4034 1361 4089 Filii
1394 4033 1694 4104 signiﬁcat,
1727 4047 1902 4103 quare

329 4147 437 4184 non
488 4130 630 4184 idem
677 4131 825 4184 etde
860 4127 1070 4197 Spiritu
1102 4137 1292 4182 sancto
1325 4126 1704 4197 significaret?
1743 4124 1900 4192 Quod

329 4234 513 4278 autem
549 4231 604 4276 et
648 4222 896 4276 nolentes
925 4228 1146 4290 cogeret
1174 4219 1483 4273 concedere
1520 4218 1665 4272 idem
1699 4204 1911 4288 signili;

328 4329 476 4377 care.
504 4312 638 4368 illud
663 4322 765 4377 est,
794 4311 940 4382 quod
965 4310 1132 4365 etiam
1163 4309 1232 4364 de
1264 4308 1470 4379 Spiritu
1505 4318 1560 4365 et
1591 4309 1713 4378 ejus
1742 4316 1905 4362 aeter-

329 4421 398 4459 na
427 4405 780 4473 processione
809 4405 913 4458 hoc
946 4403 1091 4458 idem
1117 4401 1339 4467 dicitur,
1366 4401 1586 4456 dicente
1615 4399 1672 4452 Β.
1700 4399 1902 4454 Basilio

330 4499 401 4551 de
453 4495 664 4567 Spiritu
715 4503 946 4552 sancto:
977 4495 1063 4550 Nil
1102 4493 1465 4549 adventitium
1501 4493 1557 4547 in
1593 4507 1653 4548 se
1705 4491 1895 4556 liabet,
1937 4488 1983 4549 ί)
2012 4511 2179 4567 quam
2241 4506 2298 4551 et
2361 4496 2641 4568 Nyssenns
2694 4495 2994 4566 Gregorius

329 4590 427 4644 sed
486 4588 823 4643 aeternaIiter
875 4589 1059 4641 omnia
1110 4587 1274 4642 habet
1338 4595 1598 4660 tanquam
1656 4583 1904 4655 Spiritus

333 4683 452 4746 Dei,
482 4690 539 4734 et
569 4697 634 4735 ex
663 4696 729 4736 eo
777 4680 1160 4735 manifestatus
1192 4696 1207 4735 :
1237 4675 1312 4735 ita
1345 4681 1526 4734 omnis
1558 4679 1777 4736 occasio
1804 4678 1906 4732 tol-
1947 4689 1956 4706 °

331 4775 466 4827 titur
525 4773 808 4843 malignari
857 4771 1231 4842 cupientibus.
1281 4771 1420 4826 Illud
1473 4771 1701 4834 etenim,
1757 4767 1905 4843 quod

332 4864 631 4934 pra-dictus
650 4863 948 4933 Gregorium
979 4862 1258 4936 Nyssenus
1295 4862 1354 4916 in
1395 4861 1732 4918 revelatione
1761 4858 1909 4914 Neo-

337 4955 695 5009 tassareensis
724 4954 996 5025 Gregorii,
1029 4954 1124 5025 qui
1161 4953 1442 5008 miraculis
1471 4953 1802 5019 coruscavit,
1838 4950 1908 5006 de

335 5049 546 5117 Spiritu
599 5047 754 5110 dicit,
807 5047 954 5118 quod
1002 5064 1101 5119 per
1145 5049 1344 5120 Eilium
1394 5046 1778 5103 manifestatus
1813 5045 1908 5111 sit,

332 5141 567 5204 addens,
599 5141 852 5194 videlicet
885 5139 1224 5206 hominibus,
1259 5140 1338 5195 nil
1374 5146 1567 5196 contra
1603 5154 1706 5194 nos
1733 5138 1864 5194 facit
1893 5155 1908 5192 :

328 5236 608 5306 siquidem
657 5235 763 5292 boc
801 5235 949 5305 quod
996 5250 1096 5306 per
1128 5234 1328 5290 Filium
1381 5233 1765 5289 manifestatus
1815 5231 1908 5296 sit,

327 5327 607 5399 signiﬁcat
637 5329 861 5401 quidem
899 5338 1195 5401 utrumque
1233 5327 1428 5395 etiam,
1485 5326 1632 5400 quod
1685 5343 1784 5397 per
1821 5326 1911 5382 Fi-

326 5425 466 5478 lium
533 5423 605 5476 sit
659 5421 979 5476 hominibus
1027 5421 1344 5476 notitlcatus
1407 5419 1810 5492 temporaliter,
1855 5426 1913 5473 et

324 5515 479 5588 quod
541 5529 636 5584 pcr
673 5513 869 5571 Filium
928 5513 1321 5568 :eternalitatcr
1383 5504 1743 5582 producatur,
1799 5508 1913 5563 sint

325 5623 464 5662 vero
533 5617 768 5676 utraque
841 5621 990 5671 vera,
1060 5606 1116 5658 in
1174 5604 1412 5674 propriis
1471 5603 1607 5658 locis
1653 5609 1908 5672 occepta.

203 5757 210 5762 ,
323 5701 542 5757 Omitto
589 5713 826 5770 namque
858 5699 1043 5754 dicere
1095 5698 1148 5752 in
1191 5697 1471 5767 prmscnti,
1508 5696 1654 5767 quod
1688 5711 1786 5768 per
1818 5695 1910 5750 Fi-

328 5796 468 5861 lium
540 5793 920 5865 temporaliter
986 5786 1308 5846 hominibus
1355 5789 1718 5860 manilestati,
1773 5801 1913 5860 prte—

654 5892 927 5955 BHRDL.
976 5889 1091 5950 Gn.
1139 5885 1354 5953 CLXI.

1973 511 2155 590 φήνέι,
2197 520 2246 572 εἰ
2299 518 2374 589 μὴ
2405 517 2472 570 δι’
2503 515 2671 571 αὑτοῦ
2721 517 2822 586 τὴν
2875 515 3048 570 ἀΐδιον
3092 514 3330 586 ὓπαρξιν
3382 515 3548 586 εἶχεν.

1985 609 2146 663 Ἀλλὰ
2181 612 2271 664 καὶ
2305 611 2334 662 6
2388 610 2445 662 ἐν
2491 608 2744 680 Θεολογίᾳ
2797 609 2970 676 μέγας
3004 607 3335 680 Γρηγόριος,
3369 610 3552 681 ζητῶν

1972 704 2062 758 διὰ
2092 704 2147 758 τί
2179 705 2254 774 μὴ
2305 706 2399 757 καὶ
2451 704 2513 756 16
2537 702 2765 771 Πνεῦμα
2799 701 2927 764 Υἱὸς
2953 700 3242 772 κέκληται,
3281 703 3454 758 καὶεί
3494 721 3550 760 τι

1973 794 2127 866 αὐτῷ
2151 794 2390 848 ἐλλείπει
2422 797 2500 857 είς
2548 795 2609 847 16
2664 792 2804 850 εἶναι
2838 794 2975 859 υίὸς,
3009 795 3083 850 ού
3120 795 3325 861 λείπει,
3363 797 3555 868 φησὶν.

1974 889 2037 942 οὐ
2067 888 2198 958 γὰρ,
2222 887 2453 956 ἐλλιπὴς
2501 888 2536 958 η
2580 886 2775 959 θεότης
2798 903 2812 918 ·
2843 888 2905 941 τὸ
2941 888 2999 942 δὲ
3029 887 3130 959 τῆς
3165 889 3480 958 ὲκφάνσεως
3515 892 3550 966 ἢ

1975 983 2073 1048 τῆς
2102 980 2242 1051 πρὸς
2276 980 2485 1050 ἄλληλα
2517 980 2757 1052 σχέσεως
2784 979 3062 1052 διάφορον,
3095 981 3354 1054 διάφορον
3373 983 3558 1038 αὐτῶν

1979 1076 2077 1129 καὶ
2113 1074 2216 1146 τὴν
2241 1074 2435 1144 κλῆσιν
2474 1074 2777 1144 πεποίηκε’
2810 1075 2876 1146 τῇ
2911 1074 3047 1148 αὐτῇ
3084 1074 3179 1130 καὶ
3229 1078 3330 1148 μιᾷ
3361 1079 3558 1149 χρήσει

1977 1170 2076 1238 τήν
2110 1184 2170 1220 τε
2223 1166 2322 1236 τῆς
2368 1166 2686 1237 ὲκφᾶνσεως
2717 1165 2882 1232 λέξιν,
2915 1169 3012 1224 καὶ
3039 1168 3138 1239 τὴν
3184 1169 3280 1223 τοῦ
3317 1175 3560 1242 πεφηνέ-

1977 1275 2088 1324 ναι,
2116 1259 2178 1312 16
2205 1253 2348 1312 εἷναί
2375 1275 2434 1312 τε
2476 1260 2572 1312 καὶ
2603 1258 2874 1330 ὑπάρχειν
2900 1259 3138 1316 ἐνταῦθα
3181 1260 3379 1329 δηλοῦν
3409 1281 3558 1334 μαρ.

1978 1351 2160 1422 τυρῶν
2193 1350 2273 1419 τῷ
2327 1349 2608 1422 ὁμωνύμῳ
2633 1351 2926 1424 Γρηγορίῳ
2954 1352 3032 1424 τῷ
3077 1353 3324 1426 Νύσσης,
3351 1357 3444 1415 καὶ
3477 1357 3559 1418 ἔτι
3659 1343 3662 1345 Δ

1980 1441 2261 1513 διάκρισιν
2315 1443 2412 1496 καὶ
2463 1441 2626 1506 αὐτὸς
2678 1442 2966 1508 ἀποδιδοὺς
2994 1443 3094 1517 τὴν
3141 1445 3313 1518 αὐτὴν
3343 1447 3458 1520 Υἱῷ
3497 1437 3560 1509 τε

1985 1537 2080 1589 καὶ
2112 1535 2414 1606 Πνεύματι,
2448 1537 2541 1589 καὶ
2563 1535 2652 1596 διὰ
2681 1536 2790 1590 τῶν
2833 1539 3015 1592 αὐτῶν
3035 1555 3094 1592 1s
3129 1541 3219 1593 καὶ
3265 1537 3397 1595 ῐσων
3438 1544 3562 1611 τρό.

1983 1643 2103 1679 πων
2155 1625 2298 1681 αὐτὰ
2327 1626 2616 1696 διακρίνων
2647 1625 2896 1696 ἀλλήλων
2916 1643 2930 1658 ο
2961 1628 3044 1693 ὡς
3089 1631 3198 1702 γὰρ
3241 1633 3448 1696 ἐκεῖνος
3479 1633 3560 1706 τῷ

1988 1719 2126 1788 μήτε
2179 1719 2492 1788 μονογενῶς
2546 1718 2846 1791 ὕποστῆναι
2884 1721 2982 1775 καὶ
3021 1721 3102 1792 τῷ
3142 1724 3230 1778 διὰ.
3285 1724 3378 1785 τοῦ
3428 1725 3560 1786 Υίοῦ

1985 1809 2288 1879 πεφηνέναι
2320 1808 2416 1868 τοῦ
2458 1808 2586 1867 Υἱοῦ
2611 1810 2876 1879 διακρίνει
2916 1810 2978 1864 16
3010 1812 3258 1884 Πνεῦμα,
3289 1815 3437 1873 οὕτω
3468 1817 3566 1875 καὶ.

1984 1895 2140 1965 οὗτος
2189 1901 2269 1971 τῷ
2293 1918 2356 1954 τε
2389 1903 2492 1973 τῆς
2519 1902 2840 1974 ὲκφάνσεως
2885 1904 3153 1982 διαφόρῳ,
3185 1907 3282 1960 καὶ
3331 1907 3412 1976 τῷ
3459 1907 3564 1975 τῆς

1985 1995 2122 2065 πρὸς
2174 1993 2380 2064 ἄλληλα
2442 1996 2700 2066 σχέσεως.
2724 1995 2795 2050 Ὃ
2831 1997 2930 2068 μὲν
2987 1997 3193 2063 ἐκεῖνος
3223 1993 3378 2058 εἶπεν
3405 2001 3464 2055 ὲν
3490 2001 3570 2077 τῷ

1989 2083 2064 2155 μὴ
2108 2085 2414 2153 μονογενῶς
2441 2084 2766 2156 ὑποστῆναι,
2798 2087 2917 2141 ἀλλ’
2943 2090 3296 2160 ἐκπορευτῶς
3341 2092 3567 2166 δηλαδὴ,

1986 2173 2136 2228 τοῦθ’
2189 2173 2345 2239 οὖτος
2397 2176 2720 2246 ὲκφὰνσεως
2771 2178 3032 2251 διάφορον
3086 2184 3333 2254 εἴρηκεν,
3388 2186 3571 2242 είτουν

1987 2265 2242 2338 διάφορον
2273 2267 2474 2338 τρόπον
2527 2269 2814 2340 ὑπάρξεως
2839 2284 2855 2302 ⁶
2889 2271 2918 2331 6
2973 2273 3030 2326 δι
3053 2276 3081 2334 ὁ
3113 2275 3335 2352 Νύσσης
3361 2276 3447 2331 διὰ
3467 2276 3567 2333 106

1988 2359 2120 2413 Υίοῦ
2175 2361 2499 2436 πεφηνέναι,
2534 2361 2685 2420 1060'
2739 2361 2893 2430 0610;
2955 2366 3216 2442 διάφορον
3270 2369 3369 2440 τῆς
3420 2368 3567 2441 πρὸς

1990 2451 2200 2521 ἄλληλα
2229 2453 2468 2524 σχέσεως
2514 2451 2658 2509 εἷπε.
2709 2453 2904 2526 Σχέσιν
2938 2455 2996 2510 δὲ
3039 2457 3138 2530 τὴν
3176 2458 3313 2535 πρὸς
3365 2459 3574 2533 ἄλληλα

1993 2543 2125 2598 Υίοῦ
2154 2562 2214 2600 τι
2245 2545 2342 2600 καὶ
2377 2545 2702 2616 Πνεύματος
2732 2547 2837 2602 οὐκ
2878 2543 2979 2603 οἷδ’
3009 2551 3064 2604 εί
3086 2550 3213 2606 τινά
3237 2567 3322 2616 τις
3375 2552 3571 2630 ἑτέραν

1993 2637 2146 2710 εὕροι
2183 2632 2322 2711 πλὴν
2345 2639 2447 2710 τῆς
2473 2639 2614 2696 κατὰ
2645 2640 2706 2695 16
2736 2641 2984 2698 αἰτιατόν
3006 2661 3064 2698 τε
3092 2645 3188 2705 καὶ
3213 2643 3412 2713 αιτιον,
3447 2649 3570 2703 καθ’

1993 2731 2061 2804 ἢν
2087 2734 2116 2786 6
2152 2731 2252 2804 μὲν
2279 2735 2418 2805 πρὶς
2441 2733 2576 2788 αὐτὸ
2607 2735 2669 2788 16
2697 2734 2926 2810 Πνεῦμα
2952 2736 3034 2799 ὼς
3066 2738 3242 2800 αἰτιον
3268 2739 3406 2810 ἔχει,
3433 2740 3573 2800 τδδδ

1993 2825 2268 2899 διαφόρως
2299 2827 2436 2896 πρὸς
2459 2828 2554 2882 τὸν
2586 2827 2738 2896 Υἰδν,
2773 2831 2916 2886 κατὰ
2937 2830 2999 2886 16
3031 2831 3339 2904 παθητικὸν
3371 2834 3576 2914 δηλαδὴ

1995 2921 2091 2976 καὶ
2124 2921 2409 2992 ποιητικὸν
2437 2920 2512 2986 ὡς
2552 2921 2730 2982 αἴτιον
2759 2923 2951 2985 αὑτοῦ.
2986 2924 3058 2984 Ἥ
3093 2925 3325 2998 δειξάτω
3359 2929 3452 2999 μοί
3486 2945 3574 2992 τις

1997 3012 2193 3083 ἑτέραν
2221 3010 2408 3082 σχέσιν
2459 3007 2668 3084 μεταξὺ
2702 3013 2836 3076 Υίοῦ
2872 3031 2931 3069 τε
2963 3017 3057 3071 καὶ
3084 3016 3426 3092 Πνεύματος,
3451 3019 3576 3074 καθ’

2000 3200 2262 3272 supponit
2309 3200 2623 3257 necessario
2658 3215 2759 3273 per
2782 3200 2988 3258 Filium
3016 3203 3356 3262 mtemaliter
3386 3221 3578 3277 proce-

2000 3295 2172 3350 dere:
2224 3311 2327 3352 nec
2355 3311 2457 3366 per
2503 3311 2628 3350 eum
2676 3296 3057 3366 temporaliter
3108 3300 3575 3367 inanitestaretnr,

2002 3387 2106 3442 nisi
2163 3403 2260 3467 per
2288 3403 2415 3443 eum
2467 3387 2811 3443 aeternaliter
2839 3388 3186 3458 procederet.
3218 3391 3372 3450 Alter
3409 3393 3577 3450 etiam

2001 3477 2319 3547 Gregorius,
2367 3475 2751 3533 Nazianzenus
2789 3478 3072 3544 videlicet,
3101 3480 3194 3549 qui
3232 3494 3264 3535 a
3307 3480 3582 3552 theologia

1999 3583 2100 3639 per
2122 3569 2505 3627 excellentiam
2528 3569 2838 3643 Theologus
2865 3571 3286 3644 cognominatus
3307 3581 3411 3640 est,
3437 3589 3585 3644 quas.

2002 3676 2130 3720 rens
2168 3677 2271 3718 cur
2317 3669 2373 3717 et
2418 3661 2659 3733 Spiritus
2692 3679 2804 3719 non
2841 3663 3161 3724 nominetur
3189 3667 3386 3730 Filius.
3422 3677 3480 3722 et
3511 3682 3580 3723 an

2002 3755 2054 3810 ei
2082 3753 2288 3824 aliquid
2332 3753 2556 3814 deﬁciat
2596 3763 2656 3809 ut
2701 3755 2876 3812 Filius
2910 3759 3004 3825 sit,
3063 3773 3171 3816 non
3199 3760 3250 3814 ei
3273 3760 3584 3831 quidquam,

2003 3848 2238 3910 deiicere
2289 3848 2390 3916 ait,
2438 3847 2712 3908 divinitati
2754 3865 2993 3922 namque
3030 3849 3346 3920 delleitnil.
3404 3857 3580 3911 mani-

2003 3941 2310 3998 festationis
2349 3952 2534 3998 autem
2581 3941 2666 3997 vel
2705 3943 2990 4002 relationis
3019 3943 3088 4000 ad
3133 3945 3368 4009 invicem
3398 3949 3586 4010 diver.

2003 4035 2159 4099 sitas,
2212 4035 2431 4090 diversa
2482 4049 2706 4106 quoque
2760 4034 2842 4090 eis
2894 4035 3149 4094 attribuit
3193 4040 3456 4096 nomina:
3496 4041 3584 4098 his

2007 4109 2216 4193 verbis:
2244 4129 2711 4186 manifestatio’nis
2756 4129 3007 4195 verbum,
3057 4140 3325 4195 aeternam
3367 4152 3584 4206 procos.

2006 4222 2216 4278 sionem
2261 4223 2578 4293 signiﬁcare
2611 4225 2870 4292 probans,
2902 4235 3070 4293 prout
3112 4225 3278 4279 etiam
3305 4242 3370 4280 ex
3401 4229 3584 4285 verbis

2004 4313 2236 4386 Nysseni
2265 4311 2514 4386 Gregorii
2554 4315 2829 4386 apparuit,
2859 4323 2916 4368 et
2945 4318 3192 4370 eamdem
3222 4317 3343 4375 Filii
3374 4329 3431 4374 et
3457 4320 3587 4390 sp}-

2010 4405 2153 4461 ritus
2216 4407 2393 4463 sancti
2454 4406 2523 4461 ab
2573 4404 2812 4460 invicem
2859 4403 3274 4464 distinctionem
3341 4409 3584 4476 tradens,

3045 4513 3059 4553 :
3119 4501 3584 4568 quemadmodum

2011 4587 2159 4644 enim
2213 4587 2328 4654 ille,
2379 4601 2446 4642 eo
2491 4587 2638 4658 quod
2689 4601 2791 4643 nec
2832 4595 2898 4642 ut
2937 4587 3270 4658 .Unigenitus
3318 4605 3385 4644 ex
3426 4591 3590 4647 Patre

2009 4679 2314 4751 productus
2344 4688 2454 4743 est,
2493 4689 2550 4735 ct
2589 4679 2735 4749 quod
2788 4692 2884 4748 per
2916 4678 3095 4749 ipsum
3130 4679 3332 4736 Filium
3365 4679 3438 4736 sit
3465 4697 3584 4736 ma-

2010 4771 2326 4838 nifestatns,
2384 4770 2652 4842 Spiritum
2714 4784 2747 4824 a
2807 4768 2949 4828 Filio
2997 4768 3286 4840 diStinguit
3337 4787 3353 4827 :
3406 4771 3484 4827 ita
3534 4781 3592 4832 et

2010 4863 2396 4921 Nazianzenus
2449 4871 2562 4916 tum
2598 4860 3087 4927 manifestationis,
3136 4869 3250 4915 tum
3300 4861 3592 4922 relationis

2011 4956 2079 5011 ad
2108 4955 2343 5013 invicem
2380 4953 2706 5009 diversitate
2736 4952 3148 5011 distinctionem
3185 4969 3377 5008 eorum
3408 4956 3588 5026 ponit.

2012 5046 2167 5113 Quod
2201 5045 2294 5100 ille
2346 5044 2510 5109 dixit,
2551 5058 2662 5097 non
2707 5050 2768 5097 ut
2799 5039 3156 5112 Uitigenitum
3203 5055 3327 5095 esse
3381 5041 3590 5112 produ-

2011 5147 2186 5204 ctum,
2239 5137 2331 5192 hic
2377 5133 2846 5194 manifestationis
2893 5131 3298 5197 diversitatem,
3339 5131 3446 5188 hoc
3479 5142 3586 5201 est,

2014 5228 2298 5284 diversum
2332 5224 2708 5282 subsistentia:
2738 5221 2983 5277 modum.
3014 5219 3172 5289 Quod
3209 5236 3344 5277 vero
3391 5221 3591 5294 Nysse-

2013 5336 2118 5378 nus
2145 5335 2242 5392 per
2275 5319 2477 5380 Filium
2513 5318 2612 5384 ait,
2661 5314 3028 5378 manifestari,
3079 5313 3462 5370 Nazianzenus
3503 5313 3591 5371 di-

2013 5415 2330 5473 versitatem
2368 5410 2654 5470 relationis
2708 5409 2772 5463 ad
2831 5407 3071 5462 invicem
3123 5406 3448 5464 nominavit.
3482 5405 3592 5468 Re.

2015 5509 2283 5564 lationem
2322 5522 2455 5562 vero
2489 5505 2555 5560 ad
2593 5503 2832 5558 invicem
2857 5501 2983 5558 Filii
3033 5510 3090 5556 et
3127 5501 3366 5571 Spiritus
3394 5498 3595 5568 sancti,

2017 5598 2205 5654 nescio
2259 5613 2326 5652 an
2369 5597 2534 5651 aliam
2583 5596 2876 5665 quisquam
2931 5592 3173 5663 reperiat
3237 5600 3438 5662 praeter
3473 5605 3596 5652 eam

2013 5704 2138 5760 qua:
2198 5687 2509 5743 secundum
2547 5701 2770 5741 causam
2826 5694 2884 5741 et
2926 5693 3214 5742 causatum
3259 5683 3354 5749 sit,
3394 5698 3598 5740 secons-

2015 5782 2160 5885 dum.
2181 5797 2344 5852 quam
2378 5769 2552 5839 Filius
2590 5778 2811 5851 quidem
2855 5778 2920 5836 ad
2957 5777 3224 5851 Spiritum
3259 5786 3318 5833 ut
3346 5791 3508 5833 causa
3535 5789 3594 5841 so

3123 5880 3248 5981 ιν
