3990 6212
182 336 185 341 ‘
270 311 374 377 583

1222 312 1723 373 BESSAHIONIS
1768 312 1822 371 s.
1873 312 1937 374 ιι.
2095 310 2563 371 nummus

3417 309 3521 374 6‘86

271 410 416 497 ἔχειν
442 430 502 481 τὸ
532 428 761 497 Πνεῦμα
807 429 866 482 τὸ
907 428 1060 496 ἆγιον
1104 428 1394 491 δέδεικται,
1451 429 1672 483 πάντων
1732 429 1841 480 τῶν
1874 436 1917 490 Λ
1950 445 2060 496 pio;
2089 428 2370 497 Ἰωάννης,
2404 427 2499 481 καὶ
2538 427 2596 481 τὸ
2627 429 2683 479 ἐν
2718 430 2783 498 τῇ
2822 426 2955 497 πρὸς
2983 427 3228 497 Μαρῖνον
3260 426 3525 500 ἐπιστολῇ

270 520 606 574 διδασκάλων
648 519 922 591 βοώντων,
982 522 1077 573 καὶ
1131 521 1230 590 οὐχ
1290 521 1489 592 ἥκιστα
1542 519 1651 573 τῶν
1704 521 1840 590 μετὰ

271 598 637 682 Θεοδώρητον,
680 617 746 666 ἐκ
778 613 871 666 τοῦ
906 613 1116 681 Πατρὸς
1146 612 1234 667 διὰ
1265 612 1359 666 τοῦ
1390 612 1524 666 Υἰοῦ
1547 613 1842 683 ἐκπορεύε-

273 703 396 757 σθαι
420 704 479 756 τὸ
511 704 735 775 Πνεῦμα
764 704 822 757 τὸ
849 705 1005 772 ἆγιον
1030 720 1044 734 ⁸
1080 704 1331 758 Ἰωάννου
1363 722 1419 759 τε
1467 705 1561 759 καὶ
1586 705 1840 775 Μαξίμου

271 796 382 848 τῶν
420 797 728 865 μακαρίων,
755 797 851 850 καὶ
886 795 967 850 ἔτι
1012 795 1101 851 διὰ
1134 797 1227 851 τοῦ
1256 798 1532 867 Ταρασίου
1575 798 1669 852 τοῦ
1695 798 1839 852 θείου

200 916 213 917 ί
272 887 372 958 τῆς
402 888 638 959 ἑϐδόμης
662 888 770 942 τῶν
807 889 1205 959 οἰκουμενικῶν
1260 890 1523 958 συνόδων,
1563 890 1842 945 πιστεύειν

274 984 352 1045 εἰς
382 981 443 1034 τὸ
472 981 699 1050 Πνεῦμα
741 982 801 1033 τὸ
832 981 987 1050 ἅγιον
1022 981 1298 1051 λέγοντος,
1330 983 1392 1036 τὸ
1421 984 1487 1037 ἐκ
1527 982 1741 1053 Πατρδς
1774 983 1841 1036 δι’

272 1074 405 1127 Υἱοῦ
438 1075 900 1144 ἐκπορευόμενον,
931 1076 1027 1129 καὶ
1064 1076 1199 1129 αὐτὸ
1226 1076 1362 1130 Θεὸν
1387 1072 1530 1130 εἶναι
1574 1074 1842 1146 γνωριζό-

226 1166 229 1167 ⁷
277 1184 437 1237 μενον
461 1183 475 1199 ο
505 1168 618 1221 τῶν
654 1167 712 1220 δὲ
748 1167 924 1223 ἄλλων
981 1168 1078 1221 καὶ
1107 1168 1171 1222 ἐκ
1214 1169 1352 1222 Θεοῦ
1391 1169 1459 1224 δι’
1508 1168 1639 1223 Υίοῦ
1679 1162 1839 1233 εἶναι,

274 1261 369 1313 καὶ
401 1260 464 1313 ὲκ
495 1258 632 1313 Θεοῦ
661 1259 750 1314 διὰ
780 1260 875 1313 τοῦ
907 1259 1110 1328 Λόγου,
1134 1262 1227 1314 καὶ
1256 1262 1320 1314 ἐκ
1374 1262 1583 1330 Πατρδς
1607 1260 1675 1313 δι’
1705 1258 1839 1313 Υίοῦ

274 1352 546 1422 προϊέναι,
582 1351 728 1421 ἅπερ
757 1353 840 1413 εἰς
870 1349 984 1404 ἴσον
1035 1351 1111 1421 τῷ
1159 1350 1556 1420 ἐκπορεύεσθαι
1599 1350 1840 1421 ἔρχεται,

273 1446 367 1498 καὶ
402 1445 464 1498 τὸ
486 1438 650 1509 εἶναι,
677 1446 770 1497 καὶ⁴
794 1444 893 1515 τὴν
915 1442 1150 1514 ὓπαρξιν
1170 1443 1502 1513 ἔχειν.⁶Ὠστε
1519 1445 1548 1497 6
1571 1442 1845 1514 Θεοδώρη-

272 1554 366 1600 τος
386 1538 487 1591 οὐκ
508 1536 766 1608 ἀληθεύει
792 1535 951 1590 τοῦτο
971 1535 1144 1595 εἰπών
1169 1553 1184 1568 ο
1214 1535 1333 1589 ἀλλ’
1357 1537 1509 1605 ὅμως
1528 1535 1844 1606 ἐσιώπησαν

274 1629 323 1680 οἰ
349 1628 613 1699 Πατέρες,
636 1622 795 1682 τοῦτο
823 1625 1162 1692 ἀκούσαντες
1195 1627 1503 1697 εἰρηκότος,
1525 1626 1603 1690 ὡς
1638 1627 1713 1696 μὴ
1735 1625 1846 1679 δεῖν

270 1716 889 1787 ,μαρτυρίαιποιεῖσθαι
916 1717 1018 1788 τὴν
1052 1704 1241 1771 αὑτῶν“
1265 1715 1481 1785 σιωπὴν
1510 1715 1604 1768 τοῦ
1631 1714 1758 1785 μήτ’
1786 1713 1846 1778 ἐξ

268 1809 407 1864 Υίοῦ
440 1810 579 1880 μήτε
623 1809 731 1878 μὴν
775 1808 842 1861 δι’
891 1808 1023 1862 Υἰοῦ
1073 1808 1133 1861 τὸ
1186 1808 1412 1879 Πνεῦμα
1447 1805 1547 1876 τὴν
1607 1806 1844 1877 ὕπαρξιν
1875 1791 1917 1847 Β

278 1902 423 1971 ἔχειν
444 1914 459 1932 ³
481 1901 559 1972 τῷ
589 1899 697 1969 γὰρ
727 1899 794 1952 δι’
831 1899 959 1955 Υίοῦ
993 1898 1095 1968 τὴν
1135 1898 1373 1970 ὕπαρξιν
1397 1898 1540 1971 ἔχειν
1569 1899 1844 1971 μάρτυρες

278 1994 423 2049 οί.δι’
454 1991 583 2048 Υίοῦ
621 1990 1028 2061 ἐκπορεύεσθαι
1058 1990 1192 2045 eho
1246 1991 1557 2062 εἰρηκότες,
1588 1992 1748 2062 εῐπερ
1786 1990 1847 2045 τὸ

280 2083 679 2154 ἐκπορεύεσθαι
730 2082 827 2136 καὶ
880 2081 1025 2136 κατὰ
1084 2081 1215 2146 τοὺς
1277 2082 1581 2153 ἡμετέρους
1639 2083 1699 2136 τὸ
1746 2083 1847 2151 τὴν

284 2176 522 2247 ὓπαρξιν
569 2177 713 2247 ἔχειν
746 2174 935 2245 δηλοῖ·
964 2162 967 2163 ν
998 2174 1093 2227 καὶ
1121 2172 1298 2226 ταῦτα
1329 2174 1471 2244 μετὰ
1499 2174 1849 2246 Θεοδώρητον

280 2267 568 2337 γεγονότες
594 2265 671 2335 τῷ
720 2264 921 2337 χρόνῳ,
981 2264 1079 2319 καὶ
1122 2263 1457 2329 ἀκούσαντες
1521 2264 1624 2335 μὲν
1679 2263 1847 2319 αὐτοῦ

280 2358 506 2416 τοιαῦτα
529 2356 799 2419 εἰπόντος,
830 2356 1033 2419 εἰδότες
1055 2356 1112 2408 δέ
1136 2355 1235 2427 τὴν
1261 2355 1482 2410 σύνοδον
1514 2357 1652 2427 πρὸς
1673 2355 1847 2411 ταῦτα

276 2451 609 2521 σιγήσασαν,
666 2446 783 2502 ἀλλ’
823 2448 973 2518 ὅμως
1025 2446 1216 2517 ἐκείνῳ
1282 2447 1345 2501 ού
1389 2448 1570 2503 πάντα
1621 2447 1848 2519 ἔκριναν

280 2542 532 2596 ἔπεσθαι.
566 2540 640 2594 T6
669 2540 727 2596 δὲ
756 2539 1137 2611 χαριέστερον,
1179 2539 1263 2593 ὅτι
1294 2542 1393 2594 καὶ
1420 2540 1711 2611 ἀμφότερα
1747 2540 1848 2611 ἀρ-

283 2633 593 2705 νησαμένου
647 2631 1005 2701 Θεοδωρήτου.
1032 2669 1047 2697 ,
1088 2631 1116 2684 6
1152 2630 1427 2702 μακάριος
1472 2631 1728 2702 Ἰωάννης
1785 2632 1849 2685 τὸ

291 2727 390 2794 μὲν
423 2724 482 2789 ἐξ
511 2721 645 2780 Υἰοῦ
679 2722 1032 2793 ἀπαρνεϊται,
1061 2722 1210 2785 ὅπως
1245 2720 1326 2787 δὲ,
1380 2721 1473 2775 καὶ
1499 2720 1659 2775 τοῦτο
1688 2718 1848 2791 ἐροῦ-

293 2833 396 2887 μεν
426 2814 566 2885 μετὰ
599 2814 796 2885 μικρόν
817 2826 835 2845 ⁸
861 2812 922 2866 τὸ
942 2812 999 2866 δὲ
1031 2812 1098 2866 δι’
1126 2812 1259 2867 Υἰοῦ
1289 2811 1709 2883 ἐκπορεύεσθαι,
1729 2812 1849 2882 ἢτοι

285 2907 354 2962 δι’
384 2906 552 2960 αὐτοῦ
583 2905 685 2975 τὴν
713 2904 950 2977 ὓπαρξιν
984 2904 1153 2978 ἔχειν,
1200 2903 1361 2960 τοῦτο
1412 2903 1469 2958 δὲ
1517 2903 1751 2960 τίθεται.
1782 2900 1847 2957 Εἰ

275 3001 343 3061 δὲ
368 2998 449 3066 τὸ,
481 2998 661 3063 Μόνος
690 2997 798 3069 γὰρ
832 2998 1009 3062 αῐτιος
1035 2998 1064 3051 ὁ
1104 2995 1323 3068 Πατὴρ,
1355 2996 1384 3050 ὅ
1413 3012 1581 3068 φησιν
1602 2998 1641 3050 6
1671 2994 1849 3068 μακά-

285 3180 390 3241 viri
416 3181 495 3236 uti
523 3178 847 3248 doctissimi,
873 3180 949 3237 ita
979 3179 1143 3237 etiam
1166 3179 1534 3247 sanctissimi;
1565 3187 1678 3235 tota
1704 3178 1848 3234 idem

286 3274 565 3353 generalis,
605 3273 837 3347 septima
865 3272 1103 3346 synodus
1131 3288 1229 3345 per
1274 3282 1526 3329 sanctum
1559 3271 1846 3327 Tarasium

287 3366 657 3441 patriarcham
684 3364 1382 3437 .Constantinopoiitanum,
1416 3364 1640 3421 credere
1664 3364 1851 3420 dicen-

285 3452 398 3523 tem
435 3462 491 3514 in
525 3457 786 3528 Spiritum
817 3467 1084 3527 sanctum,
1121 3457 1216 3529 qui
1237 3474 1303 3514 ex
1338 3456 1496 3514 Patre
1518 3472 1617 3529 per
1652 3457 1850 3514 Filium

285 3550 560 3629 procedit,
593 3551 738 3607 Deus
779 3566 998 3622 quoque
1029 3550 1145 3621 ipse
1178 3565 1299 3606 esse
1343 3550 1713 3621 cOgnoscitur.
1738 3550 1850 3609 Alii

284 3659 419 3706 vero
446 3659 515 3700 ex
547 3642 658 3699 Deo
692 3658 791 3714 per
822 3642 1018 3698 Filium
1052 3657 1192 3711 esse,
1218 3642 1473 3719 videlicet
1498 3644 1763 3712 Spiritum
1784 3659 1851 3700 ex

286 3736 400 3793 Deo
430 3750 529 3805 per
574 3733 843 3802 Verbum,
883 3744 938 3789 et
967 3749 1034 3789 ex
1084 3735 1247 3790 Patre
1273 3750 1372 3806 per
1399 3735 1597 3791 Filium
1634 3751 1851 3805 .proce-

285 3828 603 3898 dere;qua:
641 3841 825 3882 omnia
854 3825 997 3882 idem
1046 3835 1210 3898 atque
1260 3826 1458 3897 spirari
1519 3826 1847 3899 signiﬁcant,

286 3933 343 3981 et
391 3936 534 3989 esse,
566 3930 621 3976 et
648 3920 1061 3977 subsistentiam
1092 3920 1423 3977 habere..Ex
1454 3920 1655 3991 quibus
1690 3928 1853 3992 .patet

288 4012 827 4085 quod'Theodoritus
867 4022 1034 4082 errat,
1076 4012 1257 4084 quoad
1286 4013 1514 4068 alteram
1548 4022 1759 4084 partem
1784 4013 1851 4069 ad

287 4105 490 4172 minus,
520 4118 640 4160 eam
682 4103 959 4172 videlicet,
997 4119 1104 4174 qua
1132 4112 1292 4175 negat
1350 4104 1618 4175 Spiritum
1668 4104 1852 4161 subsi-

290 4206 575 4268 sterenper.
594 4195 789 4252 Filium
818 4213 832 4249 :
865 4197 1052 4251 Patres
1088 4205 1268 4251 tamen
1296 4196 1511 4252 concilii
1541 4204 1848 4263 tacuerunt,

288 4303 355 4341 eo
412 4286 575 4342 etiam
624 4286 1030 4356 hancpartem
1096 4295 1366 4356 negante;
1432 4287 1505 4341 ita
1553 4297 1612 4340 ut
1662 4302 1851 4341 eorum

289 4382 565 4438 silentium
599 4395 705 4435 non
754 4379 951 4435 debeat
985 4377 1141 4433 nobis
1173 4377 1486 4433 testimonio
1522 4393 1666 4443 esse,
1705 4380 1851 4449 quod

1872 3136 1920 3201 C

1947 518 2041 570 τοῦ
2093 518 2237 571 θείου
2288 518 2544 589 Μαξίμου
2577 522 2710 587 περὶ
2747 518 2859 570 τῶν
2922 518 3216 587 Ῥωμαίων
3244 517 3411 589 ρηθέν
3439 535 3525 582 τις

1948 612 2080 680 ἡμῖν
2100 610 2433 674 ἀντεποίσει,
2466 609 2543 673 ὡς
2567 611 2668 663 οὐκ
2694 610 2880 663 αἰτίαν
2903 610 3190 663 ποιοῦνται
3228 608 3322 663 τοῦ
3352 609 3524 663 Πνεύ⁸

1950 717 2119 771 ματος
2148 701 2239 754 τὸν
2268 702 2417 769 Υίδν,
2444 702 2473 754 ὃ
2503 703 2605 771 μὲν
2636 688 2862 756 Λατῖνοί
2918 719 3087 767 φασιν
3143 703 3238 756 ἐπὶ
3288 702 3521 769 τούτοις,

1947 792 2049 844 οὐκ
2076 790 2143 844 ἂν
2172 792 2385 861 εἴποιμι
2419 791 2515 846 καὶ
2536 792 2722 857 αύτδς,
2752 791 2828 856 ὡς
2851 791 2978 846 οὔτε
3002 791 3062 844 τὸ
3092 791 3188 845 τοῦ
3220 782 3523 862 Δαμασκηδ

1948 881 2041 935 νοῦ
2066 883 2125 935 ἐν
2155 884 2266 945 τοῖς
2297 883 2573 947 πλείστοις
2598 883 2709 937 τῶν
2732 882 2899 938 αὐτοῦ
2929 883 3154 953 βιϐλίων
3176 885 3519 954 εὑρίσκεται,

1949 976 2049 1046 τήν
2071 992 2128 1028 τε
2156 975 2249 1029 τοῦ
2276 976 2533 1047 Μαξίμου
2578 977 2786 1045 ταύτην
2833 975 3131 1047 ἐπιστολὴν
3161 976 3236 1047 μὴ
3261 973 3403 1031 εἰναι
3424 975 3520 1028 τοῦ

1948 1067 2205 1137 Μαξίμου
2228 1083 2240 1096 ·
2273 1065 2397 1120 οὕτε
2421 1068 2531 1138 γὰρ
2572 1067 2869 1137 πολλαχοῦ,
2903 1065 3030 1120 οὔτε
3062 1069 3118 1122 ὲν
3150 1066 3401 1138 ἀρχαίοις
3443 1068 3525 1137 βι-

1950 1162 2142 1229 ϐλίοις,
2164 1164 2289 1217 οὔτε
2320 1166 2437 1226 τοῖς
2476 1164 2693 1219 ἐκείνου
2721 1166 3155 1237 συγγράμμασιν
3207 1166 3523 1235 ἐγγεγραμ-

1955 1258 2123 1328 μὲνην
2156 1257 2509 1328 εὑρίσκεσθαι
2533 1277 2548 1292 ·
2571 1259 2684 1313 οὐδ’
2707 1261 2790 1313 ὅτι
2814 1261 2907 1312 καὶ
2933 1259 3045 1313 τῶν
3065 1259 3352 1330 ἡμετέρων
3375 1259 3523 1323 τινὲς

1949 1349 2156 1420 ταύτην
2206 1352 2558 1407 νοθεύουσινε
2608 1352 2746 1407 ἀλλὰ
2784 1353 2946 1408 τοῦτο
3004 1353 3107 1423 μὲν
3154 1353 3523 1423 συγχωρήσω,

1950 1443 2046 1496 καὶ
2069 1443 2291 1515 δέξομαι
2339 1445 2439 1514 τῆς
2469 1444 2697 1499 ἐκείνων
2746 1440 2889 1500 εἶναι
2916 1447 3088 1501 ταῦτα
3118 1445 3303 1515 φωνῆς
3331 1463 3392 1499 τε
3429 1447 3525 1498 καὶ

1950 1535 2226 1600 διανοίαςο
2269 1538 2553 1609 εἰρηκέναι
2585 1539 2770 1609 μέντοι
2798 1543 2975 1593 ταῦτα
3020 1539 3191 1611 φαίην
3226 1539 3296 1593 ἂν
3322 1539 3521 1601 αὐτοὺς

1952 1627 2149 1697 ἔγωγε.
2188 1629 2264 1693 ὡς
2307 1630 2376 1684 ἂν
2429 1631 2506 1699 μή
2544 1648 2626 1695 τις
2673 1632 3163 1704 προκαταρκτικὴν
3216 1632 3399 1687 αἰτίαν
3429 1631 3522 1683 τὸν

1953 1721 2084 1775 Υἰὸν
2110 1720 2207 1774 τοῦ
2239 1720 2560 1792 Πνεύματος
2581 1724 2825 1795 νομίσειε
2848 1723 3129 1794 λέγεσθαι,
3161 1725 3237 1787 ὡς
3262 1724 3338 1795 μὴ
3370 1724 3523 1793 παρὰ

1945 1811 2040 1866 τοῦ
2080 1812 2291 1883 Πατρδς
2327 1814 2588 1885 εἰληφότα
2640 1815 2742 1889 τὴν
2795 1816 3029 1889 δύναμιν
3089 1816 3184 1872 τοῦ
3238 1818 3307 1872 δι’
3354 1816 3521 1871 αὑτοῦ

1947 1905 2199 1975 προϊέναι
2250 1906 2311 1960 τὸ
2366 1907 2594 1978 Πνεῦμα
2631 1909 2691 1963 τὸ
2718 1908 2896 1977 ἅγιον.
2965 1908 3033 1963 Ἦ
3064 1911 3173 1979 γὰρ
3227 1909 3384 1980 κοινὴ
3412 1909 3522 1964 τῶν

1960 1998 2233 2069 Ἐλλήνων
2267 2002 2467 2072 χρῆσις
2504 2001 2599 2054 ἐπὶ
2627 2001 2729 2071 τῆς
2748 2001 3069 2073 ἀρχοειδοῦς
3093 2004 3186 2057 καὶ
3207 2018 3524 2074 προκαταρ-

1949 2090 2146 2159 κτικῆς
2175 2089 2359 2155 αἰτίας
2389 2092 2597 2162 κυρίως
2624 2091 2885 2162 χρωμένη
2917 2094 2985 2162 τῇ
3006 2092 3097 2157 ἐκ,
3116 2092 3218 2146 τόν
3242 2111 3300 2147 τε
3331 2095 3521 2163 Δαμα-

1951 2180 2151 2251 σκηνὸν
2179 2180 2486 2251 ἠνάγκασε,
2522 2182 2599 2252 μὴ
2630 2182 2689 2247 ἐξ
2720 2181 2877 2247 Υίοῦ,
2906 2182 3044 2237 ἀλλὰ
3087 2183 3158 2237 δι’
3190 2184 3322 2238 Υίοῦ
3351 2186 3520 2254 φάναι

1949 2272 2011 2327 τὸ
2033 2272 2259 2343 Πνεῦμα
2283 2274 2345 2327 τὸ
2372 2274 2527 2343 ἆγιον
2566 2273 3009 2347 ἐκπορεύεσθαι·
3053 2275 3146 2329 τόν
3177 2293 3237 2330 τε
3264 2276 3521 2347 Μάξιμον

1949 2364 2137 2419 ἔπεισε
2189 2366 2251 2418 τὸ
2301 2367 2455 2438 παρὰ
2479 2366 2589 2421 τῶν
2626 2368 2919 2437 Ῥωμαίων
2955 2356 3254 2440 λεγόμενον
3299 2371 3359 2436 ἐξ
3388 2370 3521 2426 Υίοῦ

1950 2456 2350 2526 ἐκπορεύεσθαι
2385 2458 2466 2522 εἰς
2497 2459 2557 2513 τὸ
2585 2458 2650 2514 δι’
2693 2460 2827 2533 Υίοῦ
2859 2461 3110 2528 προϊέναι
3166 2462 3517 2531 μεταλασεϊν.

1949 2548 2014 2602 Εἰ
2054 2549 2147 2603 καὶ
2178 2549 2286 2620 γὰρ
2308 2549 2538 2617 ὲξΥίοῦ,
2575 2553 2760 2623 φησὶν,
2798 2555 2848 2611 οἰ
2890 2553 3149 2625 Ῥωμαῖοι
3199 2555 3261 2609 τὺ
3290 2556 3521 2627 Πνεῦμα

1949 2638 2200 2708 λέγουσιν
2223 2642 2647 2714 ἐκπορεύεσθαι,
2683 2647 2717 2717 ἡ
2774 2646 2831 2701 δὲ
2888 2648 2980 2713 ἐκ,
3020 2648 3113 2701 ἐπὶ
3175 2650 3265 2719 τῆς
3307 2651 3525 2721 ἀρχοει-

1948 2729 2072 2795 δοῦς
2100 2732 2277 2797 αἰτίας
2310 2735 2825 2806 παραλαμϐάνεται,
2853 2738 2970 2792 ἀλλ’
2990 2738 3139 2809 ὅμως
3163 2742 3225 2794 ού
3257 2742 3521 2813 τοιαύτην

1950 2823 2130 2879 αἰτίαν
2163 2825 2478 2895 ποιούμενοι
2530 2826 2625 2880 τοῦ
2659 2828 2982 2899 Πνεύματος
3036 2829 3129 2885 τὸν
3159 2831 3309 2885 Υἰόν.
3347 2832 3522 2887 Τοῦτό

1950 2935 2082 2989 φησι
2109 2918 2203 2972 καὶ
2240 2918 2268 2971 6
2296 2918 2684 2988 Δαμασκηνὸς,
2712 2917 2805 2984 Ἐξ
2831 2920 2964 2975 Υίοῦ
3011 2920 3114 2992 μὲν
3163 2923 3265 2976 οὐκ
3297 2923 3415 2978 ἔστι
3460 2926 3522 2979 τὸ

1950 3007 2200 3080 Πνεῦμα,
2255 3008 2322 3062 δι’
2357 3006 2487 3062 Υίοῦ
2517 3009 2609 3063 δέ·
2649 3008 2811 3081 μόνος
2857 3010 2966 3082 γὰρ
2998 3010 3027 3063 6
3058 3013 3249 3087 Πατὴρ
3277 3015 3520 3070 τοιοῦτόν
3556 3072 3569 3078 ,

1952 3207 2209 3248 masceno
2242 3203 2467 3248 auctore
2502 3212 2515 3249 :
2548 3193 2703 3258 item,
2737 3194 2882 3266 quod
2920 3195 3186 3253 Maximus
3208 3199 3263 3254 in
3289 3200 3520 3269 epistula

1952 3284 2019 3339 ad
2085 3284 2351 3340 Marinum
2408 3286 2498 3342 de
2526 3288 2788 3343 Romanis
2819 3289 2929 3354 .ait,
2967 3290 3113 3359 quod
3155 3292 3367 3347 scilicet
3412 3308 3521 3348 non

1952 3386 2157 3446 ponant
2191 3377 2387 3432 Filium
2419 3393 2637 3434 causam
2676 3379 2916 3451 Spiritus
2947 3396 3103 3448 esse;
3140 3400 3262 3453 qua:
3292 3383 3359 3439 ad
3408 3385 3522 3441 hate

1952 3466 2131 3522 Latini
2186 3468 2395 3536 dicunt,
2422 3485 2525 3541 ego
2576 3486 2687 3526 non
2724 3471 2924 3539 dicam,
2954 3474 3099 3543 quod
3156 3476 3369 3531 scilicet
3421 3491 3523 3532 nec

1952 3558 2087 3615 illud
2108 3557 2437 3616 Damasceni
2468 3562 2723 3618 omnibus
2766 3563 2822 3618 in
2851 3564 2972 3635 ejus
3002 3565 3157 3620 libris
3192 3567 3521 3633 inveniatur,

1951 3656 2210 3727 quodque
2256 3656 2489 3728 epistola
2538 3657 2756 3713 Maximi
2806 3674 2916 3715 non
2956 3666 3053 3716 est‘
3085 3660 3226 3730 ejus,
3262 3675 3385 3716 cum
3422 3675 3524 3716 nec

1955 3749 2178 3819 ubique,
2214 3765 2316 3805 nec
2344 3750 2410 3804 in
2429 3750 2839 3820 antiquioribus
2870 3751 3216 3815 condicibus,
3244 3768 3345 3808 nec
3379 3752 3522 3807 inter

1951 3858 2116 3912 Opera
2162 3844 2281 3913 ejus
2331 3844 2667 3909 inveniatur,
2702 3844 2963 3916 quodque
3013 3844 3265 3901 nonnulli
3310 3856 3525 3901 nostro—

1952 3950 2073 3989 rum
2104 3937 2267 3991 etiam
2299 3950 2419 3990 eam
2458 3951 2565 3991 non
2605 3951 2728 3992 esse
2786 3951 2942 3992 suam
2979 3947 3210 4007 putant:
3256 3938 3403 4003 haec,
3446 3938 3525 3992 in-

1951 4041 2138 4095 quam,
2179 4040 2287 4081 non
2309 4026 2520 4093 dicam;
2554 4027 2651 4083 sed
2678 4027 2971 4083 concedam
3002 4028 3131 4083 hac
3158 4029 3373 4084 illorum
3405 4044 3523 4084 esse

1952 4116 2239 4171 doctorum
2274 4126 2329 4173 et
2359 4119 2598 4173 verbaet
2631 4118 2953 4174 sententias.
2976 4119 3190 4175 Dixisse
3223 4130 3402 4191 tamen
3428 4135 3524 4176 eos

1954 4205 2069 4261 h:ec
2106 4221 2207 4276 ego
2237 4206 2438 4272 dicam,
2479 4223 2548 4262 ne
2596 4209 2722 4278 quis
2767 4208 3125 4279 principalem
3157 4225 3376 4266 causam
3404 4210 3525 4281 Spi—

1954 4300 2092 4353 ritus
2123 4307 2276 4369 putet
2310 4298 2533 4365 Filium,
2568 4301 2723 4368 quasi
2775 4314 2887 4355 non
2931 4315 2960 4353 a
3006 4301 3167 4357 Patre
3209 4304 3435 4372 ceperit,
3467 4312 3525 4358 ut

1954 4405 2052 4458 per
2106 4404 2233 4445 eum
2278 4388 2526 4460 Spiritus
2574 4401 2798 4449 sanctus
2871 4393 3169 4463 procedat.
3206 4394 3526 4450 Communis

290 4486 392 4525 nec
416 4485 483 4524 ex
506 4469 677 4535 'Filio,
706 4484 807 4525 nec
837 4484 935 4540 per
965 4466 1163 4526 Filium
1194 4468 1434 4539 Spiritus
1477 4469 1679 4526 liabeat
1720 4471 1849 4526 sub-

1952 4484 2097 4541 enim
2133 4485 2328 4556 lingua:
2360 4487 2671 4542 Graecorum
2700 4504 2853 4555 usus,
2894 4504 3019 4543 cum
3047 4505 3146 4560 per
3172 4490 3517 4562 prmpositio-

289 4561 613 4617 sistentiam.
643 4561 798 4627 Quod
830 4563 977 4617 enim
998 4561 1322 4632 per.Filium
1350 4562 1629 4627 subsistat,
1650 4572 1852 4617 testan-

291 4669 381 4710 tur
409 4671 499 4726 qui
530 4670 655 4710 eum
679 4670 778 4725 per
802 4656 1003 4711 Filium
1016 4656 1331 4725 procedere
1352 4654 1611 4711 dixerunt
1638 4674 1651 4712 :
1682 4655 1855 4725 siqui-

290 4750 415 4802 dem
472 4746 792 4817 procedere,
828 4747 991 4801 etiam
1053 4746 1356 4803 secundum
1399 4760 1619 4812 nostros
1674 4749 1853 4819 ipsum

289 4838 589 4894 subsistere
619 4836 920 4907 signiﬁcat:
957 4851 1081 4891 cum
1120 4847 1299 4893 tamen
1328 4838 1494 4909 longo
1524 4848 1649 4910 post
1675 4838 1855 4894 Theo-

290 4932 528 4986 doritum
552 4938 795 4996 tempore
819 4927 1044 4993 fuerint,
1072 4937 1127 4984 et
1148 4928 1460 4987 audiverim
1483 4929 1705 4999 quidem
1727 4945 1853 4986 eum

290 5021 407 5075 haec
440 5018 729 5083 dicentem,
785 5016 1048 5073 sciveriut
1094 5025 1278 5072 autem
1321 5032 1533 5073 sacram
1585 5020 1854 5091 synodum

290 5113 356 5168 ad
399 5112 516 5166 haec
548 5108 808 5175 tacuisse,
848 5117 1088 5164 attamen
1113 5125 1220 5165 non
1247 5109 1561 5180 judicarunt
1586 5126 1714 5167 eum
1736 5127 1857 5169 esse

291 5205 651 5279 sequendum.
685 5202 1022 5259 Thcodorito
1048 5203 1195 5257 enim
1230 5212 1284 5258 et
1322 5204 1467 5273 quod
1512 5219 1578 5260 ex
1608 5204 1768 5269 Filio,
1802 5214 1855 5259 et

291 5296 437 5367 quod
472 5311 570 5367 per
599 5294 800 5367 Filium
842 5294 1113 5352 subsistat
1142 5292 1401 5364 Spiritus,
1432 5307 1687 5367 negante,
1724 5298 1854 5353 bea~

294 5397 381 5443 tus
438 5390 675 5441 Joannes
738 5386 1147 5450 Damascenus,
1207 5386 1354 5455 quod
1415 5400 1480 5441 ex
1538 5384 1698 5451 Filio,
1742 5388 1858 5458 ipse

292 5497 511 5551 quoque
541 5488 702 5550 negat
722 5495 735 5531 :
756 5493 875 5553 qua
899 5492 1028 5533 vero
1052 5477 1294 5543 ratione,
1322 5478 1485 5548 paulo
1520 5488 1642 5548 post
1680 5481 1856 5549 expli-

293 5575 563 5629 cabimus.
622 5571 776 5638 Quod
810 5579 989 5626 autem
1014 5586 1111 5640 per
1141 5568 1337 5625 Filium
1370 5570 1650 5639 procedat,
1671 5571 1729 5626 id
1752 5582 1858 5639 est,

294 5668 573 5731 subsistat,
621 5666 724 5719 hoc
762 5674 1025 5719 utverum
1072 5663 1250 5733 ponit.
1288 5662 1443 5729 Quod
1491 5666 1539 5720 si
1569 5664 1693 5734 quis
1727 5664 1859 5720 illud

290 5760 452 5825 nobis
486 5766 717 5825 opponat
743 5796 754 5821 ,
788 5755 945 5810 Solus
980 5756 1141 5813 Pater
1181 5765 1262 5811 est
1294 5770 1455 5811 causa
1478 5795 1492 5821 ,
1522 5756 1730 5817 Joanne
1758 5758 1861 5814 Da-

1954 4592 2078 4632 nem
2110 4594 2175 4631 ex
2227 4579 2586 4649 principalem
2623 4579 2899 4650 signiﬁcet
2937 4595 3181 4644 causam,
3238 4593 3295 4637 et
3331 4583 3526 4638 Dama-

1956 4682 2178 4723 scenum
2213 4669 2414 4740 coegit,
2432 4683 2540 4724 non
2569 4683 2637 4724 ex
2663 4670 2833 4736 'Fllio,
2858 4671 2955 4727 sed
2982 4687 3080 4741 per
3116 4672 3317 4727 Filium
3345 4672 3525 4728 dicere

1956 4759 2253 4831 procedere
2284 4760 2545 4830 Spiritum
2574 4770 2857 4817 sanctum:
2901 4772 2954 4817 et
2985 4762 3302 4829 Maximum,
3328 4764 3470 4834 quod
3492 4779 3524 4819 a

1956 4853 2217 4908 Romanis
2257 4853 2471 4909 dicetur
2510 4869 2576 4908 ex
2616 4852 2758 4908 Filio
2808 4854 3120 4924 procedere,
3146 4855 3290 4912 idem
3324 4856 3527 4928 signiﬁ-

1956 4959 2084 4999 care
2121 4945 2347 5010 sentire,
2380 4960 2444 5000 ac
2483 4946 2526 5001 si
2563 4945 2809 5001 dicerent
2847 4961 2945 5014 per
2971 4946 3170 5001 Filium
3207 4948 3523 5018 procedere.

1955 5034 2274 5104 Quanquam
2310 5036 2480 5100 enim,
2532 5035 2627 5099 ait,
2677 5049 2745 5089 ex
2788 5035 2927 5089 Filio
2960 5034 3231 5106 Spiritum
3278 5046 3525 5093 sanctum

1959 5112 2179 5193 prodire
2202 5123 2429 5178 Romani
2461 5135 2724 5189 asseram,
2747 5125 3064 5196 prmpositio
3092 5136 3275 5183 autem
3293 5144 3359 5183 ex
3379 5129 3529 5199 prin-

1959 5216 2188 5284 cipalem
2230 5214 2501 5284 signiﬁcet
2525 5229 2767 5281 causam,
2802 5232 2912 5270 non
2954 5227 3131 5273 tamen
3165 5219 3289 5273 ideo
3316 5220 3527 5287 dicunt,

1962 5314 2021 5358 ut
2061 5305 2220 5358 talem
2261 5319 2482 5358 causam
2532 5304 2843 5372 signiﬁcent
2906 5307 3103 5361 Filium
3157 5324 3297 5364 esse.
3344 5309 3532 5364 Dama-

1961 5411 2160 5450 scenus
2212 5398 2399 5463 etiam,
2457 5395 2539 5449 Ea:
2569 5395 2706 5451 Filio
2744 5398 2963 5467 quidem
3015 5398 3271 5468 Spiritus,
3333 5402 3528 5471 inquit,

1962 5486 2187 5541 minime
2217 5496 2322 5552 est,
2351 5501 2454 5556 per
2510 5485 2708 5540 Filium
2751 5495 2932 5541 autem
2969 5491 3319 5555 conceditur;
3383 5492 3529 5546 solus

1962 5593 2198 5647 namque
2261 5577 2421 5633 Pater
2477 5586 2562 5632 est
2604 5593 2764 5634 causa
2826 5580 2968 5644 talis,
3011 5582 3265 5638 videlicet
3314 5583 3528 5652 qualem

1963 5669 2077 5738 ipsa
2108 5684 2171 5721 ea:
2202 5666 2491 5738 signiﬁcat.
2527 5667 2707 5734 Quare
2736 5671 2899 5726 talem
2930 5672 3151 5744 quidem
3183 5690 3403 5727 causam
3442 5690 3531 5729 ue-

1962 5770 2087 5835 gant
2118 5761 2311 5817 Filium
2354 5776 2514 5818 esse:
2552 5764 2994 5836 praepositionem
3043 5776 3222 5821 autem
3251 5784 3344 5839 per
3376 5766 3519 5825 attri'
