3990 6212
423 481 534 545 555
563 457 568 460 ’

1379 483 1666 544 ORATIO
1707 479 2147 543 sucu-mea
2190 480 2344 542 mo
2389 480 2709 543 UNlONE.
2795 439 2800 442 ’

3568 479 3688 560 sse

423 593 574 644 iactv
601 589 793 655 αἴτιον,
846 584 954 642 οἷον
986 591 1018 661 ὴ
1051 591 1139 656 ἐκ,
1208 591 1404 661 δηλοῦν
1424 593 1672 663 βούλεται
1731 592 1901 664 ταύτῃ
1922 608 2006 663 τοι
2037 594 2078 650 Δ
2111 593 2498 666 σενηάπολογία
2529 593 2642 654 τοῖς
2667 590 2993 661 κακούργως
3036 587 3292 644 ἐντεῦθεν
3339 587 3681 660 ὲπιχειροῦσι

422 681 524 752 τὴν
547 680 655 749 μὲν
679 678 933 748 τοιαύτην
959 679 1137 734 αἰτίαν
1165 683 1477 752 ἀρνοῦνται,
1507 683 1604 754 τὴν
1659 682 1759 738 διὰ
1811 683 1867 736 δὲ
1905 683 2014 754 μό·-

425 788 516 826 νον
541 771 882 840 ἀπονέμουσι
916 771 996 842 τῷ
1028 773 1166 843 ne,
1196 775 1264 828 δι’
1297 769 1365 846 ἦς
1393 775 1454 829 τὸ
1481 777 1757 829 συναίτιον
1782 775 2004 838 πάντως

426 862 834 934 δηλοῦται.’Διὰ
855 864 965 934 γὰρ
997 865 1059 917 τὸ
1091 865 1159 918 δι’
1189 865 1357 920 αὐτοῦ
1397 868 1676 937 προϊέναι,
1722 868 1856 936 φησὶ
1884 867 2004 922 Μά-

430 954 607 1026 ξιμος,
635 955 698 1007 τὸ
744 955 969 1026 Πνεῦμα
1005 956 1068 1010 τὸ
1121 955 1299 1025 ἅγιον,
1359 958 1501 1029 ὅπερ
1557 957 1796 1030 ἀλλαχοῦ
1841 976 2005 1030 φησιν

427 1047 592 1112 αὐτὸς
632 1046 1038 1118 ἐκπορεύεσθαι
1070 1047 1141 1102 δι’
1175 1049 1344 1103 αὐτοῦ
1367 1087 1384 1114 ,
1417 1050 1480 1115 ἐξ
1519 1049 1682 1104 αὐτοῦ
1710 1050 1862 1122 παρά
1895 1051 2006 1104 τῶν

440 1138 734 1210 Ῥωμαίων
789 1137 1193 1208 ἐκπορεύεσθαι
1221 1140 1444 1209 λέγεται
1464 1154 1480 1170 ⁶
1533 1142 1628 1195 καὶ
1658 1143 1686 1195 ό
1714 1143 2008 1212 Δαμασκηο

430 1231 544 1297 νὸς,
573 1234 639 1286 ὲκ
662 1233 881 1303 Πατρὸς
915 1231 983 1286 δι’
1016 1231 1150 1286 Υἰοῦ
1184 1231 1604 1303 ἐκπορεύεσθαι.
1641 1233 1710 1287 ’Ἃ
1747 1233 2006 1303 καθαρῶς

430 1325 615 1379 αἰτίαν
644 1324 976 1395 σημαίνουσι
998 1323 1089 1378 τὸν
1111 1323 1262 1390 Υἰδν,
1292 1325 1414 1380 οἷαν
1440 1327 1535 1380 καὶ
1562 1327 1590 1379 ὁ
1619 1327 1828 1398 Πατὴρ,
1853 1327 2006 1381 οὐδὲν

433 1417 542 1488 γὰρ
573 1416 726 1487 παρά
763 1415 844 1487 τῷ
872 1415 988 1488 mp
1025 1415 1246 1483 ἀτελὲς,
1278 1418 1328 1471 εἰ
1358 1419 1452 1472 καὶ
1487 1418 1566 1489 μὴ
1598 1418 1852 1489 ἀρχοειδῆ
1875 1417 2008 1472 ταύ-

430 1525 572 1580 την,
625 1508 762 1578 μηδὲ
825 1510 1352 1580 προκαταρκτικὴν·
1409 1507 1572 1562 τοῦτο
1623 1509 1733 1579 γάρ
1775 1509 2007 1575 δεδιότες

432 1599 801 1670 ἀπαρνοῦνται
830 1598 940 1653 ἀπὸ
970 1597 1068 1653 τοῦ
1103 1597 1236 1652 Υἰοῦ
1281 1602 1381 1662 τὴν
1422 1599 1624 1666 αἰτίαν,
1687 1601 1784 1655 καὶ
1831 1600 2008 1664 ἄλλως

434 1709 519 1756 τε,
549 1691 682 1747 διότι
733 1692 911 1747 πάντα
940 1692 1042 1746 ὅσα
1069 1693 1099 1746 δ
1147 1693 1276 1756 Υἰδς
1307 1691 1444 1764 ἔχει,
1477 1693 1632 1763 παρὰ
1659 1692 1752 1747 τοῦ
1797 1695 2008 1764 Πατρδς

434 1783 550 1855 ἔχει
587 1783 906 1850 ).α6ὼν,καὶ
929 1786 1010 1850 εἰς
1039 1784 1133 1840 τὸν
1165 1785 1389 1858 Πατέρα
1431 1786 1501 1839 τὰ
1532 1784 1702 1839 αὐτοῦ
1740 1785 2010 1856 ἀναφέρε-

434 1892 528 1930 τιι
565 1875 767 1942 πάντα,
816 1874 1001 1940 καθὼς
1052 1878 1148 1932 καὶ
1193 1871 1222 1932 ὁ
1279 1877 1457 1948 μέγας
1493 1877 1778 1942 Βασίλειος
1837 1879 1896 1931 ὲν
1929 1877 2008 1949 τῷ

433 1967 606 2037 ὀγδόῳ
661 1968 770 2021 τῶν
802 1968 943 2039 πρὸς
991 1968 1350 2042 ’Δμφιλόχιον
1390 1970 1672 2042 κεφαλαίῳ
1711 1969 1883 2042 φησί’
1909 1969 2010 2024 Διά
2037 1950 2086 2011 Β

430 2057 591 2112 τοῦτό
617 2061 844 2129 φησινδ
896 2059 1100 2132 Κύριος
1157 2062 1295 2132 πρὸς
1324 2061 1418 2115 τὸν
1447 2062 1670 2131 Πατέρα
1691 2078 1705 2091 ·
1777 2062 1856 2116 Τὰ
1895 2060 2009 2133 ἐμὰ

432 2151 632 2206 πάντα
663 2149 748 2204 σά
786 2153 966 2218 εἰσιν,
999 2151 1076 2217 ὡς
1108 2153 1197 2206 ἐπ’
1220 2152 1388 2207 αὐτὸν
1417 2153 1520 2223 τῆς
1559 2153 1740 2224 ἀρχῆς
1765 2152 1877 2207 τῶν
1909 2153 2003 2224 δη-

437 2245 869 2315 μιουργημάτων
897 2243 1262 2317 ἀναγομένης.
1333 2244 1495 2298 Ἀλλά
1523 2246 1652 2297 καὶ.
1687 2245 1715 2297 ὀ
1744 2243 2008 2314 Θεολόγος

433 2335 740 2408 Γρηγόριος
785 2339 844 2390 έν
895 2336 1142 2409 τῷλόγῳ
1193 2335 1274 2408 τῷ
1320 2338 1402 2401 εἰς
1431 2335 1524 2390 τδν
1555 2334 1871 2390 κατάπλουν
1899 2335 2010 2390 τῶν

438 2429 776 2497 Αἰγυπτίων,
806 2428 960 2493 Θεὸς,
988 2430 1177 2500 φησὶν,
1210 2431 1269 2482 έν
1289 2429 1470 2499 τρισὶν
1503 2427 1718 2481 ῐσταται
1757 2428 1872 2491 τοῖς
1905 2441 2010 2496 με-

435 2521 670 2590 γίστοις,
700 2521 882 2593 αἰτίῳ,
915 2521 1012 2576 καὶ
1055 2520 1397 2592 δημιουργῷ,
1431 2519 1527 2575 καὶ
1548 2518 1894 2589 τελειοποιῴ,
1931 2517 2013 2589 τῷ

441 2617 612 2686 Πατρί
665 2617 832 2686 λέγω,
873 2617 970 2672 καὶ
1002 2615 1080 2686 τῷ
1111 2614 1250 2685 Υἰῷ,
1282 2614 1376 2669 καὶ
1403 2613 1484 2684 τῷ
1529 2612 1672 2684 ἀγίῳ
1705 2610 2008 2682 Πνεῦματι.

439 2705 627 2762 Ταῦτα
654 2706 712 2760 δὲ
740 2705 917 2775 ἔλεγε,
949 2706 1010 2759 οὐ
1043 2706 1262 2768 πάντως
1285 2703 1381 2758 τοῦ
1417 2701 1549 2756 Υἰοῦ
1592 2703 1688 2756 καὶ
1720 2701 1816 2755 τοῦ
1845 2701 2014 2756 Πνεύ-

442 2817 614 2871 ματος
649 2799 748 2871 τὴν
784 2799 910 2854 ,τῶν
958 2799 1097 2853 ὅλων
1150 2797 1406 2868 ἀφαιρῶν
1457 2796 1665 2862 αἰτίαν,
1721 2793 1879 2848 τοῦτο
1903 2797 2014 2867 γὰρ

441 2892 762 2964 βλάσφημον
789 2892 886 2946 καὶ
926 2891 1092 2962 μόνον
1125 2891 1404 2960 ἐννοῆσαι,
1435 2889 1576 2943 ἀλλά
1606 2887 1686 2958 τῷ
1717 2887 1893 2957 Πατρί
1919 2886 2016 2957 μό-

440 3002 517 3052 νῳ
543 2985 750 3054 ταύτην
800 2983 1116 3053 ἀπονέμων,
1165 2982 1260 3036 καὶ
1303 2978 1497 3034 τοῦτον
1556 2977 1678 3032 κατ’
1734 2975 2017 3048 ἐξαίρετον

440 3077 625 3131 αἰτίαν
656 3076 855 3140 καλῶν,
889 3075 979 3130 διὰ
1030 3075 1092 3129 τὸ
1122 3073 1335 3127 ἐκεῖθεν
1371 3073 1488 3134 τοῖς
1531 3070 1820 3140 ὁμοτίμοις
1859 3069 2016 3140 ἥκειν

442 3172 758 3243 προσώποις
788 3169 894 3222 πᾶν
920 3168 1058 3238 ὅπερ
1091 3166 1158 3221 ἂν
1177 3165 1378 3237 ἔχοιεν.
1414 3161 1576 3226 ’ῚΙτις
1623 3162 1688 3216 ἂν
1716 3161 1813 3217 οῦν
1844 3161 2011 3231 ἦρκε-

444 3351 623 3406 buunt
663 3349 818 3413 Filio,
856 3361 954 3418 per
991 3360 1154 3417 quam
1185 3341 1350 3400 simul
1383 3355 1508 3398 eum
1539 3354 1663 3395 cum
1691 3338 1853 3395 Patre
1883 3351 2016 3392 can-

442 3458 559 3500 sam
589 3442 706 3498 sive
758 3439 1093 3512 principium
1137 3435 1378 3507 Spiritus
1421 3433 1596 3490 sancti
1635 3446 1758 3487 esse
1813 3429 2021 3500 signiﬁ-

442 3545 625 3592 catur.
653 3533 793 3602 Quia
821 3533 991 3596 enim,
1027 3530 1207 3600 inquit
1235 3528 1522 3593 Maximus,
1555 3541 1653 3596 pcr
1682 3539 1810 3581 eum
1838 3522 2023 3594 prodit

439 3628 686 3701 Spiritus
713 3623 1031 3696 sanctus(id
1057 3631 1175 3685 est,
1199 3629 1260 3675 ut
1293 3619 1426 3674 alibi
1461 3617 1596 3673 dicit
1629 3616 1771 3671 idem
1807 3615 2016 3680 doctor,

437 3723 576 3793 quia
610 3735 710 3790 per
746 3733 873 3775 eum
912 3713 1205 3787 procedit),
1251 3712 1376 3768 ideo
1408 3727 1437 3765 a
1487 3709 1748 3765 Romanis
1788 3723 1854 3764 ex
1882 3707 2021 3762 Filio

440 3811 670 3884 prodire
706 3809 910 3865 dicitur
932 3824 949 3862 :
974 3815 1030 3861 et
1061 3800 1560 3865 Damascenus,.Ex
1585 3798 1745 3854 Patre
1793 3812 1890 3868 per
1934 3797 2024 3852 Fi-

438 3905 582 3960 lium
611 3901 878 3973 procedit.
902 3899 1032 3965 Quae
1054 3895 1238 3951 omnia
1283 3903 1472 3965 aperte
1512 3891 1710 3948 Filium
1750 3890 1913 3947 etiam
1948 3889 2024 3945 si-

437 3995 710 4071 gniﬁcant
755 4006 978 4048 causam
1042 3989 1160 4044 sive
1220 3985 1558 4057 principium
1604 3998 1763 4051 esse,
1809 3992 1866 4038 et
1918 3981 2024 4038 tale

441 4087 802 4160 principium,
839 4081 1020 4154 qualis
1053 4089 1137 4135 est
1170 4079 1354 4143 Pater,
1403 4090 1531 4132 cum
1580 4074 1720 4130 nihil
1768 4072 2030 4144 imperfe-

441 4193 598 4240 ctum
623 4180 768 4252 apud
803 4178 1000 4234 Filium
1028 4177 1120 4244 sit,
1149 4187 1458 4246 qua-nquam
1498 4185 1608 4225 non
1642 4168 2022 4240 principalem,

443 4292 551 4334 nec
575 4273 893 4347 propriam;
929 4271 1000 4326 ob
1043 4269 1148 4325 hoc
1179 4267 1330 4323 enim
1359 4274 1650 4327 caventes,
1704 4275 1904 4332 negant
1937 4259 2025 4314 Fi-

444 4372 585 4428 lium
613 4381 834 4424 causam
859 4379 1002 4430 esse,
1039 4372 1095 4418 et
1128 4362 1256 4433 quia
1279 4360 1465 4416 omnia
1492 4352 1833 4428 quaecunque
1854 4353 2034 4409 Filius

444 4463 690 4528 babet,a
715 4460 878 4515 Patre
907 4455 1094 4523 habet,
1124 4463 1181 4510 et
1214 4452 1282 4508 ad
1311 4467 1438 4509 eum
1468 4449 1652 4505 omnia
1687 4445 2024 4511 referuntur,

445 4558 913 4634 quemadmodum
963 4565 1017 4610 ct
1081 4563 1305 4609 sanctus
1359 4546 1598 4605 Basilius
1624 4546 1680 4602 in
1711 4555 1909 4600 octavo
1955 4542 2022 4596 ad

2044 3286 2092 3349 C

2105 686 2198 740 τοῦ
2230 684 2360 739 Υἰοῦ
2392 685 2484 740 καὶ
2532 682 2624 738 τοῦ
2653 681 2972 752 Πνεύματος
3025 679 3124 752 τὴν
3156 680 3267 735 τῶν
3293 678 3466 735 ὄντων
3497 679 3682 734 αἰτίαν

2106 777 2325 846 ἀφελεῖν
2348 776 2438 830 διὰ
2465 775 2526 830 τὸ
2547 774 2639 829 τὸν
2685 773 2907 844 Πατέρα
2958 771 3142 840 λέγειν
3189 769 3365 824 αἴτιον
3396 769 3490 824 τὸν
3526 770 3682 825 διδά-

2108 869 2327 935 σκαλον,
2352 867 2478 938 οὐχὶ
2502 867 2563 922 δὲ
2591 867 2688 921 καὶ
2715 867 2805 920 τὸν
2830 865 2960 919 Υἰδν
2985 865 3080 918 καὶ
3104 863 3166 917 τδ
3199 859 3423 933 Πνεῦμα
3441 878 3458 896 ο
3485 864 3517 934 ἡ
3541 864 3686 934 αὐτὴ

2107 962 2201 1016 καὶ
2231 960 2326 1016 νῦν
2355 959 2581 1031 ἀρκέσει
2609 961 2721 1022 τοῖς
2752 957 2828 1029 μὴ
2858 954 3070 1011 ποιοῦσι
3099 955 3192 1009 τὸν
3217 953 3346 1008 raw
3373 954 3552 1008 αἰτίαν
3585 953 3680 1008 τοῦ

2106 1053 2426 1124 Πνεύματος
2457 1053 2545 1108 διὰ
2577 1055 2639 1108 τὸ
2669 1053 2762 1106 τὸν
2810 1051 2911 1119 μὲν
2948 1048 3330 1122 Δαμασκηνὸν,
3369 1049 3684 1121 μνησθέντα

2104 1145 2201 1201 τοῦ
2227 1146 2285 1214 ἐξ
2315 1145 2446 1200 Υἱοῦ
2479 1145 2553 1216 μὴ
2577 1140 2800 1198 εἶναιτὸ
2835 1143 3083 1214 Πνεῦμα,
3110 1142 3272 1213 μόνον
3305 1143 3479 1196 αἴτιον
3505 1143 3687 1196 εἰπεῖν

2105 1241 2197 1296 τὸν
2235 1239 2453 1310 Πατέρα
2479 1256 2493 1271 ο
2551 1237 2642 1292 τὸν
2693 1238 2752 1292 δὲ
2781 1237 3037 1308 Μάξιμον
3081 1237 3308 1291 εἰπόντα
3365 1236 3498 1306 περὶ
3555 1235 3688 1292 Ῥω-

2110 1333 2305 1404 μαίων,
2336 1335 2401 1386 ὲκ
2426 1331 2518 1386 τοῦ
2547 1329 2678 1384 Υἰοῦ
2716 1331 2899 1399 λέγειν
2927 1329 2988 1384 τὸ
3015 1329 3266 1400 Πνεῦμα,
3296 1327 3414 1383 ἀλλ’
3448 1329 3551 1398 ούχ
3602 1329 3680 1392 ὡς

2107 1421 2170 1489 ἐξ
2192 1421 2366 1477 αἰτίου
2398 1422 2586 1492 φάναι,
2637 1421 2850 1486 εἰδότας
2875 1420 2976 1493 μὶν
2997 1421 3188 1493 ἥντινα
3221 1423 3254 1492 ἡ
3313 1421 3384 1476 ἐκ
3423 1423 3686 1493 σημαίνει

2106 1513 2286 1570 αἰτίαν
2313 1553 2328 1578 ,
2369 1511 2627 1583 τοιαύτην
2664 1513 2722 1566 δέ
2777 1514 2854 1584 μὴ
2918 1514 3346 1584 συγχωροῦντας
3399 1514 3496 1567 τὸν
3555 1512 3686 1565 Υἰὸν

2107 1599 2274 1670 εἰναι,
2309 1601 2398 1656 διὰ
2448 1602 2512 1657 τδ
2556 1602 2734 1656 πάντα
2762 1601 2927 1656 αὑτὸν
2987 1604 3140 1674 παρὰ
3172 1602 3270 1657 τοῦ
3296 1592 3687 1675 Πατρδςέχειν

2107 1691 2360 1760 λαὸόντα,
2388 1693 2448 1756 ὅς
2477 1695 2594 1746 ἐστι
2623 1692 2784 1763 μόνος
2809 1693 3098 1766 ἀρχοειδὴς
3149 1694 3304 1749 αἰτία
3343 1697 3440 1750 καὶ
3467 1695 3685 1767 πρώτη,

2109 1788 2206 1840 καὶ
2229 1783 2351 1839 οίαν
2395 1786 2430 1856 ἠ
2475 1785 2542 1839 ἐκ
2569 1785 2796 1840 δύναται
2817 1787 3208 1864 παριστάνειν,
3257 1786 3422 1851 αὐτὸς
3461 1786 3560 1858 μὲν
3592 1783 3686 1855 ἀφ’

2110 1877 2305 1933 ἑαυτοῦ
2341 1876 2524 1933 πάντα
2552 1876 2696 1948 ἔχων
2724 1878 2820 1932 καὶ
2871 1877 3172 1949 οὐδαμόθεν
3194 1878 3443 1948 ἄλλοθεν,
3485 1879 3601 1934 τῶν
3629 1879 3688 1934 δὲ

2111 1972 2206 2026 τοῦ
2234 1971 2366 2026 Υἰοῦ
2390 1973 2612 2030 πάντων
2665 1972 2803 2043 πρδς
2831 1973 3040 2028 ἐκεῖνον
3087 1972 3538 2044 ἀναφερομένων,
3591 1972 3688 2026 ἅτε

2113 2064 2209 2118 καί
2229 2063 2361 2134 παρ’
2389 2063 2556 2117 αὐτοῦ
2588 2063 2809 2134 ἔχοντος
2847 2064 3049 2130 πάντα,
3105 2065 3201 2119 καὶ
3228 2063 3318 2119 διὰ
3347 2063 3509 2118 τοῦτο
3537 2063 3689 2117 εἰκό-

2111 2173 2220 2220 τως
2249 2154 2340 2209 τοῦ
2371 2153 2587 2225 Πατρδς
2613 2155 2930 2224 λεγομένων
2981 2155 3092 2210 τῶν
3120 2153 3216 2210 τοῦ
3250 2153 3412 2222 Υἰοῦ,
3436 2155 3513 2218 ὡς
3543 2154 3691 2208 ἐκεῖ·

2115 2247 2209 2302 θεν
2247 2246 2496 2317 ἡκόντων
2523 2245 2693 2318 αύτῷ.
2721 2247 2836 2301 Καὶ
2868 2247 2979 2318 γὰρ
3015 2246 3080 2319 δὴ
3103 2248 3196 2302 καὶ
3226 2246 3366 2310 ὅλως
3385 2247 3448 2300 οὐ
3478 2245 3690 2300 δύναιτ’

2113 2341 2178 2396 ἀν
2207 2356 2292 2404 τις
2335 2337 2413 2410 μὴ
2431 2339 2617 2408 λέγειν
2653 2338 2836 2392 αἰτίαν
2859 2341 2957 2394 καί⁵
2985 2337 3238 2393 ὁπωσοῦν
3279 2337 3373 2391 τδν
3421 2336 3573 2402 Υἰὸν,
3623 2335 3690 2389 δι’

2115 2429 2284 2487 αὐτοῦ
2315 2430 2493 2500 λέγων
2513 2430 2574 2484 τὸ
2599 2431 2830 2500 Πνεῦμα
2865 2430 2927 2485 τδ
2957 2428 3117 2499 ἀγιον
3160 2426 3590 2500 ἐκπορεύεσθαι.
3627 2427 3692 2480 Εἰ

2115 2527 2226 2598 γὰρ
2252 2526 2312 2580 τὸ
2345 2525 2444 2596 μὲν
2477 2525 2564 2580 διὰ
2601 2525 2696 2579 τοῦ
2730 2524 2861 2579 Υἰοῦ
2907 2522 3329 2593 ἐκπορεύεσθαι,
3372 2523 3467 2576 καὶ
3498 2522 3693 2592 προϊέ-

2115 2637 2224 2685 ναι,
2263 2619 2357 2672 καὶ
2385 2613 2546 2684 εῖναι,
2579 2619 2641 2672 τὸ
2672 2617 2745 2671 δι’
2770 2614 2902 2671 Υἰοῦ
2930 2616 3032 2688 τὴν
3066 2613 3305 2686 ὓπαρξιν
3343 2613 3490 2686 ἔχειν
3515 2614 3693 2685 δηλοῖ,

2115 2710 2191 2774 ὡς
2225 2711 2318 2764 καὶ
2344 2708 2495 2780 παρὰ
2519 2709 2628 2763 τῶν
2653 2707 3051 2777 ἀντιλεγόντων
3073 2705 3256 2762 αὐτῶν
3292 2705 3690 2776 συγχωρεῖται,

2120 2803 2195 2874 μὴ
2228 2801 2542 2871 δυναμένων
2587 2799 2933 2854 ἀντιϐλέπειν
2983 2797 3126 2872 πρὸς
3158 2799 3228 2853 τὰ
3287 2797 3654 2869 φανερώτατα
3677 2815 3705 2830 ο·

2114 2891 2273 2946 τοῦτο
2298 2891 2356 2946 δὲ
2403 2890 2656 2960 λέγοντες
2711 2892 2759 2944 οἰ
2795 2889 3131 2957 διδάσκαλοι,
3183 2887 3310 2944 οὔτε
3357 2889 3458 2961 τὴν
3489 2890 3569 2953 εἰς
3599 2888 3718 2942 τδνκ

2118 2985 2378 3056 αἰσθητὸν
2429 2982 2643 3037 τουτονὶ
2700 2983 2907 3054 κόσμον
2967 2982 3063 3038 τοῦ
3109 2981 3436 3053 Πνεῦμα-σος
3463 2980 3695 3053 δηλοῦσι

2117 3078 2450 3148 φανέρωσιν,
2480 3075 2605 3132 οὔτε
2641 3074 2773 3144 περί
2812 3078 3178 3147 χαρισμάτων
3210 3075 3374 3130 τινῶν
3405 3072 3692 3128 ποιοῦνται

2117 3170 2209 3226 τὸν
2233 3169 2413 3238 λόγον,
2449 3168 2588 3224 ἀλλά
2613 3169 2712 3238 τῆς
2740 3167 2832 3222 τοῦ
2868 3167 3189 3238 Πνεύματος
3213 3167 3572 3230 ὑποστάσεως
3595 3168 3696 3221 καὶ

2121 3357 2388 3422 negarent
2413 3348 2612 3405 Filium
2643 3357 2700 3403 et
2741 3345 3008 3417 Spiritum
3036 3354 3291 3402 sanctum
3323 3361 3542 3402 causam
3571 3361 3715 3402 esse

2119 3451 2496 3500 creaturarum
2529 3456 2546 3493 :
2582 3440 2698 3510 ipsa
2727 3438 2918 3494 eadem
2951 3437 3060 3494 illis
3089 3435 3341 3501 solliciet,
3373 3437 3467 3507 qui
3493 3434 3692 3490 Filium

2121 3547 2230 3588 non
2254 3545 2385 3586 esse
2406 3544 2630 3584 causam
2658 3527 2898 3599 Spiritus
2926 3535 3158 3598 ponunt.
3200 3525 3399 3582 Eadem
3427 3520 3574 3580 enim
3604 3540 3696 3579 ra-

2123 3623 2272 3678 tione
2309 3630 2366 3678 et
2408 3621 2800 3687 Damascenus,
2835 3634 2961 3675 cum
3014 3619 3220 3674 diceret
3254 3618 3528 3689 Spiritum
3582 3635 3696 3672 non

2122 3697 2242 3772 esse
2268 3729 2338 3770 ex
2370 3712 2532 3776 Filio,
2565 3709 2773 3768 addidit
2799 3729 2812 3766 :
2850 3711 3012 3767 Solus
3034 3711 3182 3766 enim
3210 3712 3372 3766 Pater
3408 3723 3570 3766 causa
3592 3719 3696 3765 est.

2123 3805 2192 3862 Et
2223 3805 2490 3859 Maximus
2512 3801 2702 3858 dicens’
2734 3801 2802 3858 de
2830 3803 3092 3858 Romanis
3113 3844 3129 3870 ,
3160 3800 3306 3873 quod
3334 3817 3400 3857 ex
3429 3800 3569 3857 Filio
3610 3817 3698 3857 as-

2123 3907 2372 3955 sererem
2419 3894 2682 3967 Spiritum
2725 3891 2970 3965 prodire.
3032 3894 3154 3951 Non
3180 3909 3307 3950 eum
3336 3909 3556 3951 causam
3605 3909 3701 3966 po-

2125 3999 2288 4052 nunt.
2337 3988 2434 4054 ait,
2487 4001 2612 4043 cum
2668 3985 2875 4042 scirent
2911 3985 3154 4056 quidem;
3207 3987 3426 4057 qual’em
3476 4001 3698 4042 causam

2125 4081 2397 4154 signiticet
2428 4095 2532 4135 ex:
2566 4078 2726 4134 talem
2756 4077 2958 4134 Filium
3004 4093 3127 4134 esse
3159 4078 3386 4136 minime
3426 4079 3699 4136 concede-

2126 4185 2284 4241 rent;
2318 4174 2522 4244 quippe
2559 4172 2654 4242 qui
2681 4170 2866 4225 omnia
2889 4184 3009 4240 qua:
3039 4169 3207 4226 habet
3233 4187 3264 4225 a
3285 4170 3450 4227 Patre
3476 4172 3698 4242 accipit,

2125 4265 2219 4336 qui
2261 4265 2412 4320 solus
2446 4263 2619 4332 prima
2671 4270 2729 4317 et
2771 4261 3092 4331 principalis
3123 4275 3290 4318 causa
3325 4270 3408 4317 est
3430 4303 3446 4330 ,
3479 4264 3696 4333 qualem

2127 4355 2246 4426 ipsa
2284 4369 2349 4409 ex
2377 4353 2670 4424 significat,
2692 4367 2818 4408 cum
2851 4353 2968 4424 ipse
2995 4352 3220 4423 quidem
3246 4369 3276 4408 a
3308 4353 3492 4423 seipso
3517 4355 3697 4408 omnia

2128 4448 2352 4513 habeat,
2391 4446 2565 4501 Filius
2590 4461 2722 4500 vero
2747 4460 2778 4499 a
2807 4445 2988 4501 Patre.
3013 4446 3082 4501 Et
3110 4446 3231 4503 ideo
3259 4461 3368 4502 non
3399 4447 3576 4517 prima
3600 4463 3701 4502 nec

2129 4539 2445 4610 principalis
2465 4553 2628 4594 causa
2654 4547 2758 4605 est,
2785 4545 2873 4594 est
2905 4547 3085 4593 tamen
3118 4554 3282 4595 causa
3309 4579 3324 4604 ,
3352 4539 3468 4596 sive
3499 4539 3703 4609 princi-

446 4629 897 4727 Ampln’locbium
928 4649 1167 4720 capitulo
1202 4646 1320 4702 ait:
1375 4643 1505 4700 ideo
1556 4637 2024 4712 inquitDominus
2061 4643 2102 4701 ι)
2133 4633 2302 4704 pium,
2336 4629 2576 4702 Spiritus
2623 4643 2789 4684 unum
2854 4638 2910 4684 et
2972 4629 3115 4685 idem
3175 4645 3296 4685 cum
3353 4630 3542 4697 Patre;
3601 4646 3702 4686 nec

449 4747 521 4804 ad
563 4746 780 4801 Patrem
816 4759 834 4798 :
892 4741 1008 4797 Mea
1055 4739 1237 4793 omnia
1270 4745 1360 4790 tua
1419 4744 1567 4804 sunt,
1603 4733 1733 4803 quia
1778 4731 1846 4786 ad
1898 4744 2026 4784 eum

447 4835 786 4912 principium
815 4841 1190 4889 creaturarum
1247 4828 1504 4884 refertur.
1545 4825 1612 4880 Et
1645 4823 2030 4879 Nazianzenus

447 4934 509 4989 in
541 4943 798 4987 sermone
833 4926 898 4982 ad
933 4923 1252 4996 [Egyptiosz
1307 4921 1482 4984 Deus,
1522 4916 1723 4988 inquit,
1753 4915 1928 4969 tribus
1974 4913 2027 4966 in

449 5022 710 5081 maximis
746 5017 1031 5075 consistit:
1062 5027 1249 5076 causa,
1282 5019 1554 5073 creatonc,
1579 5016 1636 5062 et
1669 5006 2027 5077 perticienle;

450 5115 620 5172 Patre
647 5111 923 5176 videlicet,
944 5107 1104 5170 Filio,
1135 5113 1192 5160 et
1221 5083 1430 5172 Spiritu
1461 5109 1670 5154 sancto.
1695 5097 1821 5153 llrec
1847 5103 2028 5150 autem

452 5207 699 5273 dicebat,
720 5219 832 5263 non
865 5200 992 5273 quia
1022 5197 1246 5255 omnino
1278 5192 1534 5264 negabat,
1553 5190 1753 5245 Filium
1778 5197 1833 5244 et
1858 5187 2031 5257 Spll‘l-

456 5310 578 5356 tum
607 5305 856 5354 sanctum
872 5307 993 5349 esse
1022 5287 1352 5362 principium
1375 5285 1490 5340 sive
1511 5297 1730 5338 causam
1752 5287 2032 5334 creatura-

453 5389 720 5461 rum(boc
737 5386 883 5442 enim
902 5383 1131 5453 impium
1147 5387 1233 5436 est
1250 5373 1632 5450 cogitare),sed
1667 5372 1793 5443 quia
1815 5372 2030 5461 Patrem

452 5459 644 5539 solum
666 5477 991 5549 simpliciter
1006 5470 1384 5544 principaliter
1420 5480 1640 5523 causam
1661 5478 1783 5519 esse
1801 5459 2030 5524 sciebat,

452 5582 522 5631 et
549 5575 618 5630 ab
645 5587 713 5629 eo
745 5571 943 5627 Filium
974 5577 1032 5624 et
1060 5565 1327 5637 Spiritum
1359 5570 1604 5616 sanctum
1632 5556 1834 5611 habere
1869 5553 2031 5624 quid-

450 5667 595 5736 quid
632 5661 1002 5727 babent.Quze
1029 5673 1158 5727 ergo
1190 5651 1474 5723 responsio
1499 5648 1808 5705 suilecisset
1838 5654 2030 5700 contra

453 5735 860 5827 quoscunque.
906 5753 999 5822 qui
1040 5766 1103 5804 ex
1137 5749 1222 5802 liis
1274 5744 1458 5800 verbis
1513 5740 1756 5796 doctoris
1785 5754 1892 5791 non
1946 5735 2033 5790 Fi-

449 5848 624 5912 lium,
657 5862 756 5901 nec
803 5845 1094 5915 Spiritum,
1136 5841 1230 5896 sed
1276 5840 1490 5894 Patrem
1521 5831 1776 5905 ponentis
1807 5845 2030 5886 causam

451 5955 863 6010 creaturarum,
920 5940 1152 6010 maligne
1200 5951 1430 6007 arguere
1476 5933 1745 5995 volentes,
1795 5926 2030 5983 totalitcr

2127 4724 2416 4796 quisquam
2454 4723 2559 4777 hoc
2594 4720 2821 4776 omnino
2866 4733 3064 4791 negare
3102 4718 3323 4791 poterit,
3383 4736 3482 4791 per
3550 4737 3701 4789 eum,

2127 4817 2358 4873 audiens
2387 4815 2641 4872 doctores
2672 4813 2940 4880 dicentes,
2979 4813 3250 4882 Spiritum
3295 4821 3541 4868 sanctum
3570 4829 3704 4886 pro-

2128 4909 2350 4967 cedere.
2375 4906 2432 4963 Si
2449 4905 2596 4962 enim
2622 4920 2720 4976 per
2749 4903 2946 4959 Filium
3000 4903 3322 4976 procedere,
3349 4903 3594 4975 prodire,
3650 4917 3705 4960 et

2129 5015 2272 5068 esse,
2317 4999 2419 5070 ipsi
2456 5012 2674 5069 quoque
2727 4996 3050 5062 adversarii,
3096 5012 3204 5052 non
3234 4995 3477 5052 valentes
3516 5004 3720 5067 aperte

2131 5091 2352 5146 veritati
2405 5087 2822 5153 contradicere,
2840 5087 3150 5143 concedunt
3195 5085 3340 5142 idem
3371 5085 3711 5160 signiﬁcare,-

2131 5199 2195 5240 ac
2230 5183 2274 5239 si
2314 5182 2590 5238 diceretur
2625 5195 2722 5250 per
2758 5180 2954 5234 Filium
2995 5178 3204 5235 habere
3245 5179 3702 5245 subsistentiany:

2065 5299 2072 5308 η
2133 5276 2237 5332 hoc
2264 5282 2447 5330 autem
2479 5273 2729 5328 dicentes
2757 5271 3036 5339 doctores,
3063 5285 3167 5326 nec
3203 5271 3703 5327 manifestatidnem

2133 5367 2371 5439 Spiritus
2411 5363 2480 5419 ad
2509 5363 2655 5419 hunc
2683 5363 3001 5425 sensibilem
3046 5362 3311 5418 mundum
3371 5362 3702 5434 signiﬁcant,

2132 5474 2234 5515 nec
2263 5457 2331 5512 de
2359 5456 2548 5529 gratiis
2578 5464 2634 5510 et
2657 5455 2815 5509 donis
2846 5453 3106 5522 Spiritus,
3144 5452 3247 5508 sed
3277 5453 3346 5509 de
3381 5453 3496 5523 ipsa
3524 5453 3696 5525 hypo-

2133 5550 2263 5606 stasi
2290 5548 2530 5619 Spiritus
2575 5555 2630 5602 et
2669 5547 2789 5618 ejus
2821 5555 3026 5601 aeterna
3054 5544 3402 5601 emanatione
3467 5553 3524 5601 et
3555 5545 3704 5600 exsi-

2137 5644 2338 5701 stentia
2363 5643 2667 5713 loquuntur
2700 5653 2715 5692 :
2764 5654 2862 5694 nec
2909 5639 3011 5693 ista
3040 5638 3354 5711 prapositio
3389 5653 3514 5707 per,
3560 5637 3702 5692 idem

2135 5737 2281 5808 quod
2311 5733 2622 5808 praepositio
2679 5749 2800 5787 cum
2839 5735 2921 5802 (ut
2977 5733 3352 5803 probavimus)
3405 5727 3700 5802 signiﬁcat,

2135 5829 2201 5882 ad
2225 5843 2346 5897 qna:
2377 5828 2627 5898 refugere
2660 5828 2836 5882 solent
2870 5825 3210 5880 adversarii':
3247 5825 3377 5895 quid
3415 5823 3561 5879 aliud
3609 5834 3697 5871 re-

2136 5918 2427 5990 linquitur;
2465 5917 2565 5973 nisi
2616 5928 2673 5972 ut
2721 5933 2812 5987 per
2847 5915 3117 5987 signiﬁcet
3151 5929 3369 5971 causam
3405 5912 3518 5970 sive
3550 5907 3699 5978 prin-
