3990 6212
347 399 458 465 589

343 516 404 565 rb
430 513 606 582 ἄτιον,
630 518 719 571 τὸν
745 515 871 573 Υίδν
892 519 1035 591 ἔχειν
1065 523 1518 596 διισχυρίζονται.
1571 534 1644 586 Τὸ
1696 535 1741 586 δ’
1785 536 1850 590 αὖ

344 602 506 658 τοῦτο
538 608 633 659 καὶ
661 609 690 660 ό
721 610 996 680 μακάριος
1049 614 1319 683 Κύριλλος
1347 620 1406 672 ιν
1430 620 1507 690 τῷ
1534 623 1773 694 πέμπτῳ
1805 625 1913 678 τῶν

344 694 482 765 πρὸς
519 696 785 766 Ἑρμείαν
814 699 968 771 δηλοῖ
998 720 1013 736 ο
1041 699 1197 769 Τίνος
1217 707 1324 778 γὰρ
1355 708 1509 776 ἴδιον,
1548 715 1734 784 φησὶν,
1776 715 1917 771 εἷναί

344 803 528 858 φαμεν
570 787 632 841 rb
664 789 885 860 Πνεῦμα
919 793 979 846 rb
1013 794 1206 863 ἇγιον;
1256 802 1486 869 πότερον
1515 804 1571 856 δὲ
1621 807 1786 875 μόνον
1818 812 1916 864 τοῦ

340 875 478 930 Θεοῦ
511 875 605 932 καὶ
639 879 873 950 Πατρδς,
903 883 934 953 ἢ
965 884 1096 951 γοῦν
1135 889 1347 944 καὶτοῦ
1384 894 1544 961 Υίοῦ;
1597 897 1630 968 ἢ
1674 902 1770 953 καὶ
1815 903 1918 957 ἀνὰ

343 969 522 1064 μέρος⁸
561 971 830 1064 ἐκατέρου
880 980 975 1032 καὶ
1001 981 1229 1051 ἀμφοῖν,
1291 984 1366 1050 ὥς
1398 987 1458 1041 ἒν
1509 989 1572 1043 ἐκ
1605 993 1820 1064 Πατρὺς
1849 994 1915 1049 δι’

346 1060 473 1115 Υίοῦ
502 1061 598 1160 bid:
619 1063 720 1160 τῆν
744 1068 1051 1141 ταυτότητα
1079 1075 1176 1143 τῆς
1208 1077 1431 1146 οὐσίας;
1467 1079 1678 1154 [ἰατρὸς
1710 1060 1936 1160 δηλαδὴΔ

341 1155 435 1207 καὶ
465 1153 598 1208 Υίοῦ
621 1155 818 1245 λέγῳν.
848 1161 1231 1234 ’Δποιρίνεται
1251 1167 1308 1222 δὲ
1328 1170 1362 1223 δ’
1397 1153 1656 1243 Ἑρμείας
1677 1191 1695 1211 ο
1727 1153 1914 1245 όῦτως

557 1266 722 1320 φημι,
749 1244 1026 1326 ὧὲταῖρε.
1078 1258 1186 1312 Καὶ
1228 1263 1255 1314 ὁ
1315 1260 1469 1333 ἅγιος
1526 1271 1662 1339 πρὸς
1709 1244 1912 1328 αὑτόνέ

350 1336 598 1436 Ὀρθῶς.Δ
643 1340 744 1394 Διὰ
773 1342 836 1396 rb
886 1346 1109 1413 ταυτὸν,
1150 1353 1308 1421 φησὶ,
1358 1354 1456 1428 τῆς
1483 1336 1671 1426 οὐσίας
1703 1365 1914 1436 Πατρὸς

338 1430 436 1482 καὶ
470 1429 603 1484 Υίοῦ
629 1433 840 1504 ἀμφοῖν
865 1438 929 1491 rb
961 1439 1188 1511 Πνεῦμά
1220 1446 1359 1511 ἐστι,
1395 1451 1489 1504 καὶ
1527 1453 1592 1507 ὲκ
1616 1429 1913 1528 Πατρδςδΰ

340 1523 474 1577 Υίοῦ
504 1525 904 1597 ἐκπορεύεται·
932 1531 1014 1586 δτι
1046 1533 1299 1604 βούλεται
1322 1539 1532 1612 ἕτερον,
1569 1546 1600 1618 ἢ
1630 1548 1712 1601 ὅτι
1731 1523 1826 1604 διὰ
1853 1551 1912 1606 rb

337 1617 542 1705 ταυτὸν
571 1618 672 1688 τῆς
724 1621 918 1688 οὐσίας
949 1625 1066 1697 Υίῷ
1112 1631 1249 1700 πρὸς
1285 1633 1506 1705 Πατέρα
1557 1617 1650 1692 καὶ
1697 1642 1785 1697 διὰ
1819 1643 1910 1698 τοῦ

345 1702 477 1757 ι·ιοῦ
507 1705 722 1775 πρόεισι
756 1710 818 1762 rb
853 1713 1105 1785 Πνεῦμα,
1138 1720 1234 1772 καὶ
1268 1702 1496 1796 Πνεῦμά
1544 1727 1695 1784 ἐστιν
1721 1733 1910 1800 αὑτοῦ,

335 1798 531 1890 ιῖηπερ
550 1805 642 1855 καὶ
660 1803 757 1857 τοῦ
787 1806 1020 1880 Πατρός.
1055 1812 1228 1869 Τοῦτο
1260 1812 1316 1871 δὲ
1342 1823 1437 1874 καὶ
1458 1823 1713 1890 Λατίνοις
1741 1798 1906 1886 boat-:1.

337 1886 554 1955 Ἄλλως
577 1909 637 1947 τε
694 1896 760 1950 rb
791 1899 1106 1968 ὀμοούσιόν
1129 1923 1187 1960 τε

334 1984 528 2050 οὐσίας
566 1987 742 2054 οὕτως
771 1991 837 2046 ἂν
891 1994 1136 2068 δειχθείη
1174 2003 1414 2070 μάλιστα
1464 1984 1561 2061 ἐπὶ
1589 2010 1700 2064 τῶν
1746 1984 1907 2083 βείιῦν

331 2084 650 2176 «poetirme
669 2087 901 2158 ,Πατρός
924 2105 982 2144 τε
1008 2093 1144 2163 πρδις
1172 2095 1264 2150 τὸν
1289 2097 1417 2153 Υίδν
1443 2103 1536 2155 καὶ
1563 2104 1622 2156 rb
1655 2104 1902 2176 Πνεῦμα,

332 2172 427 2266 καὶ
459 2173 594 2227 Υίοῦ
646 2179 785 2248 πρὸς
843 2180 936 2233 τὸν
972 2179 1197 2256 Πατέρα
1230 2193 1325 2242 καὶ
1384 2193 1444 2245 rb
1474 2195 1724 2264 Πνεῦμα,
1756 2172 1907 2266 είίὡς

330 2262 510 2364 αἴτιον
559 2267 657 2319 καὶ
693 2270 940 2325 αἰτιατῦν
981 2271 1165 2344 ἔχουσι
1204 2280 1342 2349 πρὸς
1399 2262 1766 2362 anilla-ipf
1798 2262 1906 2364 γὰρ

327 2351 575 2418 τοιαῦτα,
613 2361 932 2428 κοινωνήσει
980 2381 1039 2416 τε
1068 2365 1304 2436 μάλιστα
1357 2371 1629 2444 ἀλλήλοις,
1689 2351 1905 2446 alitein

326 2447 520 2514 ἔχοντα
551 2451 688 2519 πρὸς
718 2446 926 2524 ἄλληλα
963 2459 1108 2512 κατὰ
1140 2459 1326 2530 φύσιν,
1351 2464 1439 2519 διὰ
1467 2468 1527 2519 rb
1561 2470 1692 2524 αὐτὸ
1717 2471 1773 2527 δὲ
1809 2475 1902 2527 οῦ-

327 2537 418 2590 δὲν
440 2535 601 2610 ἦττον
633 2543 1114 2615 διακριθήσονταιο
1170 2555 1263 2606 καὶ
1315 2557 1518 2624 μᾶλλον
1571 2561 1661 2614 διὰ
1713 2565 1901 2619 τούτου

322 2630 424 2683 τοῦ
486 2632 690 2702 τρόπου
741 2635 774 2705 ἢ
837 2637 904 2690 δι’
959 2640 1194 2710 ἐτέρου,
1254 2645 1348 2698 τοῦ
1413 2651 1578 2704 αὑτοῦ
1634 2655 1728 2706 καὶ
1784 2656 1902 2720 ἑνὸς

321 2723 615 2794 ἀμφότερα
669 2726 973 2798 δυναμένου
1039 2734 1132 2785 καὶ
1186 2737 1411 2802 εἰκότως
1479 2744 1900 2815 παραλαμδανο-

326 2817 496 2884 μένου
563 2821 654 2872 ἐπὶ
694 2821 804 2873 τῶν
861 2823 1042 2882 Θιίων.
1094 2827 1308 2902 Ὠσπερ
1362 2834 1468 2905 γὰρ
1529 2837 1764 2904 ἐκείνοις
1809 2845 1901 2896 καὶ

321 2916 392 2982 τῇ
451 2913 640 2968 ἑνὼσει
697 2919 730 2988 ἡ
786 2919 1082 2991 διάκρισις,
1135 2927 1231 2978 καὶ
1277 2931 1352 2998 τῇ
1394 2929 1730 3007 διακρίσειή
1771 2935 1901 2992 ἒνωο

325 3025 413 3069 at:
450 3013 901 3082 συνεμφαίνεται,
935 3016 1109 3083 οὕτως
1140 3019 1357 3093 ἀνάγκη
1388 3025 1481 3078 καὶ
1501 3027 1762 3100 τοιαύτην
1786 3031 1902 3086 ἐκεῖ

1318 416 1604 479 ORATIO
1650 421 2087 486 DOGMATICA
2127 423 2277 490 PRO
2323 423 2638 496 UNIONE.

3492 450 3595 511 590

1857 535 1918 637 τὸ
1950 537 1989 598 Α
2021 541 2206 637 λαϐεῖν
2247 552 2554 626 κοινωνίαν,
2585 553 2659 617 ὡς
2690 555 2858 624 μηδὲν
2880 552 3043 631 ἦττον
3073 563 3166 615 καὶ
3191 561 3290 634 τὴν
3317 563 3588 637 διάκρισιν

2022 633 2080 727 ἓν
2113 633 2281 709 ἑαυτῇ
2319 641 2567 714 συνέχειν
2589 660 2601 674 ο
2624 648 2718 699 καὶ
2746 649 2908 703 πάλιν
2937 651 3196 724 τοιαύτην
3221 655 3512 727 διάκρισιν,
3532 649 3590 715 ὲν

2019 717 2054 800 ᾖ
2087 733 2670 803 συμπεριλαμϐάνεται
2697 739 2794 793 καὶ
2831 743 2864 810 ἠ
2887 741 3082 808 ἓνωσις
3107 761 3121 776 ·
3152 717 3313 802 ⁷ὥστε
3349 717 3420 804 αν
3448 717 3592 817 τινος

2021 822 2349 894 ἀκούσωμεν
2399 828 2652 896 λέγοντος
2691 833 2801 886 τῶν
2839 836 3033 903 ἁγίων,
3063 838 3153 892 διὰ
3176 841 3276 912 τὴν
3305 845 3592 910 ὁμοουσιό·

2019 931 2157 984 τητα
2207 917 2458 988 εἰρῆσθαι
2509 922 2577 976 δι’
2613 924 2741 979 Υίοῦ
2772 928 2832 980 rb
2868 930 3091 1000 Πνεῦμα
3137 933 3199 986 τὸ
3241 933 3398 1004 ἅγιον
3426 939 3594 994 ἑκποι

2021 1005 2302 1094 ρεύεσθαι,
2336 1007 2457 1064 ἐπεὶ
2479 1013 2579 1084 τὴν
2599 1015 3004 1088 ,ὁμοουσιότητα
3045 1023 3251 1094 ταύτην
3285 1025 3318 1094 ἡ
3356 1027 3498 1080 κατά
3529 1030 3592 1082 rb

2018 1093 2193 1150 αἴτιον
2223 1095 2317 1150 καὶ
2357 1097 2602 1188 αίτιατὸν
2655 1105 2844 1176 σχέσις
2891 1108 3063 1180 δηλοῖ,
3103 1093 3342 1183 μάλιστα
3371 1116 3459 1170 διὰ
3489 1119 3591 1188 τὴν

2018 1189 2162 1278 κατὰ
2193 1189 2255 1244 rb
2286 1187 2459 1247 αἴτιον
2495 1181 2588 1248 Stal
2618 1197 2864 1253 alrtarbv
2908 1181 3112 1272 σχέσιν
3143 1207 3460 1278 νομίσωμεν
3489 1181 3590 1264 αῦ-

2016 1277 2141 1371 τοὺς
2167 1281 2473 1371 εἰρηκέναι,
2504 1282 2594 1342 διὰ
2615 1287 2709 1342 τοῦ
2739 1289 2866 1345 Υίοῦ
2900 1293 3157 1363 λὲγεσθαι
3186 1277 3587 1371 ἐκπορεύεσθαι

2014 1367 2075 1462 rb
2130 1369 2354 1462 Πνεῦμα
2402 1375 2461 1429 rb
2495 1375 2669 1445 ἅγιον.
2704 1379 2829 1435 Ὀτι
2863 1382 2978 1454 δὲή
3033 1388 3257 1462 τοιαύτη
3310 1367 3495 1462 σχέσις
3528 1397 3590 1450 τὸ

2015 1459 2300 1528 ὁμοούσιον
2330 1468 2593 1558 παριστᾷ,
2629 1469 2766 1541 πρὸς
2796 1475 2906 1538 τοῖς
2940 1459 3260 1546 λεγομένοις
3305 1459 3398 1537 καὶ
3432 1487 3460 1538 b
3489 1489 3589 1558 μιν·

2013 1567 2116 1616 γας
2154 1556 2494 1626 μαρτυρήσει
2526 1555 2828 1629 Βασίλειος,
2857 1567 2916 1621 ὲν
2943 1569 3010 1638 τῇ
3057 1573 3196 1641 πρὸς
3221 1573 3321 1638 τὰς
3356 1555 3588 1632 Κανονι-

2016 1642 2117 1706 κὰς
2139 1644 2396 1716 ἐπιστολῇ
2428 1651 2588 1704 ταυτὶ
2617 1651 2796 1721 λέγων
2818 1665 2835 1688 ⁶
2887 1657 3043 1714 Ἐπεὶ
3082 1664 3214 1730 γοῦν
3243 1666 3397 1722 ἐστιν
3422 1669 3590 1742 ἄναρ-

2011 1753 2107 1807 χον
2143 1737 2259 1805 φῶς
2289 1740 2317 1792 ὁ
2345 1739 2557 1813 Πατὴρ,
2592 1746 2853 1818 γεννητὸν
2895 1749 2952 1804 δὲ
2998 1753 3160 1821 φῶςδ
3195 1756 3347 1824 Υἱὸς,
3393 1761 3508 1828 φῶς
3529 1737 3588 1818 δὲ

1946 1875 1985 1931 Β
2014 1829 2106 1931 καί
2142 1829 2256 1896 φῶς
2294 1831 2578 1903 ἑκάτερος,
2618 1837 2912 1920 δμοούσιον
2962 1843 3128 1899 αὐτὸν
3157 1849 3366 1903 είποιεν
3407 1851 3476 1905 ἂν
3504 1853 3590 1906 δι-

1241 1911 1337 1964 καὶ
1368 1911 1787 1986 ἀπαράλλακτον
1809 1923 1910 1994 τῆς
1946 1911 1985 1931 ⁸¹
2012 1918 2204 1985 καίως,
2241 1922 2325 2010 ίνα
2350 1924 2411 1976 rb
2438 1925 2537 1995 τῆς
2565 1911 2785 1994 φύσεως
2817 1927 3084 2004 ὁμότιμον
3133 1942 3589 2010 παραστήοωσιν.

2011 2008 2232 2102 Οὐνγάρ
2263 2009 2331 2066 τὰ
2353 2013 2560 2085 ἀδελφὰ
2587 2017 2842 2090 ἀλλήλοις
2875 2023 3144 2094 ὀμοούσια
3172 2008 3413 2097 λέγεταί,
3448 2032 3594 2102 ὅπερ

2008 2101 2154 2166 τινὲς
2187 2105 2572 2177 ὑπειλήφασιν,
2602 2111 2722 2166 ἀλλ’
2740 2113 2870 2169 ὅταν
2904 2118 2997 2172 καὶ
3025 2119 3087 2173 rb
3114 2121 3286 2176 αίτιον
3317 2125 3496 2180 καὶτὸ
3523 2101 3588 2180 sic

2007 2190 2102 2243 τοῦ
2134 2193 2306 2287 αἰτίου
2337 2197 2437 2269 τὴν
2469 2199 2708 2274 ὓπαρξιν
2738 2204 2862 2276 ἔχον
2889 2207 2987 2279 τῆς
3027 2211 3202 2281 αὐτῆς
3226 2213 3450 2287 ὑπάρχῃ
3479 2217 3588 2286 φύ-
3693 2237 3704 2247 δ

2010 2298 2170 2348 σεως,
2201 2283 2464 2354 ὁμοούσια
2493 2291 2736 2360 λέγεται.
2770 2297 2882 2350 Καὶ
2908 2299 2966 2351 ὲν
2998 2299 3074 2370 τῷ
3115 2304 3258 2357 κατὰ
3291 2283 3583 2360 Σαδ-ελλίου

2007 2381 2101 2433 καὶ
2143 2381 2446 2452 Ἀρειανῶν
2490 2384 2634 2455 λόγῳ
2683 2387 2813 2456 περὶ
2846 2389 3061 2462 Πατρὺς
3092 2394 3187 2446 καὶ
3227 2393 3358 2447 Υίοῦ
3384 2396 3580 2468 λέγων,

2007 2473 2082 2525 Οὐ
2114 2473 2219 2543 γὰρ
2253 2474 2485 2544 ἀδελφὰ,
2531 2477 2686 2547 φησὶ,
2740 2477 2996 2551 λέγομεν,
3049 2483 3188 2536 ἀλλὰ
3233 2485 3452 2556 Πατέρα
3484 2491 3579 2542 καὶ

2009 2557 2136 2620 Υίδν
2161 2557 2532 2638 ὁμολογοῦμεν
2555 2583 2570 2597 ·
2603 2568 2664 2622 rb
2693 2569 2749 2623 δὲ
2774 2571 2872 2640 τῆς
2902 2573 3089 2638 οὐσίας
3133 2575 3354 2645 ταυτὸν,
3386 2578 3579 2649 ἐπειδὴ

2005 2658 2068 2710 ὲκ
2095 2656 2190 2711 τοῦ
2223 2657 2435 2729 [ἰατρὸς
2464 2662 2492 2714 ὁ
2525 2661 2676 2725 Υίὸς.
2708 2661 2772 2716 Εί
2800 2658 2894 2720 οὖν
2914 2663 3005 2719 διὰ
3027 2665 3089 2719 τὸ
3122 2667 3408 2737 ὀμοούσιον
3427 2670 3578 2741 είρηο

2003 2765 2093 2802 ται
2119 2749 2208 2804 διὰ
2243 2750 2337 2834 τοῦ
2372 2751 2502 2806 Υίοῦ
2537 2753 2597 2806 rb
2620 2753 2844 2825 Πνεῦμα
2868 2756 2980 2814 ’.τὸ
3009 2757 3056 2813 δ’
3087 2757 3150 2813 ἔκ
3177 2777 3323 2824 τινος
3358 2761 3418 2816 ὃν
3450 2765 3578 2834 ὀμο-

2003 2837 2183 2893 ούσιον
2207 2831 2348 2896 εἶναι
2378 2844 2455 2913 τῷ
2477 2843 2535 2911 ἐξ
2561 2844 2621 2899 οῦ
2657 2845 2791 2913 ἐστι,
2818 2847 2912 2902 καὶ
2941 2847 3020 2920 τῷ
3053 2853 3279 2922 μεγάλῳ
3310 2831 3577 2923 Βασιλείῳ

2002 2933 2171 2998 δοκεῖ,
2208 2935 2301 2989 καὶ
2324 2936 2542 3006 μάλισθ’
2577 2938 2706 2993 ὅταν
2734 2938 2835 3008 τῆς
2863 2938 3035 3013 αὐτῆς
3079 2945 3297 3012 φύσεως
3329 2937 3453 3009 ὦσι,
3485 2943 3576 2998 διὰ

2001 3025 2062 3078 rb
2090 3023 2260 3080 αἴτιον
2287 3025 2383 3080 καὶ
2399 3028 2644 3082 αἰτιατὺν
2669 3027 2736 3082 δι’
2758 3029 2890 3084 Υίοῦ
2907 3030 3302 3104 ἐκπορεύεσθαι
3323 3037 3567 3108 εἴρηται.

253 3240 256 3242 ν
320 3191 614 3260 utriusque
660 3200 716 3248 et
747 3193 908 3249 simul
957 3194 1281 3262 amborum,
1315 3207 1571 3270 tanquam
1609 3213 1779 3259 unum
1826 3217 1893 3260 ex
1922 3205 1964 3263 C
1999 3215 2146 3265 ctum
2222 3207 2429 3277 fuisse,
2485 3218 2586 3280 per
2642 3207 2842 3266 Filium
2917 3211 3180 3283 Spiritum
3232 3217 3566 3287 procedere;

262 3335 276 3348 ,
318 3282 483 3336 Patre
508 3297 606 3353 per
633 3283 828 3338 Filium
858 3295 1081 3356 propter
1115 3287 1459 3344 identitatem
1493 3295 1743 3349 essentiae
1766 3296 1790 3349 ?
1813 3297 1918 3351 Δία·

317 3387 447 3441 quae
494 3373 791 3442 respondet
828 3376 1135 3450 llermias:
1203 3379 1279 3434 Ita
1337 3379 1476 3435 mihi
1532 3382 1772 3440 videtur.
1830 3385 1900 3441 At

314 3463 517 3518 doctor
547 3463 618 3518 ad
643 3480 770 3520 eum
795 3451 997 3522 :Recte
1029 3469 1271 3538 quidem.
1297 3471 1523 3536 Propter
1550 3473 1893 3532 identitatem

315 3557 597 3623 essentiaa‘,
629 3556 831 3627 inquit,
862 3555 1042 3615 Patris
1070 3569 1122 3616 et
1179 3561 1322 3627 Filii,
1358 3572 1413 3618 et
1445 3565 1732 3621 amborum
1774 3567 1897 3638 Spi-

317 3649 463 3703 ritus
499 3657 604 3714 est,
652 3657 707 3703 et
740 3664 808 3704 ex
847 3649 1008 3705 Patre
1047 3653 1297 3724 procedit
1338 3669 1433 3723 per
1469 3654 1688 3711 Filium.
1741 3655 1898 3724 Quod

315 3737 451 3808 quid
479 3739 629 3793 aliud
649 3739 784 3804 vult,
822 3740 928 3795 nisi
971 3741 1117 3811 quod
1160 3754 1382 3814 propter
1436 3745 1776 3801 identitatem
1805 3764 1894 3804 es-

317 3830 510 3887 sentize
556 3829 681 3887 Filii
717 3839 774 3889 et
823 3832 1022 3900 Patris,
1054 3844 1110 3889 et
1145 3850 1241 3904 per
1264 3829 1464 3892 Filium
1497 3835 1736 3907 Spiritus
1770 3854 1895 3908 pro-

313 3925 490 3990 cedit,
511 3934 567 3980 et
595 3925 717 3996 ejus
737 3925 975 3994 Spiritus
995 3931 1097 3992 est,
1124 3928 1583 3997 quemadmodum
1606 3939 1661 3984 et
1683 3928 1897 3987 Patris?

319 4019 439 4072 Hoc
469 4025 648 4072 autem
680 4011 860 4072 Latini
891 4018 1056 4072 etiam
1089 4015 1705 4076 concedunt.Przeterea
1736 4021 1892 4078 iden-

318 4115 450 4166 titas
478 4112 727 4165 essentia:
756 4110 931 4166 Patris
981 4125 1105 4165 cum
1150 4109 1290 4165 Filio
1315 4122 1371 4166 et
1405 4110 1612 4182 Spiritu
1635 4153 1648 4175 .
1675 4129 1738 4170 ac
1771 4114 1895 4170 Filii

315 4220 444 4260 cum
472 4199 632 4261 Patre
661 4214 716 4261 et
738 4204 966 4276 Spiritu,
1001 4215 1114 4260 tum
1145 4209 1416 4279 praecipue
1458 4207 1741 4277 probatur,
1770 4228 1896 4269 cum

314 4300 385 4355 ad
415 4298 646 4355 invicem
677 4307 738 4355 ut
767 4298 1125 4370 principium,
1169 4309 1225 4354 et
1262 4301 1312 4355 id
1343 4302 1486 4371 quod
1517 4319 1545 4356 a
1599 4304 1892 4374 principio,

312 4410 377 4449 se
432 4392 688 4447 habeant.
736 4391 798 4446 In
849 4401 1115 4462 quantum
1151 4391 1296 4448 enim
1345 4396 1501 4460 tales,
1553 4405 1608 4450 et
1658 4397 1892 4453 maxime

315 4485 555 4540 invicem
595 4484 1088 4550 communicarent,
1126 4493 1182 4539 et
1239 4487 1474 4540 maxime
1531 4485 1595 4539 ad
1655 4487 1890 4544 invicem

312 4577 806 4648 distinguerentur.
837 4573 941 4642 Qui
1001 4575 1196 4631 modus
1261 4591 1385 4631 cum
1444 4578 1670 4649 intelligi
1729 4581 1891 4635 simul

311 4669 510 4740 possit.
548 4668 746 4724 merito
777 4667 832 4721 in
857 4665 1058 4722 divinis
1079 4666 1336 4722 omnibus
1368 4668 1488 4723 aliis
1511 4668 1886 4738 distinguendi

279 4761 401 4817 ,νει
448 4759 674 4816 uuiendi
733 4758 910 4815 modis
985 4761 1342 4830 praeponitur.
1415 4756 1891 4828 Quemadmodum

310 4854 464 4911 enim
499 4853 554 4908 in
577 4851 687 4908 illis
726 4851 890 4908 rebus
920 4849 1125 4908 divinis
1171 4862 1228 4906 et
1265 4869 1370 4908 una
1401 4867 1525 4908 cum
1563 4857 1773 4911 unitate
1805 4857 1893 4912 di-

313 4945 558 5010 stinetio,
597 4955 651 5000 et.
681 4959 805 5000 cum
831 4941 1184 4999 distinctione
1213 4959 1424 4999 summa
1451 4945 1632 5001 unitas
1658 4955 1742 5001 est
1771 4961 1786 4999 :
1815 4946 1891 5002 ita

314 5050 541 5094 necesse
570 5045 655 5092 est
693 5051 794 5091 nos
823 5036 988 5091 etiam
1039 5036 1200 5092 talem
1245 5036 1464 5093 unionis
1497 5039 1722 5095 modum
1774 5037 1888 5093 illic

315 5128 642 5200 intelligere,
663 5124 766 5199 qui
785 5143 893 5183 non
924 5129 1105 5184 minus
1135 5129 1298 5184 etiam
1317 5129 1728 5186 distinctionem
1755 5144 1889 5186 con-

316 5219 510 5287 tineat,
545 5227 602 5276 et
637 5221 802 5276 talem
862 5219 1291 5285 distinctiOnem,
1338 5235 1459 5290 qua:
1507 5222 1766 5276 unionem
1829 5220 1887 5276 in

315 5327 376 5368 se
405 5311 606 5368 habeat
625 5329 640 5367 ι
670 5311 804 5368 talis‘
829 5327 959 5368 vero
985 5313 1099 5368 sola
1149 5313 1425 5384 principii,
1468 5320 1524 5368 et
1572 5314 1691 5385 ejus
1741 5313 1888 5384 quod

316 5421 346 5457 a
381 5403 672 5474 principio,
708 5404 902 5460 relatio
942 5415 1044 5461 est.
1094 5404 1273 5472 Quare
1311 5409 1353 5461 si
1409 5421 1547 5476 quos
1597 5406 1890 5463 audiamus

316 5495 576 5550 doctores
603 5495 848 5553 dicentes
886 5505 1105 5569 propter
1142 5499 1763 5576 consubstantialitatcm
1808 5500 1891 5557 di-

1997 3309 2221 3373 propter
2247 3303 2520 3372 principii,
2551 3310 2604 3359 et
2635 3303 2755 3374 ejus
2783 3304 2926 3372 quod
2955 3319 2985 3358 a
3019 3307 3310 3377 principio,
3340 3310 3567 3369 relatio-

1997 3408 2121 3448 nem
2146 3407 2244 3449 eos
2283 3393 2485 3449 dixisse
2524 3402 2802 3463 putemus,
2843 3409 2944 3466 per
2981 3395 3176 3451 Filium
3227 3397 3336 3454 dici
3374 3415 3570 3470 proce-

1998 3485 2127 3541 dere
2157 3483 2422 3556 Spiritum
2448 3494 2717 3554 sanctum,
2754 3495 2812 3542 et
2843 3487 2914 3542 ob
2953 3487 3160 3543 nullam
3200 3476 3568 3548 aliamratio-

1998 3590 2145 3643 nem,
2179 3590 2303 3630 cum
2352 3576 2509 3629 istam
2547 3575 3172 3633 consubstantialitatem
3220 3579 3567 3649 potissimum

1998 3663 2275 3735 principii,
2309 3674 2366 3720 et
2396 3665 2516 3734 ejus
2556 3665 2702 3736 quod
2735 3683 2764 3721 a
2794 3667 3087 3739 principio,
3125 3669 3318 3725 relatio
3347 3673 3565 3741 probet.

1996 3753 2167 3825 Cujus
2198 3770 2304 3811 una
2330 3771 2456 3812 cum
2489 3756 2614 3813 aliis
2639 3773 2870 3829 magnus
2902 3775 3123 3837 quoque
3151 3760 3383 3818 Basilius
3415 3763 3572 3820 testis

1995 3855 2099 3913 est,
2151 3847 2205 3901 in
2266 3847 2500 3916 cpistola
2549 3849 2619 3904 ad
2666 3851 2962 3906 canonicas
3016 3851 3130 3906 haec
3177 3852 3570 3911 dicens:Cum
3637 3911 3642 3914 _

1997 3940 2142 3996 enim
2170 3937 2334 3996 Pater
2360 3939 2544 3995 lumen
2577 3941 2694 3996 sine
2731 3943 3001 4012 principio
3027 3953 3130 4012 est,
3166 3939 3338 4002 Filius
3354 3962 3572 4019 quoque

1997 4035 2206 4100 lumen,
2247 4033 2342 4090 sed
2396 4042 2607 4100 natum,
2647 4034 2832 4091 lumen
2869 4044 3046 4090 tamen
3078 4046 3333 4108 uterque,
3373 4039 3573 4096 merito

1999 4107 2526 4182 consubstantialem
2557 4141 2684 4180 eum
2717 4125 2922 4195 dicent,
2975 4137 3035 4183 ut
3063 4107 3275 4186 natura:
3311 4131 3568 4188 identita-

1998 4224 2108 4273 tem
2168 4215 2495 4288 signiﬁcent.
2559 4216 2679 4274 Non
2738 4217 2903 4284 enim,
2937 4234 3058 4291 qua:
3101 4237 3358 4292 germana
3418 4235 3565 4288 sunt,

1996 4309 2483 4365 consubstantialia
2519 4310 2817 4377 dicuntur,
2874 4321 2933 4367 ut
2962 4310 3187 4382 quidam
3225 4322 3437 4383 putant,
3475 4317 3570 4370 sed

1996 4415 2122 4456 cum
2149 4415 2333 4467 causa,
2369 4411 2425 4456 et
2461 4402 2608 4472 quod
2658 4419 2687 4457 a
2729 4417 2893 4458 causa
2928 4405 3342 4463 subsistentiam
3385 4407 3566 4475 habet,

1997 4487 2243 4562 ejusdem
2282 4499 2487 4547 natura:
2518 4493 2662 4560 sint,
2697 4502 2827 4550 tunc
2859 4497 3346 4554 consubstantialia'
3374 4499 3568 4556 dicun-

1999 4591 2107 4637 tur.
2151 4580 2364 4637 Rursus
2404 4580 2548 4637 idem
2583 4583 2635 4636 in
2667 4597 2920 4638 sermone
2970 4594 3158 4640 contra
3185 4585 3484 4642 Sabellium
3517 4599 3573 4642 ct

1998 4673 2252 4737 Arianos,
2290 4672 2358 4727 de
2397 4671 2556 4727 Patre
2605 4671 2797 4729 dicens
2818 4683 2876 4730 ct
2911 4675 3090 4732 Filio:
3131 4675 3250 4732 Non
3277 4679 3423 4734 enim
3453 4695 3570 4744 eos,

1997 4765 2194 4833 inquit,
2228 4778 2518 4829 germanos
2566 4764 2825 4833 dicimus,
2884 4765 2978 4821 sed
3013 4767 3227 4824 Patrem
3251 4769 3574 4839 proﬁtemur

1997 4853 2051 4909 e't
2077 4852 2276 4908 Filium
2304 4871 2318 4907 :
2351 4852 2612 4909 identitas
2641 4864 2823 4909 autem
2850 4854 3104 4911 essentia:
3132 4857 3185 4912 in
3212 4856 3292 4913 eis
3313 4864 3417 4926 est,
3446 4861 3572 4930 quia

2001 4942 2173 5000 Filius
2205 4960 2271 5000 ex
2300 4944 2478 5000 Patre.
2500 4943 2556 4999 Si
2588 4945 2756 5015 igitur
2787 4956 3010 5016 propter
3037 4949 3574 5006 consubstantialita-

1999 5046 2106 5092 tem
2133 5035 2315 5092 dictus
2347 5043 2433 5092 est
2476 5051 2571 5106 per
2605 5036 2801 5092 Filium
2846 5037 3106 5109 Spiritus,
3159 5056 3324 5098 causa
3357 5058 3487 5098 vero
3518 5053 3576 5099 et

1999 5139 2304 5197 causatum,
2339 5145 2465 5185 cum
2501 5129 2747 5200 ejusdem
2789 5143 3000 5187 natura:
3030 5131 3158 5202 sint,
3203 5136 3570 5192 consubstan-

2001 5221 2147 5278 tialia
2172 5233 2317 5288 sunt,
2340 5229 2401 5275 ut
2424 5221 2500 5278 ait
2530 5221 2760 5276 Basilius
2779 5266 2794 5289 ,
2832 5223 3119 5280 manifeste
3151 5235 3320 5296 patet,
3342 5237 3570 5298 p‘rOptcr

2001 5313 2316 5367 relationem
2348 5326 2527 5367 causa
2563 5321 2618 5367 et
2655 5314 2884 5381 causati,
2925 5314 3042 5371 sive
3071 5317 3325 5386 principii
3367 5328 3424 5375 et
3451 5321 3570 5390 ejus

1997 5402 2140 5472 quod
2173 5417 2202 5456 a
2240 5401 2511 5474 principio
2549 5414 2652 5471 est,
2690 5421 2788 5476 per
2829 5405 3026 5462 Filium
3059 5409 3356 5480 procedere
3394 5410 3570 5482 Spiri-

2003 5505 2114 5551 tu‘nt
2155 5495 2362 5580 dictum
2387 5495 2574 5552 l‘uiss’c.

1925 5718 1996 5728 -
