3990 6212
399 354 502 426 ml

1357 363 1862 429 BESSARIONIS
1903 371 1966 430 S.
2010 371 2082 433 R.
2127 371 2193 435 E.
2241 370 2707 433 CARDINALIS

3549 368 3652 433 592

1857 486 2107 543 ΚΕΦᾹΔ.
2147 490 2221 543 Z’.

400 585 757 668 Augtoritates
786 592 1057 668 doctorum
1101 594 1154 647 in
1196 594 1401 668 quibus
1443 595 1674 666 Spiritus
1709 608 1923 653 sanctus
1957 616 2021 653 ex
2058 598 2217 664 Filio,
2252 612 2301 657 et
2340 618 2405 656 ea:
2438 604 2687 657 ambobus
2722 600 2920 655 dicitur
2948 615 3078 665 esse,
3131 598 3381 668 prodire,
3434 608 3482 652 et
3535 617 3655 667 pro-

468 666 655 734 ﬂuere:
683 663 924 747 quodque
958 667 1272 747 ngggratia
1309 663 1541 736 Spiritus
1579 684 1683 721 non
1722 669 2026 737 subsistens,
2048 672 2147 747 sed
2192 674 2307 742 ipsa
2350 689 2576 742 persona
2614 671 2848 742 Spiritus
2873 663 3071 724 dicitur»
3106 663 3336 739 prodire,
3368 663 3649 740 proﬂuere,

469 729 738 799 erudirere,
770 729 903 797 ete.,
933 751 966 786 a
988 729 1158 793 Filio.

468 851 617 907 Ἀλλ’
651 852 795 915 οὕτω
828 853 928 921 μὲν
950 854 1043 907 καὶ
1076 854 1174 907 ἀπ’
1212 855 1390 925 αὐτῆς
1444 856 1542 926 τῆς
1592 859 1692 913 διὰ
1729 859 1894 929 μόνης
1923 860 1974 913 oi
2004 863 2046 919 Α
2079 863 2284 915 νοεῖται
2304 861 2399 915 τοῦ
2426 860 2564 915 Θεοῦ
2590 862 2682 915 καὶ
2711 859 2943 931 Πατρδζ,
2974 861 3156 912 πᾶσαν
3180 857 3520 928 ἀμφιϐολίαν
3543 860 3657 922 τοῖς

400 941 738 1001 ’Ᾱνατολικοὶ
771 944 1094 1015 ἐδείχθησαν
1125 947 1272 1016 ἅγιοι
1311 949 1404 1002 τδν
1444 944 1573 1003 Υίδν
1632 951 1818 1005 αἰτίαν
1846 970 1979 1024 φρο-

401 1036 622 1101 νοῦντες
646 1035 740 1091 τοῦ
772 1036 1090 1109 Πνεῦματος
1115 1054 1131 1071 ο
1159 1035 1401 1093 δεικτέον
1434 1035 1492 1093 δὲ
1517 1042 1667 1110 ὅμως
1692 1038 1791 1095 καί
1823 1056 1977 1107 τινας

404 1131 586 1185 αὐτῶν
618 1130 772 1184 οὐδὲν
801 1124 965 1203 ἦττον
990 1127 1085 1184 καὶ
1110 1133 1176 1202 τῇ
1218 1131 1288 1186 ἐκ
1343 1133 1729 1204 χρησαμένους
1758 1132 1853 1188 Eni.
1880 1135 1975 1188 τοῦ

400 1224 535 1280 Υίοῦ
566 1222 625 1278 ἐν
649 1222 717 1293 τῇ
766 1223 999 1295 ὑπάρξει
1051 1221 1393 1294 Πνεῦματος.
1425 1220 1702 1291 Ἔκείνους
1736 1226 1837 1295 μὲν
1859 1224 1975 1293 06v,

400 1314 476 1372 ὢν
501 1320 615 1381 τοῖς
648 1315 831 1386 λόγοις
862 1318 959 1371 καί
987 1334 1073 1380 τις
1092 1318 1396 1389 ἀμφιόολία
1433 1315 1852 1383 καταλείπεται,
1872 1321 1978 1375 Βα-

402 1410 603 1465 σίλειόν
632 1411 693 1463 τέ
724 1425 888 1481 φημι,
922 1411 1019 1466 καὶ
1044 1407 1135 1465 τόν
1156 1409 1383 1483 Νύσσης
1429 1412 1733 1484 Γρηγόριον
1757 1453 1772 1478 ,
1817 1414 1978 1469 Ἀθα-

401 1499 588 1554 νάσιόν
624 1512 687 1553 τε
716 1500 811 1553 καὶ
843 1500 1061 1567 ἄλλους,
1096 1502 1504 1573 παραλειπτέον
1527 1502 1693 1557 τανῦν
1716 1520 1729 1537 ·
1765 1506 1843 1558 οὐ“
1871 1506 1979 1574 μὴν

399 1591 510 1645 οὐδ’
544 1592 771 1645 ἐκείνων
802 1593 915 1655 τοῖς
946 1592 1129 1661 λόγοις
1161 1593 1450 1663 χρηστέον,
1486 1595 1536 1648 οἳ
1571 1595 1844 1666 πολλαχοῦ
1868 1597 1978 1649 δει-

336 1732 355 1753 ί
399 1682 656 1737 χνύουσιν
690 1681 1127 1754 ίσοδυναμοῦσαν
1181 1686 1248 1755 τῇ
1300 1685 1392 1747 ἐκ,
1423 1686 1523 1756 τὴν
1573 1685 1671 1740 διὰ
1695 1704 1710 1718 ο
1750 1680 1899 1741 οῦτοι
1934 1687 1980 1740 δ’

399 1778 537 1830 εἰσὶν
563 1779 614 1831 0i
634 1778 877 1844 πλείους,
907 1777 941 1849 ἢ
972 1778 1205 1843 πάντες·
1249 1780 1665 1850 προχειριστέον
1693 1780 1748 1834 δὲ
1784 1781 1980 1851 μόνους

400 1869 675 1939 Κύρι),λόν
706 1887 766 1923 τε
790 1873 883 1923 καὶ
912 1868 1256 1940 Ἐπιφάνιον,
1294 1871 1629 1942 σαφέστερόν
1662 1890 1721 1925 τε
1753 1874 1860 1926 τῶν
1887 1871 1981 1927 ἄλο

402 1959 514 2015 λων
542 1961 638 2014 καὶ
673 1960 879 2031 μᾶλλον
916 1961 1008 2015 διὰ
1036 1962 1259 2017 πάντων
1279 1958 1391 2016 τῶν
1416 1961 1766 2035 πονηθέντων
1796 1965 1980 2031 αὐτοῖς

399 2050 577 2123 λόγων
630 2054 769 2126 αὐτῇ
817 2053 881 2125 τῇ
939 2052 1010 2109 ἐκ
1064 2056 1486 2126 χρησαμένους’
1542 2048 1617 2111 ὧν
1650 2057 1711 2112 τὸ
1759 2059 1980 2128 ἀξίωμα

399 2141 527 2199 ὅσον
573 2147 633 2200 ἐν
660 2142 968 2219 Ἐκκλησία
1004 2147 1166 2214 Θεοῦ,
1201 2151 1295 2203 καὶ
1347 2151 1396 2203 οἱ
1431 2150 1573 2221 ὑπὲρ
1617 2152 1791 2222 αὐτῆς
1842 2153 1982 2206 κατὰ

396 2237 509 2291 τῶν
533 2238 787 2294 ἀπίστων
811 2241 1026 2309 ἀγῶνες
1049 2241 1147 2295 καὶ
1161 2240 1269 2295 τῶν
1289 2243 1580 2312 αίρέσεων,
1603 2242 1793 2298 οἰδένα
1818 2243 1978 2314 λελή-

398 2326 581 2385 θασιν.
630 2331 773 2403 Ἐρῶ
797 2332 853 2385 δὲ
876 2332 938 2385 οὐ
969 2333 1150 2387 πάντα
1180 2333 1388 2399 αὐτῶν,
1413 2334 1536 2387 οὐδὲ
1566 2335 1675 2405 γὰρ
1699 2333 1768 2388 ἂν
1796 2333 1979 2389 δυναί-

399 2438 512 2492 μην
551 2422 1056 2496 ὲξαριθμήσασθαι.
1084 2425 1201 2478 ἀλλ’
1228 2425 1385 2494 ὀλίγα
1419 2444 1481 2480 τε
1512 2428 1607 2482 καὶ
1650 2428 1872 2499 μέτρια,
1918 2429 1979 2480 τὸ

400 2511 578 2585 μῆκος
620 2513 930 2587 ἐκφεύγων.
969 2514 1029 2571 Ὀ
1065 2516 1164 2588 μὲν
1190 2511 1284 2573 οὖν
1326 2520 1601 2590 μακάριος
1623 2519 1893 2591 Κύριλλος
1920 2521 1977 2572 ὲν

396 2610 465 2675 τῇ
498 2606 578 2672 είς
608 2608 700 2662 τὸν
746 2611 1043 2681 προφήτην
1082 2608 1239 2682 ’ῐωὴλ
1268 2608 1563 2683 ἑρμηνείᾳ,
1617 2614 1709 2680 τῇ,
1754 2608 1977 2681 Ἑκχεῶ

399 2695 519 2755 ἀπὸ
560 2699 668 2755 τοῦ
698 2700 1049 2769 Πνεύματός
1070 2719 1214 2772 μου,
1238 2700 1382 2756 οὕτω
1411 2704 1573 2772 φησιν
1592 2719 1607 2735 ο
1640 2694 1718 2774 τῌ
1749 2703 1849 2774 μὲν
1869 2701 1978 2772 γάρ

318 2848 325 2852 ,
399 2787 518 2844 ἔστι
549 2792 686 2856 Θεὸς
715 2791 780 2847 ἐκ
829 2791 966 2847 Θεοῦ
1001 2794 1144 2847 κατὰ
1177 2793 1344 2863 φύσιν
1390 2794 1418 2847 0
1458 2789 1609 2858 Υἱὸς,
1655 2793 1979 2862 γεγέννηται

400 2881 509 2952 γὰρ
546 2883 611 2936 ἐκ
645 2881 741 2938 τοῦ
776 2880 913 2938 Θεοῦ
949 2886 1044 2939 καὶ
1073 2880 1310 2954 Πατρδς,
1341 2883 1476 2941 ίδιον
1508 2879 1676 2939 αὐτοῦ
1705 2902 1764 2938 τε
1795 2886 1890 2939 καὶ
1922 2886 1980 2939 ἐν

400 2974 554 3047 αὖτῷ
588 2977 684 3031 καὶ
705 2972 768 3042 ἐξ
792 2975 957 3032 αὐτοῦ
982 2978 1043 3032 τὸ
1074 2978 1305 3048 Πνεῦμα
1324 2978 1466 3043 ἐστι,
1496 2977 1750 3049 καθάπερ
1783 2977 1978 3047 ἀμέλει

399 3064 498 3123 καὶ
523 3066 614 3124 ἔπ’
639 3069 803 3125 αὐτοῦ
827 3074 1030 3126 νοεῖται
1059 3066 1154 3125 τοῦ
1190 3068 1328 3126 Θεοῦ
1376 3069 1619 3141 Πατρόςο
1653 3072 1747 3125 καὶ
1783 3069 1841 3134 ἐξ
1877 3069 1979 3123 αὐ-

401 3162 499 3217 τοῦ
524 3164 663 3231 ἐστι,
695 3163 855 3235 φησὶ,
892 3164 991 3219 καὶ
1044 3164 1219 3231 οὕτως
1271 3164 1331 3232 ἐξ
1369 3163 1536 3219 αὑτοῦ
1591 3162 1666 3227 ὥς
1700 3162 1787 3216 ἐπ’
1812 3161 1977 3216 αὑτοῦ

2078 954 2581 1026 προφασιζομένοις
2620 953 2945 1023 περιαιρῶν.
2992 952 3105 1004 Kal.
3153 951 3318 1004 πάλιν
3346 953 3376 1004 0
3406 950 3571 1013 αὐτὸς
3602 952 3658 1002 ὲν

2076 1044 2156 1113 τῷ
2196 1046 2330 1117 πρὸς
2362 1047 2454 1099 τὸν
2484 1026 2714 1116 βασιλέα
2771 1044 3053 1096 Θεοδόσιον
3088 1042 3253 1111 λόγῳ,
3288 1042 3657 1106 Βαπτίζοντα,

2079 1137 2206 1205 ἔφη,
2238 1137 2329 1190 τὸν
2355 1134 2572 1208 Ἰησοῦν
2590 1136 2650 1189 ὲν
2684 1136 2818 1205 πυρὶ
2852 1134 2946 1187 καὶ
2978 1133 3121 1203 ἁγίῳ
3170 1133 3472 1201 Πνεῦματι,
3504 1133 3566 1186 οὐ
3598 1133 3660 1186 τὸ

2078 1228 2360 1299 ἀλλότριον
2391 1232 2504 1292 τοῖς
2548 1227 2967 1297 βαπτιζομένοις
3015 1228 3228 1281 ἐνιέντα
3272 1224 3500 1293 Πνεῦμα
3534 1224 3659 1278 0on-
3702 1238 3707 1241 '

2079 1319 2373 1391 λοπρεπῶς
2400 1321 2497 1374 καὶ
2528 1319 2899 1390 ὐπηρετικῶς,
2932 1318 3047 1373 ἀλλ’
3069 1319 3146 1382 ὡς
3173 1317 3306 1371 Θεὸν
3330 1318 3473 1371 κατὰ
3492 1316 3659 1383 φύσιν

2085 1410 2203 1480 μετ’
2243 1410 2494 1478 ἐξουσίας
2520 1410 2620 1481 τῆς
2642 1410 2928 1474 ἀνωτάτω,
2976 1411 3036 1463 τὸ
3080 1410 3141 1475 ἐξ
3190 1409 3356 1462 αὐτοῦ
3388 1412 3485 1463 καὶ
3525 1409 3658 1463 [διον

2079 1499 2247 1553 αὐτοῦ
2268 1517 2282 1531 ’
2319 1501 2417 1553 καὶ
2442 1500 2607 1555 πάλιν
2645 1502 2702 1554 ἐν
2736 1501 2883 1571 ἄλλῳ
2906 1517 2919 1531 ο
2954 1500 3396 1571 Νομοθετοῦντος
3433 1484 3657 1570 τοιγαρ-

2080 1586 2175 1643 οῦν
2203 1590 2301 1644 τοῦ
2326 1585 2587 1662 Χριστοῦ,
2623 1593 2698 1657 ὡς
2723 1593 2780 1645 ὲν
2803 1592 2953 1664 αὐτῷ
2984 1594 3074 1647 καὶ
3107 1592 3166 1659 ἐξ
3209 1594 3377 1649 αὑτοῦ
3405 1594 3659 1661 φυσικῶς

2082 1680 2329 1753 ὑπάρχον
2346 1683 2407 1736 τὸ
2436 1683 2661 1754 Πνεῦμα
2689 1684 2877 1745 αὐτοῦ,
2898 1684 3203 1755 νομοθετεῖ.
3232 1685 3341 1740 Καὶ
3374 1688 3432 1739 ὲν
3461 1686 3655 1755 ἑτέρῳ,

2083 1773 2358 1845 Οὑδεμίαν
2405 1775 2536 1846 ἄρα,
2569 1777 2757 1846 φησὶν,
2812 1774 2955 1831 οἶδεν
2984 1778 3012 1830 0
3048 1777 3263 1841 Παῦλος
3298 1777 3516 1846 φύσεως
3549 1779 3662 1830 δια-

2084 1867 2257 1935 φορὰν
2315 1867 2446 1920 Υίοῦ
2496 1885 2554 1920 τε
2607 1869 2702 1922 καὶ
2741 1870 2898 1937 ἁγίου
2956 1871 3298 1940 Πνεῦματος,
3348 1869 3567 1933 ἀλλ’ὡς
3601 1870 3659 1929 ἐξ

2083 1956 2250 2011 αὑτοῦ
2279 1958 2371 2011 καὶ
2398 1962 2455 2012 ὲν
2487 1961 2634 2029 αὐτῷ
2661 1962 2907 2030 φυσικῶς
2932 1962 3202 2032 ὑπάρχον,
3231 1962 3307 2030 τῷ
3332 1962 3433 2030 τῆς
3468 1963 3661 2030 κυριόο

2081 2068 2245 2120 τητος
2284 2052 2511 2120 ὀνόματι
2545 2054 2720 2106 καλεῖ.
2775 2054 2885 2108 Καὶ
2932 2056 3054 2125 ὅρα,
3096 2055 3181 2108 ὅτι
3207 2054 3298 2108 διὰ
3326 2052 3489 2105 τοῦτό
3523 2069 3661 2120 φησι

2082 2146 2176 2198 τὸν
2208 2140 2416 2199 Παῦλον
2466 2144 2671 2216 Κύριον
2715 2146 2776 2198 τὺ
2809 2146 3036 2215 Πνεῦμα
3074 2146 3328 2211 καλέσαι,
3372 2144 3514 2215 ὅπερ
3544 2144 3657 2197 ἐστὶ

2083 2235 2181 2290 τοῦ
2219 2236 2255 2288 Υ
2262 2235 2343 2289 ίοῦ
2372 2236 2567 2308 ὄνομα,
2601 2238 2689 2292 διὰ
2722 2238 2783 2292 τὸ
2817 2238 2878 2304 ἐξ
2902 2237 3068 2292 αὑτοῦ
3100 2231 3241 2290 εἶναι
3264 2253 3277 2266 ³
3310 2237 3379 2290 τὰ
3414 2236 3526 2305 γὰρ
3553 2237 3660 2288 τῶν

2088 2327 2279 2381 αἰτίων
2309 2328 2551 2397 όνόματα
2599 2334 2712 2392 τοῖς
2737 2330 3004 2393 αίτιατοίς
3030 2328 3308 2399 εἰώθαμεν
3332 2327 3657 2383 ἐπιτιθέναι.
3706 2330 3709 2333 ’

2089 2420 2198 2473 Καὶ
2231 2421 2289 2475 ἐν
2341 2423 2422 2491 τῇί
2462 2423 2544 2486 είς
2572 2422 2666 2476 τὸν
2704 2423 2928 2477 ἔννατον
2979 2422 3429 2491 ἀναθεματισμὸν
3462 2420 3659 2490 ἐξηγή-

2088 2529 2194 2577 σει,
2227 2511 2549 2583 Ἄνθρωπος
2599 2516 2861 2583 γεγονὼς,
2907 2515 3097 2586 φησιν,
3149 2515 3178 2567 0
3232 2514 3535 2583 μονογενὴς
3562 2511 3658 2565 τοῦ

2085 2602 2222 2658 Θεοῦ
2255 2606 2425 2674 Λόγος
2461 2608 2858 2678 ἀπομεμένηκε
2918 2610 3013 2661 καὶ
3056 2606 3201 2660 οὕτω
3255 2605 3427 2671 Θεὸς,
3478 2604 3658 2659 πάντα

2082 2694 2221 2768 ἔχων
2249 2699 2349 2752 ὅσα
2382 2700 2478 2753 καὶ
2501 2701 2529 2753 0
2554 2700 2764 2770 Πατὴρ,
2798 2700 2922 2772 δίχα
2952 2701 3114 2770 μόνου
3147 2699 3243 2752 τοῦ
3275 2694 3416 2751 εἶναι
3441 2699 3656 2768 Πατὴρ.

2082 2789 2178 2843 καὶ
2204 2789 2335 2843 ἴδιον
2369 2791 2428 2843 τὸ
2454 2789 2513 2855 ὲξ
2547 2788 2713 2846 αὑτοῦ
2744 2791 2841 2845 καὶ
2873 2792 2930 2845 δν
2968 2790 3114 2861 αὐτῷ
3150 2788 3467 2858 ἐμπεφυκὸς
3499 2787 3657 2858 ἅγιον

2084 2879 2331 2951 Πνεῦμα.
3568 2868 3573 2873 1

2162 2976 2222 3030 ΕΞ
2251 2978 2307 3041 δὲ
2345 2994 2431 3040 τις
2483 2976 2640 3040 αὖθις
2693 2977 2993 3045 ἁντεπάγοι
3038 2977 3105 3030 τὰ
3154 2975 3245 3029 τοῦ
3298 2975 3653 3045 Θεώωρὴτου

2085 3072 2167 3135 είς
2194 3070 2384 3124 τοῦτον
2414 3072 2505 3124 τὸν
2533 3069 2987 3141 ἁναθεματισμδν
3037 3070 3326 3139 είρημένα,
3359 3069 3489 3136 περ)⁸
3532 3067 3655 3119 τοὺ·

2084 3178 2178 3216 του
2244 3162 2340 3216 καὶ
2391 3162 2658 3231 πρότερον
2720 3159 2973 3231 εἴπομεν,
3036 3161 3129 3213 καὶ
3194 3157 3504 3221 νῦνταῦοις
3562 3158 3659 3227 τὴν

1858 3301 2087 3361 CAPUT
2132 3298 2244 3358 VII.

473 3424 581 3484 Sed
605 3420 714 3497 jam
758 3440 854 3498 per
895 3421 1013 3497 ipsa
1046 3419 1162 3481 sola
1195 3415 1638 3479 manifestissime
1684 3415 1977 3493 probatum

401 3529 509 3587 est,
538 3516 847 3576 Orientales
878 3517 1135 3573 doctores
1157 3514 1359 3570 Filium
1387 3513 1719 3584 principium
1740 3510 1980 3582 Spiritus

2086 3416 2198 3473 Deo
2226 3422 2291 3471 et‘
2322 3415 2480 3472 Patre
2517 3412 2862 3485 intelligitur,
2890 3428 3053 3470 omne
3083 3414 3310 3471 dubium
3356 3422 3658 3485 quaerenti-

2086 3506 2190 3561 bus
2221 3521 2440 3561 causam
2477 3506 2693 3561 tollens.
2745 3506 2889 3563 Idem
2936 3522 3132 3562 rursus
3182 3503 3236 3562 in
3289 3523 3547 3566 sermone
3592 3513 3657 3567 ad

376 3624 527 3673 ,esse
563 3612 737 3681 palam
768 3610 1034 3680 protiteri.
1069 3606 1417 3662 Probandum
1447 3613 1631 3661 autem
1686 3603 1982 3659 nonnullos
2004 3638 2052 3702 Β
2086 3596 2455 3653 Theodosium
2518 3599 2907 3702 imperatorem
2943 3615 2957 3652 :
3006 3596 3404 3669 Baptizantem,
3457 3602 3660 3673 inquit.

403 3716 594 3759 eorum
636 3700 1022 3772 praepesitione
1071 3711 1293 3767 quoque
1342 3711 1407 3749 ea:
1452 3710 1561 3750 non
1619 3694 1800 3751 minus
1852 3708 1981 3749 usos

404 3796 576 3851 fuisse
601 3793 670 3848 de
698 3788 837 3848 Filio
874 3788 927 3846 in
959 3788 1310 3847 subsistentia
1332 3788 1591 3859 Spiritus.
1616 3784 1744 3843 lllos
1772 3787 1980 3856 itaque,

406 3898 642 3958 quorum
678 3880 995 3941 testimonia
1018 3870 1349 3939 calamniam
1380 3881 1685 3952 patiuntur,
1722 3888 1979 3949 tanquam

406 3994 518 4036 non
552 3992 765 4046 eorum,
804 3978 894 4032 vel
946 3992 1056 4033 non
1114 3975 1189 4029 ita
1229 3989 1328 4045 per
1367 3990 1463 4031 eos
1500 3970 1644 4030 edita
1673 4015 1687 4040 ,
1728 3981 1982 4029 sanetum

313 4118 333 4123 _
404 4071 665 4127 videlicet
692 4069 1074 4134 Athanasium,
1114 4066 1397 4134 Basilium,
1427 4065 1752 4136 Gregorium
1785 4058 1985 4133 Nysse-

410 4180 569 4231 num,
616 4164 949 4220 omittendos
979 4162 1130 4227 duxi,
1158 4176 1261 4216 nec
1298 4160 1516 4214 illorum
1557 4154 1983 4211 auctoritatibus

408 4254 693 4320 utendum,
718 4254 810 4326 qui
851 4253 1127 4324 plerisque
1153 4251 1209 4305 in
1237 4250 1373 4305 locis
1395 4248 1566 4318 ipsam
1603 4263 1716 4317 per,
1751 4246 1985 4317 probant

405 4342 736 4417 aequivalere
787 4344 889 4415 lpsi
937 4351 1022 4408 ex,
1061 4343 1117 4397 in
1176 4336 1493 4409 theologia:
1546 4337 1601 4392 hi
1646 4351 1776 4392 vero
1826 4335 1982 4406 quasi

404 4459 598 4501 onmes
641 4448 735 4499 aut
763 4437 937 4511 major
986 4448 1113 4509 pars
1167 4441 1479 4493 sanctorum
1544 4433 1829 4488 doctorum
1876 4440 1980 4486 est.

403 4536 666 4608 Cyrillum
692 4542 874 4588 autem
898 4530 1161 4584 duntaxat
1188 4536 1245 4583 et
1272 4521 1640 4597 Epiphaninm
1675 4522 1983 4592 producen-

404 4629 542 4683 dum
571 4621 724 4688 duxi,
755 4620 850 4699 qui
887 4619 1101 4675 caeteris
1144 4615 1392 4687 apertius
1439 4625 1496 4669 et
1548 4610 1720 4683 magis
1777 4610 1983 4682 ubique

405 4719 644 4792 Operum
683 4726 907 4772 suorum
942 4706 1326 4783 praepositione
1356 4724 1421 4763 ex
1456 4707 1537 4762 usi
1564 4714 1723 4761 sunt:
1748 4718 1982 4776 quorum

409 4820 613 4885 quanta
661 4805 953 4882 qualisque
1003 4804 1305 4861 auctoritas
1356 4801 1410 4856 in
1454 4798 1697 4856 Ecclesia
1748 4797 1841 4853 Dei
1889 4798 1984 4863 sit,

410 4905 824 4974 certaminaque
871 4914 1061 4957 eorum
1107 4904 1299 4953 contra
1339 4890 1587 4949 inﬁdeles
1624 4902 1680 4964 et
1726 4890 1983 4955 Itaareses.

413 5015 574 5058 nemo
606 5008 694 5055 est
723 5011 885 5067 quem
918 4990 1109 5048 lateat.
1150 4986 1453 5047 Produeam
1488 4999 1623 5040 vero
1655 5000 1765 5039 non
1798 4986 1983 5040 omnia
2013 4986 2065 5046 D
2090 4977 2231 5048 quit,
2273 4976 2495 5046 unigeni

411 5108 603 5153 eorum
634 5083 948 5146 testimonia
983 5086 1107 5155 (nec
1138 5077 1284 5139 enim
1320 5078 1477 5135 facile
1510 5077 1638 5149 est),
1672 5078 1766 5134 sed
1799 5074 1980 5147 aliqua

410 5202 584 5260 pauca
615 5226 630 5251 ,
689 5173 904 5252 fugiens
973 5172 1266 5232 verborum
1333 5171 1725 5260 prolixitatem.
1783 5166 1982 5225 Beatus

407 5258 593 5351 itaque
649 5274 885 5345 Cyrillns
913 5310 929 5336 ,
976 5266 1031 5325 in
1078 5263 1421 5337 eXpositione
1475 5258 1759 5335 prophetae
1810 5260 1982 5317 Joelis

406 5387 575 5442 supra
604 5369 751 5425 illam
777 5362 1164 5420 auctoritatem
1196 5375 1211 5412 :
1235 5352 1519 5429 Effundam
1549 5372 1583 5408 α
1606 5351 1809 5424 Spiritu
1843 5368 1980 5418 meo,

407 5465 489 5520 sic
515 5464 592 5517 ait
625 5478 639 5515 :
667 5459 726 5515 ln
762 5463 1027 5527 quantum
1080 5448 1227 5507 enim
1258 5450 1406 5505 Deus
1430 5463 1499 5504 ex
1531 5447 1641 5502 Deo
1671 5443 1979 5501 secundum

406 5566 663 5609 naturam
697 5549 865 5607 Filius
890 5552 992 5610 est,
1021 5558 1144 5600 eum
1173 5551 1334 5597 natus
1373 5541 1444 5597 sit
1467 5555 1537 5596 ex
1565 5537 1677 5594 Deo
1706 5544 1761 5593 et
1797 5534 1978 5621 Patre,

407 5649 664 5719 proprius
696 5644 817 5714 ejus
844 5651 899 5696 et
930 5641 982 5694 in
1012 5654 1078 5695 eo
1107 5646 1162 5693 et
1193 5650 1347 5692 exeo
1375 5634 1613 5703 Spiritus
1643 5639 1750 5698 est,
1781 5624 1980 5700 quem;

408 5738 701 5795 udmodum
727 5744 782 5785 et
807 5733 872 5785 de
899 5734 1015 5800 ipso
1047 5730 1158 5785 Deo
1184 5729 1417 5782 etPatre
1452 5724 1806 5793 intelligitur;
1834 5732 1889 5777 et
1915 5739 1981 5777 ex

408 5845 477 5892 eo
511 5835 614 5893 est,
644 5822 843 5891 inquit,
864 5832 920 5877 et
946 5822 1020 5877 ita
1046 5835 1113 5876 ex
1139 5834 1227 5887 eo,
1271 5814 1732 5889 quemadmodum
1766 5813 1831 5870 de
1866 5814 1982 5884 ipso

2081 3690 2271 3746 Jesum
2325 3691 2379 3745 in
2412 3690 2535 3760 igne
2561 3699 2619 3745 et
2651 3688 2857 3760 Spiritu
2897 3701 3109 3758 sancto,
3158 3706 3268 3747 non
3295 3693 3537 3748 alienum
3571 3697 3661 3751 ba-

2082 3781 2355 3853 ptizandis
2402 3781 2660 3837 effudisse
2704 3781 2971 3851 Spiritum
3026 3784 3298 3840 serviliter
3350 3794 3408 3839 et
3453 3787 3660 3843 instru-

2083 3871 2420 3939 mentaliter,
2452 3871 2546 3929 sed
2579 3882 2835 3945 tanquam
2870 3870 3039 3949 Deum
3070 3876 3373 3933 secundum
3404 3888 3657 3935 naturam

2082 3983 2207 4023 cum
2256 3968 2584 4024 auctoritate
2632 3983 2884 4033 summa,
2921 3950 3014 4038 (ιῖιί
3060 3983 3127 4023 ex
3179 3984 3246 4025 eo
3297 3982 3355 4025 ct
3402 3974 3659 4043 proprius

2081 4062 2203 4132 eius
2232 4071 2335 4117 est.
2354 4059 2421 4117 Et
2444 4061 2644 4117 iterum
2681 4061 2735 4115 in
2768 4056 3049 4115 Thesauris
3076 4076 3096 4116 :
3118 4060 3318 4132 Legem
3348 4064 3515 4135 igitur
3534 4082 3657 4121 eum

2081 4152 2225 4209 ferat
2248 4148 2523 4218 Christus,
2557 4152 2631 4207 ita
2683 4149 2873 4208 condit
2923 4167 3067 4217 eam,
3105 4162 3363 4224 tanquam
3415 4157 3468 4210 in
3498 4173 3567 4211 eo
3604 4170 3657 4213 et

2081 4261 2149 4301 ex
2188 4260 2255 4301 eo
2279 4245 2350 4301 sit
2381 4243 2619 4315 Spiritus
2663 4244 2805 4315 ejus.
2835 4240 2904 4299 Et
2954 4260 3184 4301 rursus:
3232 4243 3446 4301 Nullam
3490 4250 3658 4319 igitur

2084 4346 2295 4393 natura:
2320 4333 2689 4392 diﬁerentiam
2719 4332 2840 4390 Filii
2886 4344 2943 4390 et
2980 4332 3219 4405 Spiritus
3258 4340 3430 4393 sancti
3459 4339 3658 4395 Paulus

2082 4426 2256 4494 novit,
2290 4427 2387 4483 sed
2424 4434 2683 4497 tanquam
2723 4438 2791 4479 ex
2819 4438 2885 4479 eo
2910 4431 2967 4480 et
2999 4424 3055 4480 in
3098 4439 3167 4479 eo
3198 4424 3525 4482 naturaliter
3563 4429 3652 4495 sit,

2085 4519 2370 4575 Dominieo
2394 4517 2618 4574 nomine
2645 4533 2772 4573 eum
2807 4529 2984 4575 vorat.
3007 4518 3070 4575 Et
3097 4520 3488 4590 animadverte,
3513 4524 3657 4594 quod

2085 4610 2211 4666 ideo
2241 4611 2375 4665 dicit
2420 4609 2648 4665 Paulum
2679 4610 2985 4681 appellasse
3022 4611 3289 4682 Spiritum
3336 4612 3652 4680 Dominum,

2084 4699 2230 4770 quod
2262 4695 2384 4756 Filii
2426 4714 2624 4755 nomen
2653 4710 2759 4763 est,
2794 4701 2923 4770 quia
2948 4714 3015 4756 ex
3047 4696 3187 4755 Filio
3212 4709 3333 4769 est;
3364 4717 3653 4758 causarum

2084 4792 2230 4849 enim
2267 4793 2487 4848 nomina
2540 4793 2780 4847 eausatis
2813 4793 3054 4848 solemus
3090 4791 3397 4863 imponere.
3436 4791 3572 4850 ltem
3603 4793 3655 4849 in

2085 4884 2426 4955 expositione
2449 4884 2576 4938 noni
2611 4882 3053 4939 anathematismi
3078 4902 3094 4939 :
3128 4881 3303 4939 Homo
3330 4883 3511 4940 factus
3535 4927 3552 4952 ,
3577 4886 3665 4955 in-_

2502 4984 2588 5031 tus
2621 4974 2713 5029 Dei
2750 4970 2940 5043 Filius,
2981 4990 3091 5032 non
3132 4974 3316 5031 minus
3355 4978 3661 5049 permansit

2092 5069 2260 5128 Deus.
2288 5069 2470 5123 omnia
2516 5066 2725 5121 habens
2754 5080 3092 5137 quaecunque
3118 5078 3173 5122 et
3222 5065 3403 5130 Pater,
3440 5081 3663 5139 praeter-

2070 5175 2252 5232 »quam
2294 5161 2438 5230 quod
2474 5168 2581 5215 non
2603 5160 2676 5216 sit
2700 5157 2883 5227 Pater,
2910 5169 2965 5214 ct
2997 5159 3275 5230 proprium
3305 5160 3536 5229 habens,
3566 5161 3659 5232 qui

2090 5269 2156 5310 ex
2185 5267 2252 5308 eo
2277 5259 2333 5308 ct
2361 5253 2413 5307 in
2443 5267 2511 5307 eo
2540 5251 2733 5307 insitus
2768 5259 2854 5306 est
2892 5249 3132 5321 Spiritus
3162 5262 3403 5311 sanctus.

2161 5347 2316 5414 Quod
2356 5345 2401 5401 sl
2433 5343 2558 5416 quis
2605 5358 2797 5399 rursus
2837 5351 3077 5413 opponat
3113 5354 3233 5412 qua:
3264 5360 3291 5398 a
3318 5342 3658 5402 Tlteodnrito

2092 5441 2144 5495 in
2175 5441 2321 5493 hunc
2342 5436 2856 5491 anathematismum
2885 5436 3030 5489 dicta
3053 5445 3198 5503 sunt,
3226 5438 3404 5503 primo
3436 5439 3656 5508 quidem

2085 5532 2266 5592 sciat,
2321 5540 2661 5597 quaecunque
2715 5525 3087 5581 Theodoritus
3148 5542 3334 5582 contra
3393 5531 3653 5601 Cyrillum

2090 5621 2332 5691 scripsit,
2370 5621 2555 5675 omnia
2588 5617 2876 5687 reprobata
2910 5627 2965 5672 et
2998 5619 3330 5675 anathemati
3363 5623 3562 5677 tradita
3587 5622 3653 5676 ab

2092 5716 2350 5771 omnibus
2403 5712 2762 5782 sequentibus
2813 5711 3020 5767 sanctis
3051 5713 3301 5767 conciliis
3347 5715 3536 5779 fuisse,
3581 5715 3651 5768 ita

2096 5818 2153 5864 ut
2194 5822 2300 5864 non
2339 5806 2529 5862 deccat
2557 5820 2618 5860 ex
2649 5804 2950 5861 maledictis
2991 5813 3045 5862 et
3069 5806 3179 5878 jam
3228 5807 3535 5878 reprobatis
3566 5821 3652 5861 ar-
