3990 6212
307 314 413 378 τω

1262 335 1552 401 ORATIO
1590 342 2039 406 DOGMATICA
2082 348 2232 407 PRO
2278 347 2595 409 UNIONE.

3440 359 3547 427 ωτι

297 435 1001 546 ἐξήγηῗιῖξντεσξιήσαείεγ
1024 449 1250 522 ταύτην,
1277 457 1466 524 σαφῶς
1513 461 1868 530 παριστῶσαν
1893 464 1944 520 Α
1971 461 2086 532 ἔχει
2115 465 2254 532 μετά
2315 463 2408 518 τοῦ
2471 464 2705 533 Πατρός.
2762 464 2874 520 Καὶ
2917 459 3197 539 ἀνωτέρω,
3226 469 3334 524 Τοῦ
3395 474 3550 546 Tisia,

293 528 396 600 τὴν
421 530 517 586 τοῦ
539 530 866 590 διδασκάλου
918 539 1160 596 διάνοιαν
1187 562 1202 577 ο
1235 549 1462 616 προσέτι
1510 550 1568 604 δὲ
1599 528 1712 604 *καὶ
1762 553 1872 606 ἀπὸ

293 622 395 692 τῆς
414 624 714 696 ἀπολογίας
735 629 835 700 τῆς
869 631 1010 703 πρὸς
1048 634 1400 709 Θεοδώρητον
1421 642 1491 696 τδ
1523 643 1656 698 αὐτὸ
1686 644 1867 710 τοῦτο,

291 716 350 769 ετ
372 734 457 780 τις
472 719 836 790 εὐγνωμόνως
866 724 1184 793 ἀκούσεται,
1206 731 1380 797 δεῖξαι
1411 733 1712 805 δυνάμεθα.
1752 737 1872 790 Ἐκ·
1903 721 1910 728 ’

291 808 586 878 πορεύεται
619 813 722 881 μὲν
744 814 874 883 γὰρ.
923 819 1109 887 φησὶν,
1136 818 1212 884 ὡς
1241 823 1306 876 ὲκ
1337 823 1432 878 τοῦ
1463 825 1599 878 Θεοῦ
1627 827 1724 879 καὶ
1752 829 1867 881 Πα-

291 904 423 974 τρδς
455 904 516 957 τὸ
546 903 776 976 Πνεῦμα
805 908 866 962 τὸ
897 905 1053 978 ἅγιον
1107 913 1250 966 κατὰ
1308 915 1407 986 τὴν
1465 917 1559 970 τοῦ
1615 920 1868 991 Σωτῆρος

292 995 499 1066 φωνὴν,
525 996 641 1050 ἀλλ’
675 997 777 1052 οὐκ
807 995 1092 1072 ἀλλότριόν
1114 1002 1231 1059 ἐστι
1252 1005 1346 1060 τοῦ
1374 1003 1528 1072 Υἱοῦ,
1561 1010 1738 1064 πάντα
1760 1011 1864 1083 γὰρ

291 1196 481 1248 gnere.
514 1177 721 1238 Deinde
740 1183 874 1237 satis
899 1182 1012 1257 jam
1040 1185 1108 1242 de
1135 1186 1243 1242 hoc
1272 1204 1371 1258 per
1402 1204 1505 1247 nos
1527 1186 1732 1244 dictum
1754 1197 1859 1258 est,

289 1273 513 1340 quando
537 1272 640 1329 etsi
672 1290 781 1329 non
823 1273 876 1328 in
919 1285 1172 1348 utroque,
1209 1275 1264 1334 in
1298 1281 1472 1336 altero
1522 1292 1700 1338 tamen
1735 1297 1862 1338 eum

288 1363 582 1417 mentitum
635 1363 805 1419 fuisse
852 1366 1227 1436 probavimus,
1272 1385 1396 1425 cum
1449 1371 1567 1441 ipse
1614 1373 1858 1443 quidem,

286 1453 435 1522 quod
499 1469 596 1522 per
643 1449 841 1511 Filium
890 1455 1131 1527 Spiritus
1175 1456 1374 1516 habeat
1418 1463 1857 1532 subsistentiam,

286 1555 548 1616 negaret;
596 1562 697 1604 nos
748 1557 931 1604 autem
984 1552 1314 1609 testimoniis
1344 1554 1632 1610 doctorum
1665 1556 1861 1626 proba-

283 1638 535 1693 verimus
561 1655 748 1694 verum
779 1656 920 1709 esse,
947 1640 1020 1696 ita
1055 1647 1116 1697 ut
1155 1660 1263 1700 non
1295 1645 1594 1703 debeamus
1639 1649 1860 1703 silentio

280 1729 428 1782 sacri
452 1729 667 1784 concilii
710 1724 832 1794 niti,
886 1739 943 1785 et
981 1728 1107 1788 inde
1140 1749 1393 1805 arguere,
1422 1734 1569 1807 quod
1601 1733 1859 1793 Theodo-

282 1818 430 1876 ritus
455 1821 763 1890 scripsisset
812 1821 1076 1892 Spiritum
1119 1835 1392 1894 sanctum,
1443 1845 1546 1885 nec
1577 1845 1644 1885 ex
1693 1827 1854 1898 Filio,
1893 1811 1932 1871 Β

281 1928 391 1970 nec
427 1928 529 1985 per
549 1913 745 1969 Filium
774 1914 1187 1972 subsistentiam
1217 1919 1446 1984 habere,
1469 1931 1526 1975 et
1554 1923 1857 1977 concilium

287 2005 373 2061 bis
421 2004 628 2062 auditis
675 2008 930 2074 tacuerit,
988 2023 1092 2063 nec
1122 2023 1248 2063 eum
1309 2009 1693 2081 redarguerit:
1733 2010 1859 2067 ideo

285 2099 474 2167 tacuit,
509 2098 640 2169 quia
671 2115 796 2154 eum
827 2115 958 2156 vera
993 2101 1198 2158 dixisse
1223 2102 1452 2158 sciebat.
1482 2103 1623 2160 Ec'ce
1653 2105 1856 2160 etenim

283 2190 572 2262 probatum
602 2191 823 2262 quidem
839 2201 941 2262 est,
959 2191 1228 2264 Spiritum
1252 2203 1500 2250 sanctum
1529 2211 1629 2266 per
1657 2197 1856 2253 Filium

282 2281 696 2340 subsistentiam
726 2282 970 2352 habere;
1003 2285 1246 2357 synodus
1277 2301 1407 2342 vero
1435 2303 1541 2341 non
1586 2288 1760 2342 solum
1791 2288 1859 2344 de

279 2378 477 2443 altero,
514 2373 773 2432 videlicet
801 2375 946 2448 quod
1000 2393 1108 2433 non
1141 2394 1209 2433 ex
1255 2377 1396 2432 Filio
1440 2377 1637 2433 habeat
1677 2378 1857 2434 subsi-

278 2469 560 2535 stentiam,
593 2469 784 2534 tacuit,
819 2467 914 2523 sed
947 2465 1112 2524 etiam
1139 2466 1206 2524 de
1237 2470 1408 2524 altera
1430 2477 1603 2538 parte,
1627 2469 1729 2524 hoc
1747 2479 1854 2537 est,

276 2562 426 2631 quod
459 2575 561 2619 nec
599 2576 697 2630 per
733 2559 933 2615 Filium
961 2560 1242 2631 procedat,
1274 2560 1422 2631 quod
1467 2569 1648 2616 tamen
1677 2561 1856 2632 palam

278 2650 482 2708 falsum
506 2660 610 2706 est.
646 2649 1119 2717 Quemadmodum
1152 2650 1298 2706 enim
1337 2650 1444 2707 hoc
1477 2651 1696 2707 silentio
1721 2666 1859 2722 prae-

276 2741 452 2808 teriit,
495 2757 618 2796 cum
651 2749 832 2796 tamen
867 2740 1064 2797 falsum
1109 2743 1200 2809 sit,
1246 2743 1322 2798 ita
1360 2741 1526 2798 etiam
1557 2744 1853 2814 reliquum,

273 2831 536 2888 videlicet
573 2833 718 2903 quod
760 2844 861 2888 nec
883 2849 950 2888 ex
997 2833 1139 2889 Filio
1168 2833 1586 2890 subsistentiam
1631 2835 1854 2902 habeat,

271 2941 405 2982 cum
442 2925 620 2996 ipsum
647 2936 866 2995 quoque
893 2925 1090 2981 falsum
1123 2928 1217 2981 sit.
1243 2925 1368 2982 Haec
1397 2928 1565 2998 igitur
1608 2929 1663 2984 in
1687 2943 1855 3000 supe-

269 3017 522 3073 rioribus
576 3015 851 3084 diximus,
897 3026 950 3072 et
984 3029 1132 3073 nunc
1182 3019 1330 3074 illius
1361 3021 1491 3074 noni
1535 3021 1856 3077 anathema.

273 3108 453 3175 tismi,
479 3117 670 3162 contra
699 3121 861 3178 quem
903 3102 1272 3164 'l‘heodoritus
1303 3111 1548 3166 scribens
1569 3110 1658 3167 illa
1689 3111 1848 3180 dixit,

1981 557 2135 625 φησὶ,
2165 555 2389 623 Πνεῦμα
2417 558 2478 609 τὸ
2501 557 2750 627 Πνεῦμα,
2789 557 2884 612 καὶ
2918 555 3052 614 ἴδιον
3074 560 3262 629 αὐτοῦ,
3299 579 3554 634 μονονου·

1977 649 2034 716 xl.
2061 648 2221 702 τοῦτο
2240 649 2437 718 λέγων,
2463 650 2539 712 ὡς
2571 652 2620 703 ei
2653 652 2746 706 καὶ
2775 652 2838 704 ἐκ
2864 651 2958 705 τοῦ
3000 649 3212 720 Πατρὸς
3251 655 3552 726 ικπορεῦε-

1977 738 2106 792 σθαι
2149 739 2281 794 αὐτὸ
2309 741 2337 794 ὁ
2367 741 2631 813 σωτήριος
2653 759 2788 811 φησι
2815 742 2993 812 λόγος,
3025 743 3142 797 ἀλλ’
3176 741 3329 799 οὐδὲν
3380 742 3548 820 ἧττόν

1975 831 2092 884 ἔστι
2115 833 2216 885 καὶ
2244 832 2339 887 τοῦ
2361 833 2519 898 Υῐοῦ,
2551 834 2627 898 ὡς
2648 834 2852 905 δηλαδὴ
2881 836 3317 906 ἐκπορευόμενον
3346 839 3405 905 ἐξ
3451 840 3551 894 αὒ-

1971 920 2068 974 τοῦ
2107 938 2122 954 ο
2151 923 2245 976 καὶ
2267 924 2301 994 ἡ
2337 924 2505 989 αἰτία,
2538 925 2623 978 ὅτι
2655 927 2833 986 πάντα
2864 925 2979 996 ἔχει
3006 927 3147 995 μετὰ
3167 927 3261 981 τοῦ
3293 930 3504 1001 Πατρός
3529 945 3544 960 ·

1971 1012 2062 1066 διὰ
2089 1014 2248 1067 τοῦτο
2270 1015 2402 1086 γὰρ,
2431 1016 2587 1087 φησὶ,
2615 1017 2710 1070 καὶ
2757 1003 2841 1084 ab,
2909 1017 3014 1084 Ἐξ
3069 1018 3216 1089 ἐμοῦ
3258 1020 3544 1090 λήψεται,

1969 1194 2117 1266 quod
2143 1196 2246 1252 hoc
2293 1201 2360 1253 de
2403 1194 2611 1270 Spiritu
2668 1200 2884 1257 dixerat
2927 1199 3212 1259 Dominus.
3258 1204 3545 1261 Postremo

1971 1285 2115 1342 idem
2151 1288 2345 1358 probat
2371 1306 2469 1359 per
2514 1290 2661 1345 illam
2709 1294 3115 1361 auctoritatem,
3153 1275 3396 1362 quodex
3452 1315 3538 1362 eo,

1969 1373 2022 1432 id
2054 1387 2160 1444 est,
2188 1377 2327 1434 Filio
2358 1380 2589 1449 accipiat
2613 1377 2872 1452 Spiritus.
2910 1382 3026 1438 Hoc
3055 1383 3201 1454 enim
3234 1396 3290 1440 et
3320 1400 3542 1443 sanctus

1967 1465 2305 1540 Epiphanius
2329 1471 2411 1538 (ut
2429 1473 2592 1542 paulo
2623 1483 2742 1543 post
2769 1472 3120 1544 ostenditur),
3152 1492 3252 1547 pro
3290 1492 3358 1532 eo
3389 1481 3538 1548 quod

1966 1576 2033 1616 ex
2071 1575 2138 1616 eo
2193 1565 2474 1631 procedat,
2509 1564 2728 1634 accipit.
2770 1564 2889 1634 Ipse
2925 1577 3145 1636 quoque
3201 1566 3390 1622 beatus
3431 1566 3542 1638 Cy-

1967 1650 2126 1707 rillus
2165 1652 2218 1706 in
2249 1652 2590 1722 expositione
2615 1671 2780 1726 super
2806 1651 3099 1722 Joannem,
3144 1658 3311 1728 ipsam
3344 1669 3538 1716 auclo-

1965 1742 2176 1798 ritalem
2211 1757 2523 1813 CXponens,
2558 1745 2638 1800 sic
2683 1746 2862 1817 inquit
2895 1763 2908 1798 :
2941 1746 3204 1817 Accipere
3239 1750 3386 1803 enim
3413 1749 3538 1816 Spi-

1963 1831 2128 1888 ritum
2182 1832 2414 1915 dicimus
2469 1851 2538 1890 ex
2582 1835 2744 1892 Patre
2792 1847 2848 1892 et
2880 1836 3022 1892 Filio
3062 1855 3125 1893 ea
3159 1851 3280 1908 qua:
3317 1838 3534 1893 illorum

1962 1935 2108 1991 sunt,
2140 1940 2250 1980 non
2289 1936 2547 1996 tanquam
2599 1928 2894 1999 aliquando
2929 1931 3152 1996 quidem
3182 1945 3290 1984 non
3324 1930 3537 1985 haben-

1961 2023 2068 2071 tem
2107 2015 2325 2073 insitam
2357 2019 2410 2072 in
2438 2018 2520 2074 eis
2553 2022 2876 2090 sapientiam
2925 2032 2982 2077 et
3029 2025 3332 2092 potentiam
3355 2067 3369 2089 ,
3410 2037 3534 2075 cum

1959 2105 2293 2180 intelligatur
2347 2109 2548 2166 habere
2613 2113 2862 2168 eamdem
2920 2115 3251 2182 essentiam,
3320 2129 3538 2182 semper

1957 2199 2158 2254 etenim
2210 2201 2426 2270 sapiens
2466 2211 2521 2258 et
2572 2213 2767 2272 potens
2805 2214 2893 2261 est
2942 2207 3216 2282 Spiritus;
3258 2208 3368 2262 imo
3403 2223 3536 2264 vero

1957 2291 2074 2361 ipsa
2113 2291 2379 2360 sapientia
2407 2299 2461 2346 et
2489 2292 2729 2361 potentia
2761 2307 2881 2360 est,
2930 2312 3037 2349 non
3079 2297 3532 2366 participatione,

1957 2382 2053 2438 sed
2078 2382 2424 2438 naturaliter.
2449 2383 2506 2438 Si
2540 2384 2708 2455 igitur
2739 2385 2790 2439 id
2831 2386 2975 2455 quod
3016 2382 3260 2456 Spiritus
3299 2404 3363 2442 ex
3397 2384 3538 2443 Filio

1957 2472 2175 2543 accipit,
2227 2472 2492 2544 sapientia
2541 2484 2596 2528 et
2636 2475 2880 2544 potentia
2935 2485 3056 2541 est,
3117 2477 3231 2530 haec
3257 2492 3388 2531 vero
3426 2495 3534 2530 non

1956 2563 2251 2634 aliquando
2302 2564 2525 2636 quidem
2585 2565 2788 2634 habet,
2846 2567 3142 2636 aliquando
3193 2583 3328 2623 vero
3385 2581 3534 2635 non;

1955 2670 2177 2726 semper
2223 2672 2459 2728 namque
2515 2657 2640 2712 talis
2678 2648 2763 2713 est
2819 2671 3034 2726 natura,
3090 2675 3198 2714 non
3243 2661 3537 2730 participa-

1957 2747 2142 2813 tione;
2193 2762 2521 2816 semperque
2571 2763 2600 2801 a
2650 2747 2788 2803 Filio
2825 2749 3047 2819 accipit,
3082 2766 3204 2820 qua:
3243 2765 3367 2805 cum
3420 2764 3530 2805 non

1956 2838 2153 2895 habeat
2187 2840 2628 2910 participatione,
2662 2850 2858 2896 natura
2882 2841 3002 2911 ejus
3048 2842 3211 2898 sunt:
3243 2843 3372 2911 quid
3406 2842 3537 2896 hinc

1955 2932 2266 3004 colligatur,
2297 2932 2422 3003 quis
2452 2932 2705 3004 ignorat?
2728 2933 2794 2987 Et
2815 2934 3013 2988 merito
3036 2935 3152 2990 lucc
3173 2937 3366 2990 beatus
3398 2936 3535 2990 dicit

1955 3023 2211 3098 Cyrilius,
2247 3027 2341 3097 qui
2382 3027 2436 3082 in
2479 3025 2755 3095 plerisque
2785 3024 2908 3079 aliis
2953 3025 3089 3080 locis
3133 3026 3417 3081 manifeste
3469 3043 3535 3082 ex

1958 3117 2117 3185 Filio,
2152 3118 2313 3174 sicuti
2363 3133 2433 3173 ex
2472 3118 2665 3184 Patre,
2719 3116 3019 3186 procedere
3076 3117 3214 3172 dicit
3267 3118 3535 3188 Spiritum

267 3201 455 3272 ipsius
492 3199 683 3271 Cyrilli
713 3199 1106 3270 expositionem
1138 3200 1472 3270 induximus,
1497 3205 1741 3275 seipsum
1796 3214 1855 3260 et
1877 3191 1922 3220 ν
1956 3220 2228 3265 sanctum.
2270 3210 2330 3265 In
2364 3191 2597 3279 epistola
2656 3224 2894 3278 namque
2927 3208 2995 3264 ad
3034 3209 3388 3265 Nestorium:
3421 3209 3532 3264 Etsi

266 3307 434 3349 suam
490 3301 730 3348 mentem
796 3292 1145 3362 exponentis,
1198 3303 1254 3348 et
1302 3302 1494 3348 contra
1562 3294 1853 3351 maledicta
1938 3312 2058 3370 -cst,
2124 3302 2324 3374 inquit,
2387 3302 2625 3373 Spiritus
2678 3301 2735 3356 in
2766 3301 2982 3372 propria
3035 3301 3322 3371 hypostasi-
3374 3311 3536 3372 prout

271 3382 600 3439 Theodoriti
653 3381 988 3452 replicantis.
1041 3382 1162 3438 Non
1197 3383 1356 3439 decet
1404 3384 1593 3455 igitur,
1649 3384 1854 3441 omisso

1957 3392 2195 3465 Spiritus
2231 3404 2333 3460 est,
2364 3407 2473 3447 non
2506 3391 2699 3458 Filius,
2727 3407 2837 3447 non
2873 3401 2959 3446 est
2992 3400 3173 3444 tamen
3205 3391 3272 3446 ab
3302 3407 3369 3445 eo
3398 3391 3534 3444 alie-

268 3479 370 3535 ilio
394 3477 560 3533 alium
601 3491 851 3547 quazrere
896 3486 1191 3533 verborum
1224 3477 1412 3548 Cyrilli
1454 3479 1849 3548 expositorem,

267 3553 344 3627 et'
356 3570 664 3642 praesertim
687 3569 1020 3624 acerrimum
1057 3569 1176 3640 ejus
1201 3569 1434 3624 hostem.
1460 3569 1640 3636 Quare
1668 3579 1852 3626 autem

267 3659 516 3732 Cyrilius
548 3658 815 3730 Spiritum
857 3659 1071 3715 dixerat
1095 3661 1373 3731 praprium
1407 3658 1550 3728 Filii,
1595 3661 1648 3716 in
1697 3677 1848 3717 nono

263 3755 764 3821 anathematismo,
814 3756 968 3832 quod.
1009 3753 1380 3811 Thebdoritus
1431 3757 1670 3828 carpsit,
1732 3758 1851 3827 ipse

263 3863 594 3922 exponens:
631 3847 769 3916 Quia
797 3845 952 3914 dicit,
979 3847 1057 3902 Ex
1089 3859 1156 3903 eo
1186 3857 1290 3915 est,
1328 3860 1385 3904 et
1413 3850 1750 3906 conveniens
1793 3848 1849 3905 in

267 3945 382 4000 hoc
410 3941 858 4000 Occidentalibus
882 3940 1157 4022 Patribus.
1189 3942 1252 3995 Et
1290 3940 1365 3996 illi
1394 3941 1542 3997 enim
1583 3940 1849 4012 Spiritum

264 4035 469 4094 dicunt
499 4035 619 4091 Filii
656 4046 916 4105 tanquam
940 4049 1006 4089 ex
1045 4050 1110 4088 eo
1136 4033 1545 4103 procedentem.
1579 4033 1848 4111 Praeterea

264 4112 333 4186 ex
364 4127 724 4199 responsione
753 4125 940 4199 Cyrilli
986 4125 1053 4180 ad
1102 4125 1498 4180 Theodoritum
1546 4125 1691 4182 idem
1723 4141 1851 4204 pro-

265 4221 408 4277 bare
451 4234 762 4288 possumus,
789 4233 836 4274 st
877 4217 1002 4288 quis
1057 4217 1176 4272 sine
1223 4217 1578 4273 contentione
1611 4218 1798 4274 audiat
1831 4237 1846 4275 :

265 4312 531 4370 Procedit
559 4313 802 4384 quidem,
839 4311 1038 4382 inquit,
1082 4309 1320 4378 Spiritus
1372 4317 1598 4367 sanctus
1631 4327 1697 4366 ex
1737 4311 1849 4368 Deo

266 4403 435 4462 Patre
491 4404 794 4460 secundum
837 4407 1006 4459 verba
1038 4402 1358 4469 Saivatoris,
1386 4417 1494 4458 non
1550 4411 1731 4459 tamen
1763 4413 1850 4460 est

1954 3499 2078 3550 nus,
2103 3482 2328 3553 proﬂuit
2359 3491 2542 3538 autem
2580 3497 2648 3536 ex
2679 3495 2748 3536 eo
2797 3481 2958 3536 sicuti
2999 3495 3063 3535 ex
3103 3482 3211 3534 l‘eo
3250 3490 3306 3535 et
3347 3482 3529 3538 Patre.

1952 3573 2031 3630 Ne
2063 3574 2188 3644 quis
2209 3584 2389 3628 autem
2423 3572 2528 3629 hoc
2558 3573 2809 3640 verbum,
2852 3572 3151 3637 Proﬂuere,
3183 3570 3251 3625 de
3289 3573 3531 3626 secunda

1951 3676 2007 3721 et
2039 3665 2326 3735 temporali
2365 3665 2720 3735 processione
2758 3671 2916 3734 putet
2948 3663 3039 3718 hic
3079 3663 3248 3717 fuisse
3286 3663 3527 3728 dictum;

1953 3763 2129 3833 primo
2173 3760 2393 3830 quidem
2453 3759 2610 3827 sciat,
2669 3760 2814 3831 quod
2854 3773 2965 3814 non
2991 3767 3076 3814 est
3113 3759 3200 3814 hic
3227 3774 3406 3811 Sermo
3459 3758 3527 3812 de

1952 3851 2340 3908 distributione
2389 3851 2664 3906 donorum
2719 3861 2775 3906 et
2817 3852 3208 3912 charismatum
3261 3849 3522 3919 Spiritus,

1951 3944 2050 3999 sed
2067 3943 2136 3999 de
2166 3943 2283 4014 ipsa
2305 3942 2427 4014 ejus
2458 3942 2761 4014 hypostasi.
2793 3941 3000 3998 Deinde
3041 3942 3165 4008 hoc,
3219 3940 3519 4007 Proﬂnere,

1951 4047 2169 4102 semper
2198 4032 2448 4102 reperies
2479 4031 2624 4101 apud
2662 4030 2810 4085 hunc
2849 4030 3128 4086 doctorem
3173 4047 3291 4102 pro,
3323 4033 3528 4086 Proce-

1950 4123 2354 4179 dere.’Etenim
2387 4131 2503 4177 tum
2537 4121 2592 4176 in
2624 4123 2967 4192 expositione
2999 4121 3266 4192 Symboli,
3301 4123 3526 4191 proﬂuit

1947 4212 2192 4290 quidem,
2238 4213 2439 4286 inquit,
2489 4215 2593 4269 hoc
2625 4222 2732 4281 est,
2775 4213 3060 4284 procedit:
3112 4222 3226 4269 tum
3267 4215 3321 4268 in
3373 4224 3527 4270 sexto

1950 4309 2017 4364 ad
2066 4308 2367 4376 Hermiam,
2425 4317 2483 4365 et
2519 4306 2786 4380 Spiritum
2835 4307 3057 4377 quidem
3105 4309 3351 4363 veritatis
3400 4323 3524 4361 eum

1948 4400 2218 4469 nominat,
2269 4400 2541 4471 proﬂuere
2577 4408 2759 4456 autem
2792 4413 2860 4453 ex
2914 4401 3031 4469 ipso
3076 4401 3272 4456 asserit
3331 4398 3523 4466 Patre,

265 4498 488 4554 alienus
513 4514 544 4552 a
586 4495 763 4566 Filio;
792 4496 975 4553 omnia
1023 4512 1258 4568 namque
1297 4507 1420 4550 cum
1449 4494 1610 4554 Patre
1658 4497 1845 4554 habet.
1879 4497 1924 4555 D
1953 4502 2067 4550 tum
2096 4493 2257 4548 etiam
2289 4494 2568 4564 plerisque
2606 4493 2728 4549 aliis
2760 4493 2815 4548 in
2853 4493 2992 4549 locis
3026 4493 3168 4550 idem
3203 4494 3357 4550 dicit.
3382 4495 3523 4550 Illud

265 4593 335 4647 Et
375 4591 483 4646 hoc
511 4591 742 4661 ipsemet
781 4588 988 4658 docuit,
1024 4588 1214 4646 dicens
1244 4589 1311 4645 de
1348 4587 1561 4661 Spiritu
1615 4601 1848 4647 sancto:

265 4685 464 4742 Omnia
516 4699 837 4755 qumcunque
881 4681 1032 4737 habet
1094 4681 1279 4749 Pater,
1341 4698 1461 4737 mea
1504 4690 1678 4738 sunt:
1727 4683 1852 4739 ideo

267 4777 414 4833 dixit
444 4775 639 4831 vobis:
676 4771 760 4829 Ea:
797 4789 909 4828 meo
949 4774 1202 4843 accipiet,
1236 4779 1285 4827 et
1323 4773 1662 4828 annuntiabit
1688 4772 1849 4828 vobis.

269 4868 410 4924 Nam
449 4867 552 4923 etsi
581 4882 612 4921 a
640 4865 820 4932 Patre,
854 4865 1051 4935 inquit,
1083 4863 1381 4934 procedere
1422 4863 1688 4933 Spiritum
1722 4879 1852 4919 san-

269 4971 426 5016 ctum
471 4958 722 5036 Salvator
767 4956 944 5022 dixit,
977 4971 1088 5011 non
1125 4955 1309 5010 minus
1345 4965 1525 5010 tamen
1566 4964 1656 5010 est
1684 4955 1850 5010 etiam

269 5043 438 5102 Filii:
487 5056 569 5100 est
610 5051 791 5099 autem
844 5041 989 5111 Filii,
1050 5043 1512 5112 quemadmodum
1547 5052 1611 5104 et
1652 5043 1849 5099 Patris.

270 5136 541 5207 Superius
564 5149 802 5205 namque
831 5133 973 5189 dixit
1007 5151 1021 5186 :
1045 5131 1178 5188 Erat
1217 5149 1453 5203 namque
1477 5141 1536 5188 et
1557 5143 1644 5188 est
1673 5133 1851 5203 Spiri-

271 5243 363 5284 tus
411 5228 549 5299 ejus,
605 5225 753 5283 sicut
811 5235 868 5282 et
915 5224 1138 5283 Patris:
1179 5235 1238 5282 et
1275 5241 1386 5284 non
1437 5226 1607 5296 magis
1649 5224 1847 5295 Patris,

273 5325 460 5378 minus
483 5320 629 5389 Filii,
655 5320 754 5377 sed
787 5320 1042 5376 similiter
1071 5321 1380 5376 amborum.
1402 5319 1517 5376 [loc
1545 5335 1677 5376 vero
1708 5321 1848 5378 nihil

269 5415 422 5469 aliud
449 5423 551 5483 est,
580 5413 722 5469 nisi:
752 5411 1222 5480 Quemadmodum
1257 5418 1341 5468 est
1370 5409 1609 5482 Spiritus
1649 5411 1845 5478 Patris,

274 5513 534 5576 tanquam
573 5521 638 5562 ex
690 5519 758 5561 eo
809 5503 1135 5575 procedens,
1175 5503 1249 5559 ita
1278 5503 1490 5558 scilicet
1516 5502 1680 5558 etiam
1726 5503 1847 5558 Filii

272 5607 380 5662 est,
434 5607 694 5669 tanquam
761 5613 828 5653 ex
855 5613 924 5653 eo
972 5613 1068 5668 per
1123 5610 1249 5652 eum
1293 5594 1618 5666 procedens.
1649 5595 1718 5649 Et
1743 5595 1849 5651 hoc

276 5689 545 5758 signiﬁcat
570 5705 694 5746 cum
724 5691 778 5746 in
831 5688 1204 5746 testimonium
1241 5688 1426 5759 hujus,
1456 5687 1533 5742 rei
1588 5687 1840 5758 accipiat,

278 5780 420 5847 quod
446 5780 618 5838 Filius
651 5783 831 5838 omnia
868 5781 1063 5837 habeat
1100 5795 1219 5850 quae
1252 5787 1306 5836 et
1347 5779 1525 5846 Pater,
1571 5787 1622 5834 et
1649 5779 1834 5850 addat,

1951 4599 2172 4654 quoque
2204 4583 2351 4653 quod
2389 4582 2523 4638 dicit
2559 4621 2574 4636 .
2607 4581 2780 4638 Sicuti
2831 4598 2897 4638 ex
2954 4584 3064 4640 Deo
3107 4595 3164 4640 et
3196 4586 3372 4653 Patre,
3417 4603 3524 4640 nun

1952 4674 2272 4747 superﬂuit;
2309 4675 2446 4729 nihil
2477 4673 2625 4728 enim
2645 4674 2736 4730 ille
2759 4691 3262 4758 supervacaneum,
3289 4678 3383 4732 sed
3409 4695 3525 4731 om-

1953 4771 2041 4826 nia
2063 4784 2185 4825 cum
2210 4783 2406 4838 magno
2435 4767 2680 4838 pondere
2712 4768 2878 4836 dicit;
2902 4778 2958 4823 et
2988 4769 3062 4824 ita
3091 4770 3228 4835 vult,
3258 4770 3522 4841 Spiritum

1949 4877 2071 4918 esse
2110 4860 2253 4928 Filii,
2293 4867 2558 4930 proutest
2597 4859 2775 4914 Patris
2805 4877 2818 4914 :
2866 4870 2922 4915 et
2953 4862 3025 4916 ita
3061 4863 3357 4932 proﬂuere,
3392 4879 3524 4934 pru-

1951 4953 2092 5019 dire,
2142 4962 2199 5008 et
2229 4967 2490 5008 emanare
2543 4967 2573 5005 a
2600 4951 2759 5018 Filio,
2788 4962 2952 5022 prout
2980 4968 3010 5007 a
3043 4954 3226 5020 Patre,
3255 4963 3310 5008 et
3367 4945 3521 5008 nullo

1950 5047 2114 5102 modo
2142 5047 2323 5102 aliter.
2358 5045 2488 5100 ideo
2514 5044 2568 5099 in
2612 5059 2867 5100 sermone
2895 5045 2962 5100 ad
3001 5046 3372 5103 Theodosium
3417 5048 3522 5102 im.
3603 5091 3626 5114 ί

1951 5147 2261 5209 peratorem
2301 5136 2368 5193 de
2419 5139 2524 5192 hoc
2559 5136 2812 5206 loquens,
2846 5145 2901 5192 et
2945 5139 3135 5194 volens
3171 5141 3402 5210 probare
3446 5143 3521 5196 ita

1950 5245 2072 5286 esse
2109 5229 2234 5284 Filii
2269 5228 2576 5299 Spiritum,
2618 5237 2784 5298 prout
2820 5228 3026 5295 Patris;
3075 5240 3132 5284 et
3161 5231 3234 5285 ita
3266 5246 3331 5286 cx
3385 5232 3524 5287 Fiiio

1946 5322 2110 5378 nobis
2142 5335 2404 5378 emanare
2430 5336 2578 5389 eum,
2621 5329 2784 5391 prout
2810 5337 2876 5376 ex
2906 5322 3064 5376 Patre
3088 5341 3101 5378 :
3127 5323 3243 5377 Non
3273 5339 3340 5379 ex
3362 5341 3518 5380 men-

1947 5428 2110 5480 sura,
2169 5411 2386 5482 inquit,
2435 5411 2742 5468 secundum
2790 5411 3091 5481 Joannem,
3124 5415 3219 5470 dat
3255 5416 3519 5486 Spiritum

1948 5503 2139 5570 Filius,
2194 5501 2290 5557 sed
2325 5501 2442 5571 ipse
2478 5516 2604 5556 eum
2647 5515 2714 5556 ex
2761 5501 2942 5573 seipso
2967 5504 3188 5571 emittit,
3251 5506 3520 5574 quemad—

1948 5596 2169 5652 modum
2201 5603 2253 5649 et
2295 5593 2411 5664 ipse
2459 5593 2639 5648 Pater.
2681 5592 2860 5661 Quare
2887 5598 3078 5651 beatus
3122 5599 3324 5653 Paulus
3368 5599 3516 5655 omni

1947 5687 2000 5741 in
2043 5686 2147 5740 hoc
2179 5684 2494 5749 differentia
2550 5683 2849 5755 proposita,
2889 5701 3037 5742 nunc
3067 5687 3288 5758 quidem
3327 5687 3436 5743 Deo
3462 5699 3554 5746 et.

1947 5778 2094 5834 Patri
2157 5776 2308 5832 illum
2361 5774 2634 5846 attribuit,
2693 5791 2839 5833 nunc
2899 5793 3086 5834 rursus
3108 5777 3268 5836 Filio.
3306 5779 3519 5836 Profert
