3990 6212
460 405 566 469 55
1418 404 1926 469 BESSARIONIS
1965 410 2023 471 S.

2186 410 2248 472 E.
2298 404 2764 471 (‘ARDINALIS
3334 496 3341 499 Α
3618 410 3725 471 595

459 514 698 582 εἴρηται,
728 509 809 565 δτι
850 509 885 565 ἃ
922 511 1191 579 λαμϐάνει
1230 515 1293 567 ἐκ
1342 516 1436 571 τοῦ
1499 519 1709 588 Πατρὶς
1763 518 2032 589 λαμϐόινει
2065 520 2107 580 Α
2136 522 2226 574 τδν
2256 522 2359 591 τῆς
2386 519 2595 588 ούσίας.
2644 522 2894 595 Ἀρκέσει
2944 524 3043 593 μὲν
3073 521 3165 576 οὖν
3193 521 3256 575 ἐκ
3315 520 3455 575 πάνυ
3509 520 3723 578 πολλῶν

460 602 556 656 καὶ
581 603 649 656 ἐκ
678 602 772 655 τοῦ
797 600 927 655 Υίοῦ
956 620 968 633 ·
996 602 1057 657 ού
1093 604 1199 675 μὴν
1230 606 1366 660 ἀλλὰ
1411 611 1502 663 καί
1536 611 1595 665 τὸ
1642 611 1867 684 Πνεῦμα
1900 611 2033 665 Υίοῦ
2139 612 2247 668 τῶν
2316 614 2410 668 τοῦ
2472 613 2748 685 μακαρίου
2804 606 3079 684 Κυρίλλου
3138 613 3235 667 καὶ
3299 613 3589 678 πλείστων,
3644 608 3723 678 ὡς

460 692 555 747 καὶ
592 688 726 747 ἴδιον
752 688 844 745 τσῦ
874 686 1005 747 Υίοῦ
1040 694 1101 748 τό
1142 696 1366 768 Πνεῦμα
1398 701 1578 769 λέγειν
1633 704 1692 755 τδ
1723 703 1899 771 ἅγιον,
1944 706 2037 758 καὶ
2142 706 2353 777 πλήρης
2396 699 2544 761 πᾶσα
2590 705 2757 761 αὐτοῦ
2816 698 3154 777 συγγραφὴ,
3195 706 3291 759 καὶ
3350 706 3491 776 μόνα
3546 705 3723 763 ταῦτα

465 778 1005 856 ἐκτοῦΥἰοῦῆδιὰ
1063 783 1156 841 τοῦ
1218 788 1348 855 Υίοῦ
1408 788 2038 867 ἐκπορεύεσθαι,δη).οῦν

464 876 738 947 βούλεται.

532 970 607 1025 Τδ
636 972 746 1043 γὰρ
771 968 1000 1045 Πνεῦμα
1023 972 1156 1029 Υἱοῦ
1185 976 1440 1045 λέγεσθαι
1480 980 1698 1054 εἴρηται
1724 983 1873 1046 ὅπως
1929 982 2040 1048 τοῖς

459 1062 640 1129 ἁγίοις
668 1063 873 1118 νοεῖται
899 1080 915 1097 ο
947 1066 1045 1119 καὶ
1069 1068 1153 1120 δτι
1180 1068 1260 1140 τῷ
1291 1069 1391 1138 μὲν
1426 1072 1647 1143 μεγάλῳ
1678 1070 1943 1144 Βασιλείῳ
1967 1071 2041 1136 ὡς

457 1154 550 1208 διὰ
576 1153 671 1207 τοῦ
702 1155 837 1209 Υίοῦ
871 1157 1137 1227 πεφηνὸς,
1166 1160 1243 1231 τῷ
1274 1162 1334 1215 δὲ
1390 1162 1520 1235 θείῳ
1553 1164 1789 1236 Μαξίμῳ
1839 1167 1914 1231 ὡς
1948 1169 2042 1221 ἐκ-

460 1249 832 1319 πορευόμενον
849 1250 917 1304 δι’
945 1250 1133 1319 αὐτοῦ,
1163 1254 1274 1318 τοῖς
1300 1256 1359 1310 δὲ
1390 1252 1639 1329 Πατρὰσι
1654 1261 1767 1322 τοῖς
1790 1254 2042 1325 Δυτικοΐς

458 1339 533 1403 ὡς
562 1340 996 1413 ἐκπορευόμενον
1029 1344 1089 1410 ἐξ
1111 1342 1270 1401 Υίοῦ.
1306 1346 1421 1402 Οὐκ
1447 1346 1515 1403 ἂν
1567 1348 1661 1406 οὖν
1719 1348 1830 1406 οὐδ’
1889 1346 2040 1424 αύτῷ

461 1434 582 1487 κατ’
616 1434 775 1489 ἄλλον
805 1430 951 1503 ἔδοξε
985 1436 1189 1508 τρόπον
1219 1438 1351 1493 Υίοῦ
1380 1440 1637 1510 λέγεσθαι
1667 1436 1915 1516 Πνεῦμα,
1949 1446 2044 1501 καὶ

460 1525 594 1579 ἴδιον
616 1522 713 1579 τοῦ
745 1525 901 1594 Υἱοῦ,
936 1525 1113 1599 ἀλλ’ἢ
1148 1530 1363 1596 πάντως
1386 1534 1461 1598 ὠς
1494 1532 1607 1598 τοῖς
1633 1537 2043 1609 όμόφροσιν,ὡς

459 1618 521 1684 ἐξ
547 1618 677 1672 Υίοῦ
710 1614 936 1692 δηλαδὴ,
970 1622 1000 1690 ἢ
1039 1621 1110 1675 δι’
1156 1620 1286 1677 Υίοῦ
1326 1624 1426 1696 τὴν
1456 1620 1689 1695 ὕπαρξιν
1746 1622 1868 1698 ἔχον
1895 1644 1910 1659 ·
1950 1630 2040 1682 ού-

463 1710 555 1764 δέν
583 1711 691 1781 γὰρ
712 1712 965 1783 διαφέρει
987 1712 1047 1780 ἐξ
1078 1712 1210 1769 Υίοῦ
1238 1716 1445 1784 λέγειν,
1476 1713 1598 1788 ἢδι¹
1623 1712 1777 1775 Υίοῦ.
1808 1720 1919 1775 Καὶ
1934 1722 2043 1792 γὰρ

465 1802 629 1868 αὐτὸς
662 1802 795 1857 ποτέ
823 1804 923 1874 μὲν
947 1805 1046 1878 τὴν
1097 1806 1168 1861 ἐκ
1220 1806 1426 1879 τίθησι,
1479 1810 1612 1864 ποτὲ
1641 1810 1698 1865 δὲ
1737 1813 1905 1884 αὐτὴν
1947 1831 2044 1885 με-

463 1896 803 1966 ταλαμϐάνει
838 1897 919 1959 είς
969 1896 1067 1969 τὴν
1111 1898 1229 1965 διὰ,
1259 1899 1334 1964 ὡς
1387 1900 1482 1954 καὶ
1518 1901 1687 1973 ἄμφω
1742 1904 2041 1975 δυναμένας

467 1990 1021 2060 παραλαμϐάνεσθαι.
1048 1991 1161 2046 Καὶ
1190 1992 1321 2061 γοῦν
1351 1994 1409 2050 ἐν
1434 1998 1545 2060 τοῖς
1578 1996 1715 2064 πρὸς
1748 1998 2045 2053 Παλλάδιον

464 2086 608 2137 κατὰ
635 2082 830 2137 πεῦσιν
860 2086 956 2139 καὶ
980 2086 1277 2158 ἀπόκρισιν
1299 2086 1499 2157 λόγοις,
1525 2089 1776 2160 Τρεπτδν
1799 2089 1915 2144 οὔτι
1944 2110 2046 2145 που

464 2175 804 2244 τὺιΠνεῦμα,
841 2177 1008 2245 φησιν
1042 2178 1123 2245 ’ἢ
1166 2179 1327 2249 είπερ
1384 2181 1517 2233 αὐτὸ
1566 2182 1867 2251 τρέπεσθαι
1915 2188 2045 2252 νοεῖ,

465 2269 555 2320 ἐπ’
584 2268 754 2335 αὐτὴν
782 2269 809 2321 6
843 2268 1035 2338 μῶμος
1060 2269 1159 2340 τὴν
1197 2270 1349 2325 θείαν
1407 2274 1807 2343 ἀναδραμεῖται
1861 2276 2046 2345 φύσιν,

464 2361 627 2431 εῐπερ
656 2363 773 2415 ἐστὶ
805 2361 899 2415 τοῦ
927 2363 1065 2415 Θεοῦ
1109 2363 1209 2417 καὶ
1243 2364 1479 2433 Πατρὸς,
1510 2367 1600 2420 ναὶ
1652 2366 1761 2437 μὴν
1796 2370 1890 2422 καὶ
1952 2374 2046 2423 τοῦ

463 2456 619 2521 Υίοῦ,
648 2456 925 2519 οὐσιωδῶς
955 2457 1014 2521 ἐξ
1036 2458 1267 2527 ἀμφοῖν,
1304 2461 1471 2528 ἤγουν
1495 2462 1562 2513 ἐκ
1586 2462 1803 2531 Πατρὸς
1822 2463 1890 2515 δι’
1917 2464 2046 2518 Υίοῦ

463 2549 844 2618 προχεόμενον
867 2548 1118 2618 Πνεῦμα.
1159 2549 1235 2603 O6
1265 2551 1373 2621 μὴν
1399 2552 1539 2606 ἀλλὰ
1570 2554 1665 2607 καὶ
1696 2556 1754 2607 ἐν
1787 2554 1863 2625 τῷ
1914 2556 2049 2626 πέμ-

463 2659 586 2711 πτῳ
626 2640 736 2693 τῶν
793 2642 928 2711 πρὸς
971 2640 1257 2710 Ἑρμείαν,
1304 2645 1488 2697 αἰτίαν
1536 2640 1824 2709 ἀποδιδοὺς
1859 2644 1953 2699 τοῦ
1988 2648 2047 2701 τὸ

462 2732 689 2803 Πνεῦμα
721 2732 852 2786 Υίοῦ
880 2734 1135 2801 λέγεσθαι
1190 2733 1439 2804 Πνεῦμα,
1479 2734 1655 2805 φησί’
1693 2736 1851 2799 Τίνος
1917 2738 2049 2791 ίδιον

463 2820 604 2877 εἷναί
637 2844 819 2897 φαμεν
846 2826 906 2880 τδ
943 2826 1099 2894 ἆγιον
1158 2826 1425 2894 Πνεῦμα;
1458 2829 1696 2897 Πότερον
1773 2830 1837 2897 δὴ
1884 2831 2046 2899 μόνου

461 2916 561 2970 τοῦ
584 2916 719 2969 Θεοῦ
752 2916 847 2970 καὶ
870 2918 983 2970 Πατ
996 2916 1127 2985 ρός;
1161 2918 1193 2987 ἢ
1228 2916 1360 2985 γοῦν
1404 2918 1499 2972 καὶ
1538 2917 1634 2970 τοῦ
1667 2912 1796 2973 Υἱοῦ
1824 2936 1843 2985 ;
1874 2923 1911 2990 ἢ
1953 2923 2047 2974 καὶ

465 3008 572 3061 ἀνὰ
604 3008 771 3078 μέρος
811 3008 1101 3079 ἐκατέρου,
1138 3008 1232 3062 καὶ
1264 3010 1489 3079 ἀμφοῖν,
1521 3010 1597 3071 ὡς
1633 3010 1691 3064 ἓν
1721 3011 1785 3065 ἐκ
1835 3013 2047 3084 Πατρδς

463 3100 533 3153 δι’
558 3100 691 3153 Υίοῦ
710 3100 797 3153 διὰ
821 3101 921 3169 τὴν
948 3102 1258 3174 ταυτότητα
1304 3104 1404 3174 τῆς
1432 3104 1625 3170 ούσίας
1656 3124 1670 3173 ;
1720 3106 2043 3177 ’Λποκρίνε-

2138 796 2238 869 τὴν
2269 800 2477 854 ἐκείνου
2535 792 2887 871 παραστῆσαι
2936 796 3196 853 διάνοιαν.
3263 797 3617 869 Ἀκούσωμεν
3665 800 3721 855 δὲ

2139 893 2201 946 τδ
2235 888 2482 946 ἐντεῦθεν
2503 893 2598 946 καὶ
2642 882 2962 962 Ἐπιφανίου
3023 890 3119 944 τοῦ
3176 884 3489 960 θαυμαστοῦ
3538 893 3597 944 ἐν
3646 893 3719 961 τῷ

2152 982 2491 1055 Ἀγκυρωτῷ
2535 986 2681 1056 λόγῳ
2736 983 2988 1054 λέγοντος
3047 977 3189 1038 οὕτω
3217 998 3231 1012 ⁸
3284 982 3358 1037 Τὸ
3398 978 3627 1053 Πνεῦμα
3662 986 3720 1037 τὸ

2143 1074 2296 1141 ἅγιον
2323 1078 2386 1130 ἐκ
2417 1066 2508 1129 τοῦ
2534 1073 2747 1146 Πατρδς
2780 1074 2877 1129 καὶ
2909 1066 3004 1129 τοῦ
3039 1070 3190 1139 Υίοῦ,
3222 1070 3408 1143 τρίτον
3433 1060 3723 1145 τῇᾏνομα-

2145 1169 2236 1238 σία
2262 1184 2278 1199 ο
2314 1169 2408 1221 καὶ
2434 1169 2593 1222 πάλιν
2624 1183 2639 1199 ·
2676 1166 2995 1238 Ἀμφότερα
3028 1170 3274 1221 κατοικεῖ
3307 1164 3366 1221 ἐν
3398 1166 3477 1237 τῷ
3514 1167 3723 1238 ἀνθρώ.

2146 1274 2232 1327 mp
2255 1252 2332 1327 τῷ
2360 1252 2578 1328 δικαίῳ,
2609 1258 2636 1311 6
2668 1248 2906 1327 Χριστὸς
2939 1256 3031 1311 καὶ
3064 1256 3125 1310 τὸ
3169 1254 3396 1325 Πνεῦμα
3445 1255 3634 1310 αὑτοῦ.
3662 1256 3724 1310 Ei

2143 1346 2201 1405 δὲ
2222 1344 2455 1421 Χριστὸς
2487 1352 2552 1405 ἐκ
2589 1348 2684 1405 τοῦ
2716 1348 2931 1419 Πατρδς
2968 1340 3287 1402 πιστεύεταί
3310 1346 3439 1414 Θεὸς
3478 1350 3542 1401 ἐκ
3563 1348 3721 1411 Θεοῦ,

2146 1439 2324 1495 καὶτὸ
2352 1440 2581 1510 Πνεῦμα
2615 1438 2679 1494 ἐκ
2707 1430 2804 1494 τοῦ
2839 1434 3103 1511 Χριστοῦ,
3148 1440 3181 1509 ἢ
3210 1434 3342 1509 παρ’
3375 1439 3720 1509 ἀμφοτέρων,

2144 1530 2219 1595 ὣς
2254 1550 2417 1603 φησιν
2442 1534 2470 1586 ό
2504 1526 2754 1604 Χριστὸς,
2792 1532 2862 1586 '0
2904 1531 3066 1603 παρὰ
3116 1529 3223 1587 τοῦ
3264 1528 3494 1600 Πατρός
3548 1528 3724 1585 ἐκκο-

2138 1624 2399 1694 ρεύεται,
2427 1622 2527 1678 καί
2556 1614 2735 1692 οὗτος
2777 1618 2848 1679 ἐκ
2874 1624 2979 1680 τοῦ
3017 1616 3163 1694 ἐμοῦ
3212 1620 3496 1693 λήψεται.
3558 1623 3723 1687 Οὗτος

2149 1712 2249 1785 μὲν
2279 1707 2372 1770 οὖν
2407 1716 2528 1770 ούδέ
2561 1716 2691 1787 περὶ
2745 1710 3108 1787 χαρισμάτων
3160 1714 3424 1786 διανομῆς
3460 1733 3723 1785 πραγμα-

2146 1806 2387 1873 τεύεται,
2408 1810 2537 1878 περὶ
2559 1806 2613 1862 δέ
2641 1796 2751 1862 τῶν
2771 1802 2934 1862 θείων
2960 1807 3148 1880 προσώ
3159 1826 3270 1861 πων
3289 1806 3382 1861 καὶ
3406 1804 3505 1877 τῆς
3520 1807 3725 1861 τούτων

2157 1897 2444 1969 ὑπάρξεως
2473 1899 2565 1953 τὸν
2579 1900 2733 1968 λόγον
2782 1897 3017 1954 ποιεῖται
3046 1917 3061 1933 ο
3089 1900 3169 1964 είς
3203 1899 3511 1972 μαρτυρίαν
3542 1901 3600 1955 δὲ
3632 1901 3723 1956 τοῦ

2152 1996 2248 2050 καὶ
2305 1995 2370 2049 ἐκ
2426 1988 2559 2048 Υἱοῦ
2609 1992 3029 2066 ἐκπορεύεσθαι,
3083 1994 3144 2049 τὸ
3210 1992 3313 2061 Ἐξ
3343 1988 3492 2065 ἐμοῦ
3536 1997 3727 2066 λήψε-

2150 2103 2266 2151 ται,
2288 2080 2482 2139 ἐλαϐεν
2500 2101 2515 2117 θ
2540 2086 2634 2139 και
2661 2078 2903 2140 διδάσκει
2924 2084 3015 2139 διὰ
3042 2086 3268 2152 τούτων,
3292 2086 3437 2141 οὕτω
3466 2084 3561 2140 τοῦ
3584 2087 3721 2141 θείου

2151 2172 2480 2243 Εὐαγγελίου
2505 2173 2726 2229 ἀκούειν
2751 2176 2815 2229 τό
2844 2190 2858 2205 ⁶
2890 2174 2995 2241 Ἓξ
3021 2172 3170 2244 ἐμοῦ
3199 2172 3484 2245 λήψεται,
3530 2174 3609 2240 ὡς
3637 2178 3726 2229 καὶ

2150 2264 2214 2321 ἐκ
2238 2258 2333 2321 τοῦ
2368 2266 2503 2320 Υίοῦ
2542 2262 2965 2338 ἐκπορεύεσθαι.
3001 2258 3113 2321 Καὶ
3146 2267 3228 2321 ἔτι
3261 2267 3319 2319 ἐν
3350 2268 3466 2331 τοῖς
3494 2266 3678 2331 αὐτοῖς
3708 2285 3721 2298 ·

2163 2358 2303 2413 ’Δλλ⁹
2331 2361 2449 2429 ἐρεῖ
2475 2378 2557 2424 τις
2588 2377 2601 2391 ·
2628 2357 2837 2415 Οὐκοῦν
2860 2372 3045 2429 φαμεν
3069 2354 3168 2413 δύο
3194 2354 3359 2422 Υίοὺς
3388 2354 3529 2413 εἶναι
3568 2378 3585 2427 ;
3622 2362 3729 2414 Kal.

2151 2452 2269 2517 πῶς
2293 2456 2321 2508 6
2342 2454 2691 2524 Μονογενήςς
2722 2448 2932 2507 Μενοῦν
2959 2470 3022 2522 γε
3048 2452 3111 2505 σὺ
3136 2452 3219 2517 τίς
3255 2446 3307 2508 εἴ
3337 2455 3365 2507 6
3397 2454 3730 2523 ἀντιλογιζό·

2153 2542 2420 2616 μενοςοτῷ
2441 2544 2559 2614 Θεῷ
2592 2563 2605 2611 ;
2634 2545 2696 2598 Ei
2736 2544 2843 2615 γὰρ
2870 2544 2958 2597 τὸν
2980 2540 3108 2598 Υίδν
3130 2538 3303 2611 καλεῖ,
3331 2545 3423 2599 τὸν
3453 2546 3512 2611 ἐξ
3540 2545 3728 2610 αὐτοῦ,

2151 2641 2210 2695 τὸ
2238 2641 2296 2695 δὲ
2340 2639 2498 2708 ἆγιον
2535 2630 2777 2706 Πνεῦμα,
2821 2638 2883 2690 τὸ
2935 2634 3066 2711 παρ’
3111 2640 3457 2710 ἀμφοτέρων,
3506 2640 3603 2693 καὶ
3662 2641 3730 2693 τὰ

2150 2734 2332 2789 λοιπά.
2370 2734 2479 2789 Καὶ
2512 2733 2591 2786 ἐτι
2628 2746 2643 2761 ·
2678 2731 2905 2803 Πνεῦμα
2960 2733 3135 2800 ἅγιον,
3198 2731 3417 2802 πνεῦμα
3471 2732 3734 2804 ἀληθείας

2151 2826 2289 2889 ἐστὶ,
2316 2825 2433 2893 φῶς
2477 2827 2658 2894 τρίτον
2690 2824 2845 2894 παρὰ
2872 2824 3086 2895 Πατρὸς
3116 2823 3257 2879 κατὰ
3292 2823 3447 2879 Υίοῦ.
3491 2825 3601 2877 Καὶ
3634 2820 3735 2878 αῦο

2152 2916 2236 2980 θις
2263 2932 2277 2946 ’
2317 2917 2416 2969 Ὃν
2442 2916 2551 2984 γὰρ
2575 2915 2778 2985 τρόπον
2810 2915 2986 2979 οὐδεὶς
3019 2912 3162 2977 ἔγνω
3195 2914 3286 2968 τὸν
3313 2910 3538 2985 Πατέρα
3578 2912 3626 2968 εί
3657 2916 3734 2987 μὴ

2150 3010 2179 3062 6
2208 3004 2359 3072 Υἱὸς,
2390 3007 2510 3063 οὐδὲ
2557 3007 2649 3062 τὸν
2697 3007 2828 3061 Υίὺν
2857 3008 2906 3061 εί
2934 3008 3011 3079 μὴ
3036 3009 3063 3061 6
3092 3006 3307 3077 Πατὴρ,
3336 3002 3483 3061 οὕτω
3550 3008 3736 3079 τολμῶ

2151 3103 2352 3170 λέγειν,
2376 3103 2458 3155 ὅτι
2492 3100 2703 3156 οὐδὲτὸ
2733 3099 2954 3170 Πνεῦμα
3007 3101 3057 3155 εί
3117 3100 3192 3171 μὴ
3223 3101 3250 3153 6
3314 3101 3503 3169 Πατὴρ
3550 3102 3644 3155 καὶ
3706 3102 3737 3154 6

464 3210 557 3246 ται
586 3193 643 3247 δέ
670 3194 698 3245 6
743 3193 1007 3263 Ἑρμείας
1034 3209 1047 3224 ·
1083 3194 1271 3259 Οὕτως
1304 3194 1483 3264 ἐγωγέ
1535 3215 1705 3269 φημι,
1727 3191 1772 3253 ὧ
1813 3199 1998 3269 ἑταῖρε
2025 3216 2041 3233 ο
2067 3194 2113 3261 C
2148 3195 2295 3262 Υίδς,
2324 3195 2453 3266 παρ’
2470 3193 2530 3249 οῦ
2558 3192 2938 3263 ἐκπορεύεται,
2995 3191 3092 3245 καὶ
3132 3189 3262 3261 παρ’
3321 3186 3383 3243 οῦ
3440 3187 3737 3258 λαμϐάνει.

468 3286 564 3340 καὶ
591 3287 620 3338 6
659 3284 929 3355 Κύριλλος
957 3286 1095 3356 πρὸς
1134 3284 1299 3341 αὐτόν
1324 3302 1337 3316 ⁸
1375 3286 1604 3358 Ὀρθῶς.
1652 3288 1782 3343 Ἰδοὺ
1825 3289 1919 3342 καὶ
1951 3289 2048 3342 αὑ-

465 3377 556 3440 τὸς
590 3378 721 3432 [διον
739 3377 837 3431 τοῦ
862 3377 995 3431 Υίοῦ
1023 3379 1084 3432 τὸ
1122 3378 1349 3449 Πνεῦμὰ
1381 3397 1516 3449 φησι
1540 3380 1631 3435 διὰ
1691 3380 1753 3434 τὸ
1811 3379 1879 3435 δι’
1912 3374 2046 3436 Υἰοῦ

465 3464 606 3524 εἶναι
637 3486 649 3498 ·
683 3469 753 3524 δι’
784 3470 914 3525 Υίοῦ
941 3471 1000 3524 δέ
1025 3472 1164 3537 ἐστι,
1195 3471 1283 3526 δια
1313 3471 1412 3543 τὴν
1464 3474 1771 3542 ταυτότητι
1804 3474 1902 3544 τῆς
1957 3473 2048 3526 ού-

469 3565 590 3628 σίας
626 3564 844 3636 Πατρδς
874 3566 967 3617 καὶ
998 3565 1131 3618 Υίοῦ
1166 3583 1180 3597 ο
1214 3567 1353 3620 ἀλλὰ
1399 3568 1490 3620 διὰ
1510 3569 1612 3635 τὴν
1642 3567 1813 3639 αὐτὴν
1842 3567 2049 3638 ταύτην

467 3658 563 3712 καὶ
594 3657 775 3712 πάντα
804 3658 872 3711 τὰ
900 3657 995 3711 τοῦ
1042 3659 1255 3729 Πατρός
1289 3662 1409 3713 ἐστι
1440 3660 1535 3714 τοῦ
1581 3660 1736 3726 Υίοῦ,
1772 3660 1912 3732 πλὴν
1956 3659 2048 3714 τοῦ

467 3747 609 3803 εἶναι
641 3749 832 3820 Πατήρ
860 3765 876 3780 ο
906 3747 1080 3814 οὕτως
1113 3751 1290 3820 ἐαυτῷ
1315 3750 1403 3804 διὰ
1431 3752 1647 3805 πάντων
1679 3755 1706 3805 6
1733 3752 2051 3816 διδάσκαλος

470 3845 775 3912 συμφωνεῖ.
804 3843 907 3899 Ἕν
934 3860 997 3912 γε
1030 3860 1141 3914 γαρ
1166 3845 1263 3896 καὶ
1285 3844 1345 3896 τὸ
1374 3844 1508 3897 αὐτὸ
1536 3844 1757 3914 Πνεῦμα
1817 3845 1883 3898 ἐκ
1936 3845 2050 3898 Πα-

471 3937 598 4005 τρδς
628 3935 696 3989 δι’
724 3934 855 3989 Υίοῦ
894 3936 1037 4001 ἐστι,
1077 3938 1176 4009 μιᾷ
1215 3936 1440 3991 πνεύσει
1472 3936 1745 4005 πάντωςῆ
1786 3935 2052 4007 ἐκπορεύ-

477 4042 559 4079 est
590 4044 604 4057 ο
640 4029 732 4081 καὶ
759 4028 848 4081 διὰ
877 4028 1038 4081 τοῦτό
1064 4046 1230 4095 φησιν
1282 4029 1464 4080 αὐτῶν
1514 4028 1644 4081 ἴδιον
1701 4022 1867 4090 εἶναι.
1922 4026 2054 4080 διότι

472 4121 541 4172 ἐκ
574 4119 784 4189 Πατρός
822 4122 937 4175 ἐστι
966 4120 1033 4174 δι’
1067 4120 1199 4173 Υίοῦ
1240 4137 1253 4153 ο
1281 4120 1438 4174 τοῦτο
1467 4121 1512 4175 δ’
1556 4122 1673 4174 ἐστὶ
1705 4121 1791 4176 διὰ
1830 4121 1891 4174 τδ
1921 4138 2053 4175 ταυ-

467 4303 669 4359 deinde
702 4302 859 4357 Pauli.
900 4303 1087 4369 verba,
1120 4302 1322 4373 quibus
1370 4319 1526 4374 mque
1561 4304 1682 4360 Filii
1722 4319 1847 4361 esse
1877 4303 2055 4375 Spiri-

472 4406 581 4460 tus,
612 4394 773 4450 sicuti
823 4402 881 4449 et
918 4394 1097 4449 Patris
1120 4438 1134 4460 ,
1174 4395 1461 4464 probatur.
1494 4395 1657 4451 Nulla
1703 4397 1851 4451 enim
1890 4396 2056 4454 dilic-

473 4488 649 4543 ren'tia
679 4499 783 4553 est,
824 4487 947 4543 Filii
982 4488 1269 4559 Spiritum,
1314 4490 1399 4545 vel
1434 4490 1613 4545 Patris
1658 4490 1764 4546 dici
1791 4508 1806 4556 ;
1834 4506 2057 4546 omnem

470 4584 619 4637 enim
657 4583 713 4636 in
774 4582 878 4637 hoc
932 4582 1302 4637 diﬂerentiam
1360 4584 1565 4639 Paulus
1617 4583 1921 4653 postponit.
1984 4582 2054 4637 At

474 4676 652 4735 Patris
682 4676 885 4731 dicitur
918 4675 1184 4745 Spiritus,
1216 4686 1474 4745 tanquam
1508 4690 1577 4730 ex
1605 4690 1669 4730 eo
1700 4673 2007 4744 procedens
2034 4691 2050 4731 :

472 4782 605 4836 ergo
626 4767 819 4822 eodem
849 4768 1011 4822 modo
1036 4767 1156 4821 Filii
1187 4781 1406 4837 quoque
1433 4766 1637 4823 dicitur
1677 4767 1939 4836 Spiritus.

548 4860 814 4917 Praeterea
871 4860 925 4914 in
994 4858 1378 4929 superioribus
1442 4862 1577 4915 satis
1639 4860 2048 4925 disseruimus,

473 4952 747 5021 quomodo
776 4950 983 5005 dicitur
1012 4951 1253 5020 Spiritus
1276 4950 1396 5006 Filii
1434 4950 1735 5006 secundum
1762 4950 2051 5016 doctores;

474 5044 783 5099 secundum
810 5043 959 5098 enim
986 5043 1265 5109 Basilium,
1302 5052 1560 5114 tanquam
1590 5058 1686 5113 per
1706 5042 1904 5097 Filium
1939 5057 2053 5095 ma-

476 5140 754 5195 nifestus:
808 5137 1113 5193 secundum
1153 5136 1470 5204 Maximum,
1511 5146 1771 5206 tanquam
1819 5150 1917 5206 per
1964 5135 2055 5190 Fi-

476 5233 613 5288 lium
664 5230 1009 5303 procedens:
1051 5228 1355 5287 Secundum
1393 5230 1585 5285 Patres
1646 5226 2050 5293 Occidentales,

480 5337 745 5397 tanquam
782 5338 849 5380 ex
901 5324 1040 5379 Filio
1090 5322 1417 5392 procedens.
1450 5322 1565 5377 Nec
1613 5323 1781 5393 igitur
1815 5320 2055 5392 Cyrillus

474 5421 579 5476 alia
636 5418 847 5474 ratione
882 5416 1133 5483 dixisset,
1175 5415 1441 5485 Spiritum
1494 5415 1618 5471 Filii
1669 5429 1794 5470 esse
1836 5421 1895 5468 et
1932 5412 2054 5467 Filii

478 5512 788 5585 proprium,
829 5526 992 5580 quam
1046 5511 1137 5566 alii
1176 5510 1320 5566 idem
1374 5524 1496 5563 cum
1537 5525 1603 5564 eo
1630 5508 1905 5577 sapientes
1958 5506 2057 5561 do-

477 5620 663 5662 etorcs
697 5608 969 5671 dixerunt,
1010 5617 1273 5675 tanquam
1294 5620 1361 5660 es
1400 5605 1538 5660 Filio
1565 5605 1797 5669 scilicet,
1819 5604 1934 5658 sive
1959 5618 2055 5671 [ιρι

482 5699 702 5762 Filium,
761 5695 1176 5765 procedentem.
1228 5695 1379 5751 Nihil
1444 5695 1592 5749 enim
1649 5694 1916 5759 interest,
1978 5691 2056 5746 Ex

490 5785 650 5850 Filio,
687 5786 789 5849 rel,
824 5786 925 5840 Per
958 5772 1161 5839 Filium
1198 5790 1402 5840 dicere.
1440 5786 1656 5840 Etmtitn
1690 5785 1807 5852 ipse
1838 5798 2059 5851 quoque

491 5890 640 5931 nunc
664 5873 838 5942 ponit,
881 5875 976 5943 Ex,
1018 5890 1162 5932 nunc
1195 5892 1311 5932 eam
1349 5885 1523 5931 mutat
1562 5878 1613 5932 iu
1654 5892 1764 5945 per,
1801 5886 2055 5944 tanquam

2162 3287 2324 3342 Ἀλλὰ
2355 3285 2685 3357 σημείωσαι,
2724 3286 2809 3339 ὅτι
2848 3285 2910 3336 τδ
2963 3282 3266 3354 λαμϐάνειν
3295 3280 3416 3335 ἀντὶ
3447 3279 3538 3335 τοῦ
3571 3281 3745 3335 tum

2152 3381 2406 3454 ρεύεσθαι
2433 3382 2461 3433 6
2482 3378 2637 3449 ἅγιος
2667 3368 2952 3443 ἐξεδέξατο
2982 3376 3262 3448 ἀνωτέρω.
3298 3372 3412 3429 Καὶ
3464 3373 3587 3428 ούδέ
3640 3374 3743 3428 τὸν

2153 3472 2282 3528 Υίδν
2308 3472 2403 3526 καὶ
2426 3471 2516 3526 τὸν
2538 3468 2761 3540 Πατέρα
2785 3468 2833 3521 εί
2857 3460 2935 3539 μὴ
2956 3467 3184 3538 Πνεῦμα
3230 3467 3292 3520 τὸ
3326 3466 3505 3534 ἅγιον,
3534 3465 3600 3519 τὺ
3651 3456 3743 3518 δο-

2152 3562 2312 3631 ξάζον
2342 3561 2579 3632 ἀληθῶς,
2609 3561 2671 3615 τὸ
2710 3560 2964 3615 διδάσκον
3019 3558 3088 3612 τὰ
3122 3558 3325 3623 πάντα,
3355 3554 3384 3611 6
3438 3556 3593 3627 παρᾶ
3637 3556 3743 3609 τοῦ

2152 3656 2366 3728 Πατρδς
2394 3655 2602 3711 καὶτοῦ
2625 3656 2687 3724 ἐξ
2708 3653 2866 3709 Υίοῦ.
2900 3654 2967 3707 Τί
2992 3654 3191 3740 γένοιτ’
3212 3653 3276 3707 ἂν
3304 3650 3515 3706 τούτων
3568 3649 3743 3719 σαφέο

2156 3767 2376 3822 στερον,
2398 3750 2452 3803 τί
2478 3749 2534 3804 δὲ
2556 3744 2946 3819 καθαρώτερον
2977 3763 2993 3812 ;
3036 3736 3110 3801 0Ῑῦ
3146 3736 3445 3817 διαρρήδην
3472 3739 3622 3799 οὗτοι
3649 3746 3744 3798 καὶ

2152 3844 2246 3897 τὸν
2273 3843 2404 3897 Υίὸν
2443 3840 2625 3896 αἰτίαν
2658 3839 2939 3895 ποιοῦνται
2983 3838 3078 3893 τοῦ
3128 3838 3482 3909 Πνεύματος;
3516 3835 3598 3894 Ολύ
3645 3837 3745 3891 καὶ

2156 3931 2216 3997 ἐξ
2237 3931 2728 3987 Υίοῦδιδὰσκουσιν
2750 3932 2882 3985 αὐτὸ
2912 3928 3317 3999 ἐκπορεύεσθαι
3344 3945 3359 3997 ;
3388 3928 3459 3983 Τί
3480 3922 3612 3996 οῦν;
3650 3928 3745 3998 βύ-

2158 4041 2323 4094 σομεν
2350 4024 2416 4076 τὰ
2439 4018 2557 4077 ὦτα
2595 4022 2732 4093 πρὸς
2762 4020 3032 4083 τοσαύτας
3074 4018 3185 4072 τῶν
3233 4014 3574 4073 διδασκάλων
3626 4037 3745 4086 φω-

2158 4117 2276 4184 νὰς,
2309 4114 2456 4171 οῦτω
2489 4115 2590 4186 μὲν
2639 4113 2805 4178 οὔσας
2840 4112 3066 4177 πολλὰς,
3102 4111 3245 4167 οὕτω
3276 4110 3335 4166 δέ
3371 4110 3547 4173 θείας,
3597 4111 3747 4164 οῦτω

2159 4303 2334 4359 amba:
2366 4317 2494 4356 vere
2531 4300 2639 4356 dici
2681 4298 2910 4369 possint.
2945 4295 3099 4353 Unde
3140 4296 3194 4351 in
3226 4294 3306 4351 eis
3338 4310 3461 4366 quae
3508 4294 3581 4349 ad
3622 4292 3745 4349 Pal-

2159 4392 2365 4448 ladium
2423 4393 2477 4446 in
2528 4390 2703 4446 forma
2734 4387 2932 4458 dialogi
2981 4386 3220 4443 scribit:
3276 4384 3556 4441 Muraliilis
3610 4400 3747 4439 vero

2162 4485 2410 4549 minime,
2446 4483 2644 4553 inquit,
2679 4491 2764 4537 est
2816 4474 3091 4550 Spiritus;
3140 4494 3265 4532 nam
3305 4478 3349 4532 si
3388 4478 3751 4532 Inutabilitati

2160 4576 2491 4646 subjaceret,
2524 4572 2624 4643 ipsi
2671 4571 2873 4626 divina:
2908 4580 3118 4625 natura:
3153 4571 3257 4625 iste
3290 4569 3539 4625 defectus
3562 4571 3755 4625 ascri-

2162 4666 2408 4720 berctur.
2464 4656 2747 4731 Siquidem
2785 4657 2878 4713 Dei
2907 4668 2963 4713 et
3001 4656 3204 4721 Patris,
3237 4669 3339 4711 nec
3371 4670 3479 4710 non
3515 4660 3573 4710 et
3616 4652 3757 4711 Filii

2160 4770 2262 4825 est,
2293 4758 2387 4827 qui
2414 4750 2781 4813 essentialiter
2819 4770 2884 4809 ex
2928 4762 3163 4822 utroque
3185 4793 3199 4816 ,
3230 4751 3441 4806 scilicet
3483 4760 3549 4804 ex
3584 4750 3760 4804 Patre

2161 4867 2260 4922 per
2299 4850 2521 4914 Filium,
2563 4840 2781 4917 prolluit
2833 4844 3092 4915 Spiritus.
3133 4832 3270 4898 item
3309 4842 3361 4896 in
3415 4841 3615 4911 quinto
3682 4842 3757 4895 ad

2162 4940 2464 5006 llermiam,
2497 4934 2731 4994 reddens
2767 4952 3009 5002 causam,
3049 4944 3153 4991 cur‘
3194 4934 3430 5003 Spiritus
3475 4932 3600 4989 Filii
3660 4933 3761 4987 di-

2162 5044 2320 5092 catttr
2358 5034 2620 5105 Spiritus.
2657 5032 2974 5102 Cuiusnam,
3014 5029 3215 5099 inquit,
3257 5030 3542 5100 proprium
3601 5028 3761 5084 dici-

2162 5143 2286 5183 mus
2318 5141 2441 5182 esse
2472 5124 2737 5195 Spiritum
2775 5122 3069 5177 sanctum?
3117 5119 3311 5176 Utrum
3342 5120 3517 5176 solius
3557 5118 3659 5176 Dei
3702 5132 3761 5176 et

2163 5219 2377 5277 Patris?
2419 5234 2487 5272 an
2518 5216 2680 5271 etiam
2716 5196 3048 5269 Filii?au.et
3078 5212 3395 5282 disjunctim
3425 5214 3761 5283 utriusque.

2164 5312 2416 5367 simulet
2452 5310 2765 5371 amborum,
2805 5317 3062 5375 tanquam
3106 5320 3276 5358 unum
3315 5319 3381 5358 ex
3439 5304 3604 5358 Patre
3655 5320 3763 5373 per

2166 5406 2363 5461 Filium
2422 5413 2645 5473 propter
2702 5398 3040 5455 identitatem
3099 5390 3393 5453 essentia?
3452 5390 3760 5466 Proprium

2166 5500 2352 5567 itaque
2378 5495 2498 5551 Filii
2549 5495 2665 5565 ipse
2704 5508 2926 5563 quoque
2958 5490 3225 5560 Spiritum
3262 5490 3421 5555 dicit,
3464 5491 3598 5559 quia
3651 5503 3758 5557 per

2168 5590 2364 5645 Filium
2400 5597 2505 5643 est.
2548 5587 2651 5642 Per
2678 5584 2879 5639 Filium
2934 5592 3117 5636 autem
3151 5591 3233 5635 est
3262 5590 3491 5651 propter
3546 5578 3763 5634 identi-

2170 5691 2335 5737 tatem
2365 5680 2636 5745 essentia),
2671 5676 2850 5732 Patris
2879 5675 3130 5729 videlicet
3160 5684 3216 5729 et
3248 5671 3393 5728 Filii.
3423 5675 3491 5727 At
3517 5682 3756 5743 propter

2168 5775 2415 5831 eamdem
2452 5774 2622 5842 ipsam
2647 5766 2841 5824 omnia
2873 5768 3035 5822 etiam
3065 5767 3239 5822 Patris
3272 5775 3398 5819 sunt
3442 5763 3594 5827 Filii,
3616 5783 3759 5835 prm-

2171 5883 2414 5941 tcrquam
2443 5868 2583 5938 quod
2618 5882 2722 5922 uou
2762 5866 2825 5919 ait
2856 5865 3031 5919 l‘atcr.
3056 5863 3130 5916 lta
3162 5861 3262 5916 sibi
3304 5860 3403 5930 ipsi
3428 5874 3526 5927 per
3565 5862 3751 5915 omnia
