3880 6220
523 386 630 454 599
1468 385 2008 452 ’BESSABIONIS
2044 392 2103 452 s.
2148 384 2218 451 R.
2266 390 2334 450 E.
2371 388 2844 457 CARDINALIS
3696 401 3805 472 6m

527 508 786 579 θεότητος
834 506 997 577 φύσις
1023 524 1038 539 ο
1099 506 1335 563 ἐνταῦθα
1394 508 1451 564 δὲ
1512 510 1599 562 διὰ
1650 512 1750 581 τῆς
1802 503 1899 564 τοῦ
1932 512 2113 581 Σωτῆ-
2140 510 2189 567 Α
2218 509 2322 563 ύπδ
2342 509 2436 563 τοῦ
2471 512 2745 582 Σωτῆρος,
2776 513 2876 584 τὴν
2911 511 3062 567 θείαν
3095 511 3237 567 εἶναι
3269 515 3443 586 λέγων
3478 518 3800 579 ὑπόστασιν.

527 615 622 670 ρος
676 599 880 668 φωνῆς,
937 599 1160 668 Πνεῦμα
1229 598 1414 669 ἅγιον,
1472 598 1641 654 αὐτοῦ
1692 618 1795 654 που
1854 601 1996 656 κατὰ
2050 601 2113 655 τὸ
2213 603 2357 657 οῦτω
2383 605 2549 675 φησὶν
2572 607 2629 659 ὲν
2656 604 2940 677 κεφαλαίῳ
2981 604 3041 661 οῦ
3068 608 3102 678 ἡ
3140 608 3422 681 ἐπιγραφή
3453 626 3469 642 ’
3507 611 3643 667 Ὅτι
3674 618 3809 669 θεία

527 691 725 761 ἀληθὲς
759 692 885 753 ταῖς
937 690 1048 743 τῶν
1103 691 1477 745 πιστευόντων
1539 692 1743 764 ψυχαῖς
1801 694 2112 762 ἐγκατοικε-
2210 700 2398 766 φύσις
2428 698 2494 753 τὸ
2519 699 2766 768 Πνεῦμα
2797 716 2813 731 ο
2852 700 3079 773 Πνεῦμα
3136 703 3247 773 γὰρ
3296 704 3374 776 τῷ
3422 705 3592 770 ζῶντι
3648 709 3795 779 Λόγῳ

523 780 706 846 ζοντὸς
735 798 794 835 τε
829 782 924 836 καὶ
978 784 1219 848 ὲνιέντος
1281 786 1343 839 τὸ
1396 786 1641 855 Πνεῦμα.
1687 787 1873 841 Ταῦτα
1931 788 2112 860 σαφὴς
2214 790 2661 860 συντεταγμένον
2713 791 2796 855 εἰς
2851 792 2914 846 τὸ
2967 792 3349 865 δημιουργεῖν,
3393 797 3550 861 ζῶσα
3570 799 3786 869 δύναμις

520 872 616 963 τοῦ
647 874 1017 955 προκειμένου
1046 876 1350 946 μαρτυρία.
1383 877 1730 949 Σαφέστερον
1762 877 1809 931 δ’
1835 873 1932 932 οὖν
1957 879 2111 949 ὅμως
2210 885 2305 938 καὶ
2325 883 2445 938 θεία
2473 883 2659 954 φύσις,
2697 885 2941 958 ἄρῤητος
2989 888 3048 955 ἐξ
3101 889 3346 960 ἀῤῥήτου
3379 892 3655 963 στόματος
3695 908 3782 947 πε-

519 962 600 1018 ἔτι
630 952 838 1035 προῖὼν
869 967 966 1020 καὶ
993 968 1247 1036 φανερῶς
1274 970 1303 1021 6
1332 970 1498 1033 αὐτὸς
1526 970 1747 1041 ἀναιρεῖ
1764 969 1827 1023 τὸ
1863 970 2110 1041 νομίζειν
2210 978 2431 1046 φηνυῖα,
2466 952 2895 1049 ὰρῤήτωςίἑαὲά
2928 952 3044 1051 τὴν⁷
3072 952 3382 1053 Epp-ticich
3416 952 3503 1045 εἰς
3557 952 3653 1039 τὸν
3700 988 3788 1041 ἂν·

518 1058 898 1110 ἀνυπόστατον
929 1059 1064 1128 ἡμῖν
1094 1058 1410 1128 πέμπεσθαι
1457 1061 1642 1132 χάριν,
1673 1061 1771 1115 καὶ
1824 1062 1895 1115 δι’
1934 1062 2109 1133 αὐτῆς
2209 1068 2429 1138 θρωπον
2482 1070 2896 1142 ἀπεσταλμένη,
2962 1072 3059 1126 καὶ
3116 1078 3261 1127 κατὰ
3322 1075 3414 1128 τὸν
3466 1081 3788 1145 σωματικῶς

517 1148 667 1219 ἡμᾶς
701 1148 1050 1217 ἀγιάξεσθαι.
1087 1154 1225 1223 Φησὶ
1271 1156 1379 1226 γάρ
1410 1172 1424 1187 ·
1487 1155 1635 1210 Navi
1680 1157 1749 1211 δὲ
1800 1158 1951 1214 Θεοῦ
2004 1157 2106 1212 ναι
2207 1162 2312 1215 ὑπὸ
2338 1162 2431 1215 τοῦ
2466 1164 2708 1234 Χριστοῦ
2743 1164 3024 1235 δειχθέντα
3048 1166 3221 1221 τύπον
3280 1164 3440 1231 αὖθις
3481 1168 3581 1222 ὑπ’
3630 1170 3790 1224 αὐτοῦ

514 1238 645 1310 μὴν·
665 1243 762 1295 καὶ
800 1243 924 1297 θεοὶ
958 1246 1326 1314 κεκλήμεθα,
1361 1249 1464 1302 καί
1514 1249 1723 1319 ἐσμεν.
1791 1250 1934 1304 Ἀνθ’
1980 1251 2105 1305 ὅτου
2206 1254 2277 1307 δι’
2304 1255 2668 1324 ὲμφυσὴσεως
2717 1257 3211 1331 ἀποκαθισταμένη
3250 1275 3265 1292 ·
3321 1260 3649 1331 συντρέχειν
3689 1262 3791 1331 γὰρ

517 1343 589 1423 γε
615 1332 701 1401 δὴ,
738 1333 916 1387 πύθου
947 1335 1056 1389 τῶν
1084 1336 1152 1390 δι’
1185 1339 1460 1403 ἐναντίας,
1496 1341 1656 1410 εἴπερ
1687 1341 1854 1410 ἐσμὲν
1885 1341 2102 1411 ἀληθῶς
2203 1347 2370 1417 δεῖτῇ
2404 1348 2716 1419 κατ’ἀρχὴν
2739 1351 3023 1422 καινότητι
3047 1352 3148 1421 τὴν
3167 1352 3532 1407 ἁνακαίνισιν’
3570 1356 3667 1407 καὶ
3692 1355 3788 1423 τὴν

512 1422 679 1517 gilii;
706 1427 802 1479 καὶ
822 1428 1199 1484 ἀνυποστάτου
1231 1433 1452 1502 χάριτος
1498 1434 1763 1504 μέτοχοι;
1804 1433 1945 1488 Ἀλλ’
2002 1435 2101 1506 οὐχ
2204 1441 2508 1512 συνδρομὴν
2554 1441 2903 1507 ὲξετύπωσεν
2937 1446 3290 1517 ὲμφυσήσας,
3321 1447 3418 1517 οὐχ
3479 1448 3671 1516 ἕτερος
3714 1422 3791 1499 ὧν

510 1507 614 1608 ὧδε
650 1515 786 1585 ἔχει.
819 1518 993 1571 Πόθεν
1028 1536 1043 1585 ;
1080 1521 1231 1575 Naol
1263 1522 1375 1591 γάρ
1434 1522 1623 1592 ἐσμεν
1673 1525 1781 1580 τοῦ
1824 1523 2003 1591 ὄντος
2039 1542 2102 1580 τε
2203 1507 2354 1601 παρᾶ
2528 1534 2589 1599 ἐξ
2635 1535 2816 1606 ἀρχῆς
2871 1507 3291 1608 ἔμιρυσήσαντα,
3348 1507 3465 1593 ἀλλ’
3515 1541 3545 1593 6
3577 1507 3787 1602 ἀύτὸς,

512 1606 1062 1677 καὶῠερεστηκότος
1084 1611 1463 1681 Πνεύματος.
1522 1615 1666 1669 Ἀλλ’
1727 1618 1790 1671 ἐκ
1843 1619 1943 1689 μὲν
2003 1618 2099 1673 τοῦ
2199 1621 2351 1675 διὀῦ
2374 1624 2506 1689 Θεὸς
2532 1624 2731 1678 δέδωκε
2755 1626 2855 1696 τὴν
2908 1606 3247 1695 ἐμφύσησιν,
3304 1628 3431 1682 τότε
3485 1628 3590 1696 μὲν
3648 1630 3788 1697 μετὰ

511 1698 653 1795 πρὸς
689 1700 956 1795 Ἑρμείαν
981 1702 1193 1795 πολλῶν
1222 1702 1416 1770 ὄντων,
1443 1705 1479 1759 ἃ
1513 1707 1540 1759 6
1572 1704 1901 1777 βουλόμενος
1954 1710 2098 1763 ἐκεῖ·
2197 1718 2401 1788 ψυχῆς,
2432 1718 2529 1771 νῦν
2548 1717 2605 1773 δὲ
2636 1720 2715 1782 εἰς
2739 1720 2943 1791 ψυχήν.
2974 1721 3133 1777 Οῦτω
3166 1725 3261 1776 καὶ
3299 1721 3460 1789 οὗτος
3508 1726 3538 1778 6
3616 1725 3789 1795 μέγας

512 1790 605 1843 θεν
630 1791 1007 1885 ᾇνξλεξάσθωτ
1036 1793 1269 1885 ἀρκέσει
1295 1798 1391 1849 καὶ
1425 1798 1601 1851 ταῦτα
1632 1815 1647 1832 ⁸
1679 1801 1737 1852 ἐν
1764 1799 1820 1853 δὲ
1837 1803 1902 1871 τῇ
1928 1803 2010 1865 εις
2036 1802 2096 1856 τδ
2130 1861 2169 1885 η
2201 1809 2397 1880 Πατὴρ
2424 1812 2595 1866 ταυτδ
2623 1813 2785 1867 τοῦτό
2810 1790 2944 1883 φησι
2974 1817 3089 1880 τοῖς
3124 1816 3401 1885 μαθηταῖς
3457 1790 3667 1872 ἐνιέναι
3699 1790 3788 1871 τὸν

511 1883 653 1980 κατὰ
697 1880 958 1980 ἷιωὰννην
990 1861 1252 1980 ἐρμενεῖᾳ
1282 1884 1369 1969 ¹ἔτι
1397 1886 1581 1965 πολλῷ
1606 1861 1902 1944 πλειόνων..
1924 1861 2095 1945 ὄντων
2130 1861 2169 1916 Β
2907 1907 3003 1961 καὶ
3031 1861 3109 1978 ei},
3124 1861 3312 1979 ἶιατξλ
3346 1861 3422 1971 (1:;
3448 1909 3515 1977 δη
3525 1861 3656 1979 μ.ιῷ
3665 1912 3792 1980 ργδν

509 1971 621 2071 τῶν
664 1972 744 2034 εἰς
806 1973 1031 2071 ταύτην-
1076 1976 1360 2071 φερεξντων
1417 1980 1517 2050 τὴν
1575 1980 1830 2049 ἔννοιαν,
1883 1984 1966 2047 τίς
2025 1984 2094 2039 ἂν
2200 1971 2615 2066 συνηριθμηται
2646 2015 2707 2051 τε
2738 1971 2834 2054 έαι
2866 1971 3266 2056 συντέτακται..
3294 2001 3457 2057 Ἀλλὰ
3503 1971 3676 2056 ἓοδτέ

511 2062 770 2165 ᾖτάνξων
802 2066 1150 2165 μνησοεζηνῆ
1202 2067 1312 2140 ὅτῳ
1353 2072 1567 2143 μεγάλη
1623 2075 1833 2144 σχολῆς
1902 2074 2095 2147 Ἡμεῖς
2196 2092 2309 2156 λον,
2325 2062 2409 2156 ’ὧς
2438 2062 2472 2163 ἢ
2502 2062 2597 2147 τοῦ
2631 2093 2789 2163 ἁγίου
2817 2093 3136 2164 animus;
3185 2097 3335 2150 ἐστιν
3368 2098 3677 2162 ὑπόστασις
3705 2062 3786 2165 εἰ)

508 2154 760 2261 albi-ft”
796 2160 1211 2261 ῖτροξεξμίςορξεν
1253 2164 1436 2261 μόνω»
1468 2165 1496 2219 δ
1526 2166 1586 2221 έν
1606 2259 1614 2261 Δ
1635 2165 1714 2237 τῷ
1746 2167 1896 2261 ρητῷ
1958 2186 2093 2241 φησι
2196 2154 2499 2250 ύπύστασίς
2531 2188 2639 2256 ἄρα
2670 2154 2765 2241 τοῦ
2787 2154 3228 2257 Πνεύματοςγκαὶ
3252 2191 3350 2260 τὴν
3376 2190 3469 2244 τοῦ
3491 2154 3785 2261 ἀνθρωπού

507 2248 608 2318 τῷ,
639 2252 724 2303 ὅτι
749 2254 861 2306 οὐκ
890 2253 961 2317 ἐξ
1010 2254 1298 2325 αἱμάτων.
1333 2258 1501 2327 Λέγει
1548 2259 1659 2331 γάρ
1692 2274 1706 2290 ·
1739 2260 1912 2332 Εἴπερ
1960 2262 2095 2327 Θεός

507 2340 625 2392 ἐστι
656 2343 753 2396 καὶ
776 2344 838 2395 ἐκ
862 2343 1001 2398 Θεοῦ
1044 2349 1190 2401 κατὰ
1221 2348 1385 2417 φύσιν
1418 2351 1477 2404 τὸ
1509 2350 1755 2422 Πνεῦμα,
1791 2346 1853 2407 οὗ
1891 2354 1955 2423 δὴ
1996 2354 2095 2408 καὶ

509 2431 794 2502 μετίσχειν
826 2435 917 2489 διὰ
957 2438 1198 2503 πίστεως
1228 2442 1328 2508 τῆς
1366 2443 1448 2505 εἰς
1486 2444 1727 2513 Χριστὸν
1770 2444 2091 2517 ἁξιούμεθα,

508 2522 622 2577 θεοὶ
648 2530 1086 2599 χρηματίζομεν,
1141 2531 1216 2595 ὼς
1246 2533 1349 2604 ήδη
1414 2536 1513 2589 καὶ
1568 2535 1704 2590 Θεὸν
1756 2536 1975 2608 ἔχοντες
2038 2539 2097 2591 ὲν

507 2618 748 2687 ἑαυτοῖς,
793 2622 932 2677 κατὰ
963 2624 1025 2677 τό
1050 2642 1064 2657 ο
1098 2625 1434 2694 Ἐνοικήσω
1452 2630 1523 2683 ἐν
1551 2632 1760 2698 αὐτοῖς
1789 2633 1887 2687 καὶ
1915 2633 2095 2704 ἐμπε-

499 2712 840 2779 ριπατήσω.
903 2717 1058 2774 Ἐπεὶ
1124 2721 1265 2775 κατὰ
1327 2721 1450 2775 τίνα
1504 2724 1711 2794 τρόπον
1769 2726 1886 2779 ναοὶ
1956 2726 2093 2780 Θεοῦ

505 2803 696 2874 ἐσμεν,
728 2808 777 2859 ει
811 2809 886 2876 μὴ
920 2808 1054 2874 Θεὸς
1083 2812 1146 2864 τὸ
1170 2813 1398 2885 Πνεῦμα
1426 2816 1570 2870 κατὰ
1599 2818 1768 2885 φύσιν
1789 2818 1942 2871 ἐστιν
1969 2833 1987 2883 ;

591 2897 753 2952 Ἀλλὰ
782 2900 878 2954 καὶ
903 2902 933 2955 6
964 2908 1139 2972 μέγας
1172 2906 1457 2971 Βασίλειος
1488 2911 1799 2980 συμφώνως
1832 2909 1910 2979 τῷ
1963 2908 2093 2980 θείῳ

505 2990 684 3057 τούτῳ
712 2992 889 3063 Πατρὶ
923 2994 985 3047 τό
1034 3012 1095 3048 τε
1143 2996 1204 3063 ἐξ
1268 2999 1444 3070 ἀρχῆς
1492 3000 1814 3070 ὲμφυσηθὲν
1874 3002 2095 3073 πνεῦμα

2197 2276 2425 2350 πρώτην
2448 2280 2851 2351 ἐδημιούργησε
2875 2280 3078 2337 πλάσιν
3110 2282 3199 2337 διὰ
3220 2283 3313 2336 τοῦ
3353 2284 3503 2341 θείου
3534 2286 3788 2354 ἑμφυσῆν

2201 2389 2391 2444 ματος,
2426 2376 2664 2438 καὶτοῖς
2705 2376 2981 2446 μαθηταῖς
3011 2375 3239 2447 ὕστερον
3285 2379 3523 2445 δέδοται,
3589 2381 3687 2433 καὶ
3724 2382 3787 2433 δι’

2197 2464 2380 2521 αὐτῶν
2430 2466 2548 2526 τοῖς
2588 2465 2943 2521 πιστεύουσιν
2976 2471 3151 2523 ἅπασι
3178 2483 3193 2499 °
3226 2472 3317 2523 καὶ
3340 2471 3479 2540 αῦτη
3534 2472 3568 2536 ἠ
3638 2472 3782 2541 παρα

2197 2555 2413 2627 Πατρδς
2455 2556 2523 2612 δι’
2556 2556 2708 2622 Υἱοῦ,
2732 2559 2830 2613 καὶ
2881 2560 2941 2625 ἐξ
2966 2560 3098 2614 Υιοῦ
3128 2561 3422 2631 λάμπουσά
3446 2579 3510 2617 τε
3532 2565 3631 2616 καὶ
3658 2566 3783 2618 dve-

2196 2646 2473 2712 ϐλύζουσα
2495 2662 2510 2677 °
2540 2646 2694 2726 ρῦτω
2718 2648 2829 2720 γάρ
2868 2666 3034 2719 φασιν
3071 2652 3121 2703 οἱ
3153 2650 3423 2720 Πατέρες.

2266 2737 2378 2795 Καὶ
2399 2741 2451 2794 τι
2472 2739 2637 2810 λέγω,
2671 2742 2911 2812 Πατέρες
2941 2761 2956 2809 ;
2997 2742 3209 2806 αὐτὸςὸ
3271 2744 3463 2815 Σωτὴρ
3511 2746 3646 2809 τοὺς
3664 2746 3767 2799 τού-

2194 2848 2305 2885 των
2332 2831 2526 2900 λόγους
2564 2834 3004 2905 ἑπισφραγῐζων,
3036 2835 3183 2889 τοῦτ’
3217 2837 3352 2890 αὑτό
3391 2854 3561 2906 φησιν
3622 2837 3774 2890 αὐτὸν

2197 2922 2462 2993 πέμψειν,
2492 2925 2521 2978 ὃ
2550 2928 2703 2995 παρά
2724 2926 2821 2980 τοῦ
2862 2928 3077 2999 Πατρδς
3097 2930 3492 2998 ἐκπορεύεται,
3535 2931 3633 2983 καὶ
3681 2930 3769 2983 οὐκ

2196 3012 2328 3068 ἄλλο
2358 3014 2460 3084 μὲν
2481 3016 2649 3071 αὐτὸν
2704 3018 2969 3089 πέμψειν,
3030 3020 3161 3074 ἄλλο
3204 3022 3260 3075 δὲ
3310 3022 3642 3093 ὲκπορεύειν
3686 3022 3771 3074 τὸν

507 3082 806 3156 ἀνθρώπῳ,
840 3086 900 3139 τό
928 3105 987 3141 τε
1024 3090 1081 3143 ὲν
1130 3092 1198 3161 τῇ
1266 3090 1609 3148 ἀνακαινίσει
1654 3096 1769 3160 τοῖς
1821 3095 2095 3168 μαθηταῖς
2196 3082 2438 3180 Πατέρα,
2471 3110 2664 3167 Ὅταν
2688 3082 3039 3184 γὰρξφησὶν,
3071 3112 3223 3184 ἔλθῃ
3267 3116 3303 3169 ὁ
3356 3082 3767 3183 Παλκὶωητος,

2111 3214 2158 3276 ο

510 3259 731 3376 Templa.
788 3279 1016 3376 71:"!qu
1076 3270 1374 3326 enistentis
1429 3281 1479 3327 et
1501 3274 1827 3331 subsistentia
1854 3276 2088 3347 Spiritus
2113 3259 2158 3276 v
2199 3309 2309 3358 tam
2331 3300 2559 3374 ﬁguram
2577 3319 2769 3362 ηπευε
2802 3305 2872 3362 ab
2910 3319 2977 3361 eo
2994 3321 3093 3376 per
3122 3304 3765 3371 sumaiionem'reddita;

507 3370 689 3408 sumus
719 3357 758 3411 ⁸.
821 3358 925 3413 Sed
987 3376 1055 3415 ex
1101 3364 1184 3419 eis
1243 3366 1489 3436 quidem,
1557 3384 1681 3439 qua:
1711 3370 1779 3425 ad
1814 3370 2091 3428 llermiam

508 3448 726 3515 scribit,
766 3465 890 3504 cum
928 3454 1095 3507 multa
1139 3458 1248 3511 sint
1304 3459 1449 3529 (qum
1475 3461 1568 3530 qui
1602 3462 1769 3528 volet,
1805 3462 1956 3517 illinc
1989 3463 2092 3521 sibi

507 3541 733 3611 eliget);
788 3544 903 3598 hazc
960 3546 1073 3599 sola
1122 3546 1413 3614 sulliciant,
1480 3567 1606 3606 eum
1639 3566 1827 3624 aperte
1858 3556 2094 3626 probent

510 3631 671 3695 illud,
727 3632 872 3702 quod
935 3636 1093 3691 nobis
1152 3640 1497 3708 propositum
1555 3654 1694 3699 erat.
1728 3646 1803 3701 Ex
1839 3646 2093 3716 plurimis

511 3732 720 3789 autem,
770 3739 892 3794 qnze
955 3726 1009 3779 in
1062 3730 1412 3797 expositione
1461 3734 1909 3804 superJoannem
1949 3736 2091 3793 idem

512 3816 710 3870 doctor
764 3816 1171 3887 elegantissime
1233 3823 1395 3887 dixit,
1453 3824 1585 3880 illud
1619 3842 1722 3882 nos
1759 3828 2094 3885 adducemus

514 3907 714 3972 aulum,
755 3908 902 3976 quod
955 3924 1123 3979 super
1180 3911 1325 3967 illam
1367 3915 1750 3979 auctoritatem
1778 3917 1954 3973 dicit:
1991 3919 2095 3984 Qui

515 4017 621 4054 non
680 4018 743 4055 ex
778 4003 1183 4073 sanguinibus’,
1242 4016 1350 4062 etc.
1396 4009 1487 4063 Ait
1518 4011 1668 4065 enim
1701 4010 1797 4067 :Si
1835 4009 1977 4068 Deus
2023 4026 2090 4068 ex

517 4092 630 4147 Deo
658 4094 961 4149 secundum
994 4105 1248 4151 naturam
1306 4111 1389 4155 est
1439 4100 1679 4171 Spiritus
1707 4142 1723 4170 ,
1776 4118 1888 4173 quo
1918 4114 1971 4159 et
1996 4120 2094 4174 per

518 4184 680 4239 Iidem
738 4187 792 4240 in
836 4186 1061 4242 Christo
1136 4189 1578 4260 participamus,
1648 4193 1725 4249 dii
1779 4210 1880 4251 nos
1926 4196 2090 4252 etiam

515 4279 803 4343 ellicimur,
868 4288 1128 4352 tanquam
1176 4283 1288 4353 jam
1348 4285 1405 4338 in
1474 4286 1632 4341 nobis
1664 4287 1799 4357 ipsis
1830 4288 2096 4347 habentes

514 4386 666 4435 eum,
694 4373 996 4427 secundum
1025 4373 1161 4429 illud
1195 4392 1209 4428 :
1254 4374 1569 4432 Inhabitabo
1592 4385 1641 4432 et
1676 4378 2017 4437 inambulabo
2041 4382 2097 4438 in

517 4465 591 4517 eis
623 4464 663 4518 ³.
696 4464 1055 4535 Quonamquo
1091 4467 1254 4525 modo
1302 4470 1502 4539 templa
1540 4471 1638 4527 Dei
1665 4487 1936 4539 essemus,
1990 4474 2095 4531 nisi

2196 3396 2496 3453 convenire
2519 3412 2757 3469 namque
2779 3398 2940 3455 decet
2958 3397 3226 3454 creationi
3251 3412 3445 3452 novam
3472 3396 3771 3468 reparatio-

2196 3503 2345 3544 nem.
2386 3487 2841 3547 Convenientiam
2876 3501 3060 3546 autem
3094 3489 3349 3560 ﬁguravit
3385 3490 3654 3551 sulllans.
3685 3489 3772 3559 qui

2196 3596 2306 3638 non
2322 3593 2407 3637 est
2428 3576 2569 3637 alius
2591 3590 2787 3651 praeter
2806 3582 2983 3647 illum,
3006 3581 3101 3652 qui
3131 3598 3161 3637 a
3195 3581 3471 3652 principio
3514 3580 3771 3643 suﬂlavit,

2194 3673 2291 3729 sed
2345 3670 2514 3741 idem,
2574 3687 2674 3743 per
2725 3687 2888 3743 quem
2920 3672 3067 3728 Deus
3098 3672 3356 3739 suillavit,
3393 3683 3510 3727 tum
3541 3673 3765 3741 quidem

2195 3779 2320 3821 cum
2351 3763 2557 3829 anima,
2586 3778 2734 3820 nunc
2754 3779 2885 3819 vero
2917 3763 2970 3819 in
3028 3764 3289 3820 animam.
3322 3763 3402 3818 lta
3434 3763 3527 3818 hic
3554 3778 3778 3833 quoque

2196 3856 2391 3912 doctor
2445 3857 2624 3926 ipsum
2670 3854 2938 3912 ‘eumdem
2993 3856 3259 3928 Spiritum
3310 3856 3387 3910 ait
3410 3856 3672 3911 emisisse
3700 3855 3779 3909 di-

2195 3946 2423 4015 scipulis
2452 3945 2637 4003 Jesum
2660 3988 2675 4014 ,
2701 3947 2797 4018 qui
2845 3947 2947 4017 ipsi
2978 3955 3035 4002 et
3073 3947 3221 4003 Patri
3269 3957 3533 4017 tanquam
3562 3955 3780 4003 creator

2196 4050 2626 4096 connumeratus
2660 4050 2718 4095 et
2756 4040 3086 4111 eonjunctus
3132 4050 3238 4096 est.
3288 4041 3407 4097 lloc
3469 4050 3660 4095 autem
3688 4055 3779 4109 ραι

2198 4144 2298 4197 tet.
2325 4134 2467 4205 quod
2496 4134 2614 4204 ipsa
2667 4134 2975 4206 hypostasis
3028 4134 3270 4205 Spiritus
3293 4142 3375 4189 est
3414 4149 3431 4191 :
3468 4132 3778 4206 igituripsa

2197 4228 2507 4299 hypostasis
2569 4226 2809 4296 Spiritus
2857 4235 2914 4280 et
2968 4225 3201 4295 primam
3234 4225 3658 4296 plasmationem
3682 4226 3777 4280 ho-

2196 4319 2365 4375 minis
2417 4334 2516 4390 per
2576 4317 2722 4373 illam
2768 4318 3011 4373 divinam
3039 4316 3407 4383 suillationem
3446 4320 3685 4381 creavit.
3725 4329 3776 4372 et

2197 4412 2486 4481 discipulis
2517 4420 2709 4482 postea
2743 4411 2870 4467 data
2900 4421 3004 4477 est,
3064 4423 3121 4468 et
3154 4428 3251 4483 per
3272 4426 3369 4468 eos
3393 4411 3773 4468 credentibus.

2197 4503 2267 4558 Et
2298 4503 2415 4559 haec
2458 4510 2562 4567 est,
2605 4516 2726 4570 qua:
2765 4517 2796 4556 a
2828 4501 2988 4558 Patre
3046 4518 3147 4573 per
3199 4501 3417 4569 Filium,
3448 4512 3505 4556 et
3544 4518 3616 4556 ex
3643 4500 3776 4556 Filio

520 4553 762 4666 §virige
784 4566 975 4666 3'3""?
1423 4558 1942 4666 ,θεειηδεεεηίεείιεῖυε
1969 4564 2093 4666 ξιυί-
2126 4581 2171 4636 ι)
2196 4553 2419 4666 3.053.;
2447 4553 2797 4659 gratia“,
2828 4553 3773 4662 ‘q“..;..:.;...;.‘.;.";;a;.est.

516 4644 641 4700 dem
675 4644 912 4718 Cyrillns
942 4649 1054 4704 haec
1077 4659 1133 4705 et
1190 4650 1276 4706 his
1312 4651 1511 4708 similia
1540 4652 1675 4709 dicit
1709 4671 1723 4709 :
1756 4654 2089 4712 audiendum

517 4748 699 4794 autem
732 4740 893 4795 etiam
922 4741 1082 4807 alios,
1115 4742 1344 4821 quidde
1368 4745 1558 4800 eadem
1589 4762 1647 4802 re
1682 4746 1889 4802 dicant.

587 4834 813 4906 Magnus
871 4837 1058 4907 itaque
1124 4837 1359 4893 Basilius
1402 4854 1646 4896 consona
1704 4843 1966 4911 praedicto
1996 4845 2094 4898 do-

511 4924 650 4980 ctori
713 4925 924 4987 dicens.
985 4935 1099 4983 tum
1169 4924 1434 4997 Spiritum
1487 4930 1693 5007 homini
1741 4946 1773 4986 a
1819 4933 2095 5005 principio

514 5015 814 5082 suillatum,
847 5026 963 5072 tum
1000 5034 1029 5072 a
1062 5017 1346 5075 Salvatore
1372 5019 1662 5090 discipulis
1682 5021 1891 5091 datum,
1922 5024 2093 5094 ipsam

517 5110 843 5183 hypostasin
903 5111 1143 5183 Spiritus
1203 5113 1374 5170 fuisse
1421 5116 1622 5171 asserit
1671 5123 1865 5171 contra
1912 5116 2097 5173 Euno-

516 5205 687 5260 minm
747 5206 801 5259 in
866 5205 1108 5275 capitulo
1162 5205 1251 5261 cui
1279 5206 1511 5263 titulus:
1546 5207 1709 5274 Quod
1750 5207 1993 5280 Spiritus
2016 5209 2101 5265 di.

511 5313 544 5352 v
570 5313 639 5352 na
679 5307 875 5353 natura
928 5308 1053 5352 est:
1086 5297 1326 5367 Spiritus
1369 5314 1629 5371 namque,
1685 5301 1961 5371 inquiens,
2021 5304 2099 5359 vi-

510 5388 659 5443 venti
719 5388 900 5445 Verho
953 5389 1019 5442 ad
1065 5390 1366 5445 creandum
1401 5389 1720 5462 adjunctus,
1752 5393 1944 5448 vivens
1978 5410 2085 5464 po-

511 5478 902 5545 tentia,divina
921 5488 1139 5543 natura,
1160 5479 1450 5536 inell'abilis
1479 5497 1542 5535 ex
1569 5497 1666 5538 ore
1694 5481 1956 5539 inell'ahili
1977 5501 2092 5540 ma-

513 5570 793 5637 nifestata,
821 5568 1172 5626 inen‘ahiliter
1193 5587 1292 5642 per
1328 5572 1692 5629 suillationem
1712 5574 1779 5629 ad
1813 5574 2089 5634 hominem

514 5666 702 5727 missa,
736 5675 789 5717 et
823 5665 1128 5722 secundum
1163 5668 1504 5736 corporalem
1534 5669 2092 5730 aChristomonstra-

2198 4688 2373 4759 prima
2429 4684 2674 4747 synodus
2737 4685 2790 4739 in
2844 4685 3082 4754 quodam
3113 4685 3237 4741 loco
3266 4685 3333 4740 de
3360 4684 3569 4754 Spiritu
3600 4685 3774 4739 dicit:

2192 4779 2348 4847 Quod
2364 4776 2612 4848 procedit
2638 4775 2859 4847 quidem
2879 4793 2907 4830 a
2928 4776 3106 4843 Patre,
3130 4777 3385 4846 proprius
3417 4785 3607 4831 autem
3657 4775 3777 4831 Filii

2195 4878 2301 4935 est,
2333 4878 2389 4924 et
2418 4884 2482 4923 ex
2513 4884 2578 4923 eo
2598 4875 2835 4922 emanat.
2868 4866 3049 4935 Ipsum
3080 4868 3226 4922 enim
3264 4867 3541 4933 eumdem,
3567 4868 3667 4938 qui
3694 4883 3777 4936 ἶει

2200 4962 2358 5016 Patre
2411 4960 2679 5033 procedit,
2706 4973 2771 5012 ex
2805 4957 2944 5013 Filio
2994 4974 3251 5014 emanare
3309 4960 3462 5014 aiunt
3515 4961 3551 5014 ii
3590 4973 3777 5031 patres

2265 5053 2333 5107 Et
2354 5051 2487 5122 quid
2518 5052 2661 5116 dico,
2698 5052 2921 5119 patres?
2942 5050 3061 5120 ipse
3093 5051 3345 5106 Salvator
3366 5053 3511 5108 dicta
3542 5054 3778 5109 istorum

2196 5144 2445 5200 omnium
2506 5144 2841 5215 approbatis,
2896 5142 3052 5198 illum
3103 5144 3358 5199 eumdem
3400 5146 3781 5215 polliceturse

2196 5233 2485 5303 discipulis
2516 5233 2836 5300 missurum,
2865 5234 2959 5303 qui
3007 5248 3037 5287 a
3075 5233 3234 5288 Patre
3267 5235 3519 5304 procedit
3548 5253 3561 5299 ;
3592 5248 3650 5290 et
3674 5252 3785 5291 non

2196 5340 2320 5382 esse
2379 5325 2546 5381 alium
2611 5325 2705 5395 qui
2759 5340 2788 5379 a
2814 5326 2978 5381 Patre
3010 5328 3280 5396 procedit,
3310 5343 3470 5397 quem
3507 5327 3629 5398 ipse.
3657 5328 3783 5382 mil-

2198 5427 2314 5473 tet:
2348 5419 2479 5473 Cum
2501 5420 2722 5482 venerit.
2750 5421 2948 5489 inquit.
2979 5420 3313 5485 Paracietus,
3345 5438 3499 5491 quem
3530 5439 3631 5493 ego
3658 5424 3781 5475 mit-

2199 5521 2310 5565 tam
2340 5512 2501 5577 vobis,
2537 5511 2768 5581 Spiritus
2801 5512 3066 5577 veritatis,
3100 5515 3193 5583 qui
3215 5532 3246 5567 α
3279 5512 3442 5566 Patre
3468 5516 3709 5583 procedit
3736 5516 3778 5569 ⁵.

2199 5604 2311 5659 Ηυο
2350 5605 2497 5659 enim
2537 5600 2651 5675 ipsi
2685 5621 2905 5675 quoque
2934 5605 3273 5677 grammatici
3308 5606 3414 5662 hoc
3454 5608 3618 5661 niudo
3651 5622 3779 5662 eun-

2201 5708 2485 5755 struerent
2520 5718 2532 5757 ;
2569 5698 2709 5755 Cum
2748 5699 2958 5755 venerit
2990 5698 3250 5769 Spiritus,
3294 5698 3385 5767 qui
3408 5715 3438 5753 a
3467 5699 3777 5771 Patrepro-

590 5845 606 5877 '
642 5842 658 5896 l
694 5846 820 5901 Cor.
857 5863 937 5914 ιιι,
978 5849 1060 5903 l6.
1143 5851 1341 5907 'Joan.
1377 5870 1412 5922 ι,
1464 5854 1549 5909 l5.
1630 5856 1647 5886 ⁸
1687 5860 1860 5917 Levii.
1933 5872 2074 5922 XXVI,
2125 5856 2221 5921 12;
2254 5856 2295 5912 ll
2324 5857 2449 5914 Cor.
2479 5874 2549 5923 γι,
2596 5860 2674 5915 l6.
2755 5859 2773 5891 ⁸
2800 5858 2953 5915 Joan.
2988 5874 3076 5919 xv.
3110 5858 3198 5914 26.
