3880 6220
107 357 185 419 ιιι

1033 335 1316 412 ORATIO
1357 351 1803 412 DOGMA'I‘ICA
1851 352 2002 411 PRO
2048 350 2369 411 UNIONE.

3249 357 3355 418 602
3431 439 3440 450 κ

103 476 160 528 ὃν
188 473 300 543 ἐγὼ
329 469 546 540 πέμψω
585 469 730 539 ὑμῖν
753 448 915 537 παρὰ
941 469 1047 522 τοῦ
1072 471 1322 538 Πατρός,
1358 469 1424 522 τὸ
1483 470 1673 523 Ιινεῦ-
1703 476 1750 533 Α
1784 469 2100 540 Πνεύματος
2129 469 2360 538 νοοῦμεν
2404 468 2721 534 ὑπόστασιν,
2765 470 2859 524 καὶ
2890 470 2952 524 τὸ
2999 471 3358 542 πεμπόμενον

99 584 167 635 μα
189 566 300 633 τῆς
323 565 634 631 ἀληθείας,
671 562 704 616 ὃ
735 562 895 632 παρὰ
927 562 1034 616 τοῦ
1066 563 1299 631 Πατρός
1347 563 1670 630 ἐκπορεύε-

101 656 404 713 ται.‹Τοῦτο
430 656 487 708 δὲ
525 658 620 708 καὶ
665 655 1080 723 γραμματικῶν
1139 655 1328 718 παῖδες
1377 653 1550 716 οὑτως
1597 651 1670 706 ’ἂν

99 753 294 803 εἴποιεν
320 765 337 780 ⁸
368 747 542 803 Ὅταν
571 747 700 818 ἔλθῃ
738 748 767 800 ὁ
826 746 1207 816 Παράκλητος,
1253 746 1325 810 ’ὃς
1369 746 1523 816 παρὰ
1571 745 1668 800 τοῦ

98 844 297 913 Harpe:
323 840 712 913 ἐκπορεύεται,
743 839 806 892 ὃν
829 839 940 907 ἐγὼ
962 839 1165 909 πέμψω
1193 840 1323 910 ὑμῖν
1358 855 1371 869 ·
1397 840 1474 902 ὡς
1526 835 1669 892 εἶναι

95 934 240 1002 δῆλον
267 932 436 986 ταυτὸ
465 930 627 985 τοῦτο
652 930 890 1000 πέμψειν
913 930 1101 996 αὑτὸν,
1133 929 1162 983 ὑ
1226 929 1380 1001 παρά
1417 929 1514 984 τοῦ
1559 930 1670 982 Παε-

95 1024 206 1091 τρὸς
231 1022 615 1093 ἐκπορεύεται.
651 1021 716 1076 El
762 1017 858 1075 οὖν
890 1023 924 1091 ὴ
960 1021 1262 1085 ὑπόστασις
1284 1021 1378 1074 τοῦ
1411 1021 1687 1090 Πνεύμαο·

94 1133 176 1177 τος
209 1117 360 1185 παρὰ
412 1114 508 1168 τοῦ
556 1114 775 1185 Πατρὸς
817 1113 1202 1182 ἐκπορεύεται,
1245 1115 1452 1184 ταύτην
1498 1116 1593 1167 καὶ
1635 1116 1665 1167 ό
1705 1171 1714 1182 ,

97 1207 211 1270 Υἱὸς
241 1209 449 1276 πέμπει
477 1223 492 1238 ο
517 1206 570 1259 ει
597 1206 654 1258 δὲ
691 1207 855 1275 χάριν
909 1208 937 1258 ό
973 1205 1100 1268 Υἱὸς
1137 1205 1348 1275 πέμπει
1397 1205 1496 1276 τὴν
1539 1206 1667 1258 ἀνυ-

95 1299 374 1361 πόστατον,
396 1299 498 1352 καὶΙ
531 1315 603 1351 πα
614 1297 685 1368 ρὰ
717 1297 811 1350 τοῦ
843 1298 1058 1368 lippo;
1083 1300 1145 1351 οὑ
1169 1299 1230 1350 τὸ
1256 1296 1507 1368 Πνεῦμα,
1541 1297 1659 1352 ἀλλ’

94 1389 302 1458 ἠχάρις
345 1387 413 1442 ἂν
444 1387 823 1458 ὲκπορεύοιτο.
862 1389 1026 1441 Ἀλλά
1080 1387 1243 1442 τοῦτό
1282 1406 1346 1457 γε
1399 1389 1538 1458 πρὸς
1583 1389 1664 1460 τῷ

92 1481 384 1550 άδιανοήτῳ
411 1483 505 1533 καὶ
538 1480 890 1551 βλάσφημον.
938 1482 1094 1534 Ἐπεὶ
1113 1482 1224 1550 γὰρ
1263 1481 1387 1536 καθ’
1418 1483 1536 1546 ἑνὸς
1566 1483 1662 1536 καὶ

91 1570 174 1624 τοῦ
204 1571 372 1625 αὑτοῦ
400 1571 769 1640 ὑποκειμένου
797 1571 893 1625 τοῦ
923 1571 1236 1641 Πνεύματος
1271 1571 1364 1626 δύο
1384 1573 1508 1626 τινὰ
1557 1589 1660 1628 κα·-

91 1664 470 1734 τηγοροῦνται,
500 1664 564 1717 τὸ
594 1663 998 1732 ἐκπορεύεσθαι
1058 1682 1120 1718 τε
1171 1665 1267 1720 καὶ
1321 1665 1659 1737 πέμπεσθαι,

89 1755 228 1807 ὠσὰν
251 1754 342 1824 ἐφ’
375 1754 503 1818 ἑνὸς
535 1755 644 1807 τῶν
671 1754 1165 1826 κατηγορουμένων
1203 1755 1266 1808 τὸ
1300 1754 1660 1826 ὑποκείμενον

1772 561 1872 632 τὴν
1891 562 2062 627 αὐτὴν
2092 562 2236 614 νοεῖν
2290 560 2585 631 ὀφείλομεν
2613 576 2628 591 ·
2671 560 2734 615 τὸ
2783 563 2891 631 γὰρ
2947 563 3124 627 άλλως
3172 563 3360 633 λᾶγειν

1771 654 1900 707 ἄνευ
1922 654 2021 722 τῆς
2048 653 2155 706 ἀπὸ
2178 653 2290 707 τῶν
2319 653 2494 722 λόγων
2525 654 2798 724 ἀνάγκης,
2836 655 2930 707 καὶ
2959 654 3020 708 τὸ
3055 655 3156 725 μὶν
3185 658 3358 709 ἐκπο-

1775 745 2031 816 ρεύεσθαι
2063 746 2165 814 τὴν
2198 745 2502 800 ὑπόστασιν
2531 747 2830 817 ἀπονέμειν
2856 745 2951 800 τοῦ
3013 746 3355 815 Πνεύματος,

1769 837 1867 908 τὴν
1895 837 1951 890 δὲ
1979 838 2140 908 χάριν
2165 837 2244 907 τῷ
2265 837 2611 907 πέμπεσθαι,
2645 839 2855 907 ἀλόγως
2887 839 3356 909 ἁποκληρούντων

1769 933 1939 991 ἐστίν.
1985 931 2147 986 Ἀλλά
2169 932 2326 986 τοῦτό
2343 949 2409 1001 γε
2440 934 2540 986 οὑκ
2567 933 2633 987 ἄν
2661 950 2748 996 τις
2783 933 3172 1004 παραδέξαιτο.
3205 933 3355 999 Πέμ-

1768 1038 1932 1076 πεται
1962 1022 2070 1088 ἄρα
2104 1021 2257 1090 παρά
2283 1023 2378 1074 τοῦ
2410 1021 2570 1085 Υιοῦ,
2595 1022 2714 1088 ἥτις
2746 1020 2844 1073 καὶ
2897 1019 3050 1089 παρά
3112 1017 3208 1071 τοῦ
3243 1018 3357 1070 Πα-

1767 1110 1898 1181 τρὸς
1961 1111 2058 1164 τοῦ
2129 1111 2451 1179 ιινεύματος
2505 1101 2800 1172 ὑπόστασις
2855 1106 3234 1175 ἐκπορεύεται,
3278 1106 3356 1170 ὡς

1766 1205 1878 1258 ἀπό
1900 1220 1959 1256 τε
1984 1203 2092 1256 τῶν
2111 1203 2308 1272 λογίων
2334 1203 2574 1272 ἐδείχθη,
2602 1203 2716 1256 άπό
2741 1219 2801 1254 τε
2851 1200 2962 1255 τῶν
2987 1199 3350 1253 διδασκάλων.

1769 1296 1934 1350 ’Ὥστε
1951 1297 2047 1349 καὶ
2068 1296 2132 1360 τὸ
2154 1297 2218 1348 ὲκ
2237 1295 2333 1349 τοῦ
2366 1295 2498 1350 Υἱοῦ
2526 1295 2819 1364 λεγόμενον
2853 1293 2955 1365 τὴν
2983 1291 3078 1345 τοῦ
3105 1290 3354 1360 Ιινεύμα-

1767 1405 1862 1452 τος
1919 1389 2220 1444 ὑπόστασιν
2275 1391 2417 1442 νοεῖν
2466 1389 2688 1442 δίδωσιο
2752 1387 2858 1441 κᾶν
2907 1385 3202 1458 πηγάξειν,
3248 1385 3354 1438 κᾶν

1765 1480 2108 1551 πέμπεσθαι,
2135 1480 2290 1551 παρὰ
2338 1478 2434 1533 τοῦ
2470 1479 2600 1534 Υἱοῦ
2643 1479 2705 1532 τὸ
2763 1479 2985 1542 Πνεῦμα
3031 1478 3350 1545 ἀκούωμεν,

1762 1571 1861 1642 τὴν
1885 1571 2036 1625 θείαν
2062 1569 2275 1624 ἐκείνου
2335 1573 2478 1624 νοεῖν
2519 1571 2820 1637 ἀναγκαῖον
2869 1569 3192 1621 ὑπόστασιν.
3226 1565 3351 1630 Πῶς

1763 1662 1809 1716 δ’
1829 1663 1898 1716 ἂν
1923 1662 2103 1726 άλλως
2126 1664 2159 1732 ἡ
2183 1661 2278 1715 τοῦ
2304 1660 2624 1730 Πνεύματος
2653 1659 2775 1719 θεία
2805 1659 3106 1722 ὑπόστασις
3162 1659 3227 1710 ὲκ
3253 1655 3350 1744 τοῦ

1765 1755 1920 1819 Υῑοῦ,
1961 1756 1994 1826 ἢ
2035 1757 2188 1826 παρά
2221 1755 2320 1808 τοῦ
2350 1753 2482 1807 Υἰοῦ
2515 1752 2626 1824 εἴη,
2682 1753 2716 1822 ἢ
2749 1750 3130 1816 άναὸλύσειεν,
3166 1750 3201 1821 ἢ
3246 1766 3352 1819 πη-

87 1845 234 1900 τοῦτο
264 1846 646 1917 λαμϐάνεσθαι
670 1847 771 1912 δεῖ,
802 1847 977 1911 οὕτως
998 1849 1214 1918 ἀνάγκη
1270 1848 1368 1903 καὶ
1410 1849 1502 1902 ἐπὶ
1561 1846 1657 1901 τοῦ
1688 1837 1733 1895 Β
1764 1849 1976 1916 γάσειε,
2013 1846 2089 1917 μὴ
2117 1845 2335 1917 εχοντος
2365 1845 2574 1899 ἐκεῖνον
2617 1843 2804 1898 αἰτίαν
2838 1859 2857 1910 ;
2891 1842 3124 1912 σύνορᾷν
3175 1838 3349 1910 ἔγωγ’

88 1940 267 2012 ἑτέρου
289 1940 587 2012 ληφθῆναι.
623 1943 685 1996 Ei
707 1940 801 1996 οὖν
836 1940 900 1996 τὸ
925 1941 1366 2013 ἐκπορευόμενον
1411 1941 1513 2010 τὴν
1567 1940 1716 2022 si

89 2099 246 2166 cedit,
283 2115 442 2169 quem
473 2113 576 2170 ego
597 2100 811 2166 mittam
864 2100 1065 2156 vobis:
1101 2107 1162 2154 ut
1191 2099 1545 2158 manifestum
1582 2101 1655 2158 sit

90 2191 283 2260 ipsum,
321 2190 374 2246 id
423 2201 526 2257 est,
573 2190 772 2246 Filium
823 2193 1140 2259 missurum,
1167 2192 1313 2262 quod
1343 2203 1400 2248 et
1434 2209 1464 2248 a
1494 2194 1653 2249 Patre

88 2285 350 2352 procedit.
400 2283 457 2338 Si
514 2283 683 2354 igitur
728 2299 960 2352 persona
996 2283 1234 2353 Spiritus
1261 2300 1291 2339 a
1323 2285 1483 2339 Patre
1519 2301 1650 2353 pro-

83 2376 244 2440 cedit,
287 2375 477 2430 eadem
530 2374 694 2429 etiam
725 2389 756 2428 a
801 2372 941 2428 Filio
973 2375 1230 2429 mittitur.
1255 2373 1411 2442 Quod
1451 2373 1497 2428 si
1531 2389 1653 2444 gra-

83 2466 207 2518 tiam
238 2464 410 2519 Filius
435 2479 547 2519 non
574 2464 964 2519 subsistentem
1002 2464 1191 2532 mittit,
1223 2480 1254 2519 a
1285 2464 1446 2519 Patre
1483 2464 1650 2518 etiam

80 2573 182 2612 non
239 2571 497 2625 persona,
547 2555 640 2611 sed
697 2556 875 2626 gratia
924 2557 1194 2628 procedit.
1257 2554 1365 2611 Sed
1390 2557 1493 2611 hoc
1519 2571 1649 2612 cum

79 2651 329 2716 stultum,
381 2657 496 2702 tum
543 2649 769 2719 impium
809 2658 895 2704 est
950 2648 1155 2704 dicere.
1211 2648 1349 2705 Cum
1401 2648 1550 2704 enim
1581 2648 1650 2706 de

82 2759 184 2798 uno
247 2751 311 2798 et
356 2745 547 2798 eodem
595 2742 866 2813 subjecto,
927 2741 1190 2797 videlicet
1242 2741 1478 2812 Spiritu,
1540 2740 1651 2798 duo

78 2839 327 2906 quazdam
376 2834 768 2905 praedicantur,
829 2833 1133 2902 procedere
1162 2834 1377 2890 scilicet
1397 2844 1451 2889 et
1479 2835 1643 2904 mitti,

77 2927 262 2981 eodem
331 2925 493 2980 modo
551 2925 933 2994 accipiendum
969 2923 1281 2993 subjectum
1313 2925 1382 2980 de
1415 2927 1649 2996 utrbque

78 3015 392 3090 praedicam.
444 3018 500 3073 Si
545 3019 714 3089 igitur
772 3017 1090 3089 hypostasin
1167 3015 1408 3085 Spiritus
1455 3033 1649 3089 procc-

75 3112 197 3166 dere
258 3108 646 3179 intelligimus,
691 3109 940 3164 eamdem
964 3107 1134 3162 etiam
1165 3107 1310 3162 mitti
1341 3109 1680 3186 intelligere‘

75 3201 346 3256 debemus
403 3218 418 3256 :
467 3200 630 3254 aliter
688 3198 838 3254 enim
905 3199 1091 3254 dicere
1136 3197 1347 3269 absque
1405 3200 1643 3269 ratione,

77 3295 272 3349 nullam
337 3291 718 3362 probationem
789 3291 1158 3358 adducendo,
1233 3301 1289 3347 et
1345 3291 1648 3362 procedere

1773 1941 1872 1994 οὑκ
1889 1939 2021 2010 ἔχω.

1757 2097 1844 2152 vel
1901 2112 1969 2152 ex
2036 2105 2294 2168 utroque,
2358 2095 2830 2166 quemadmodum
2879 2095 2959 2150 ait
3005 2094 3265 2151 Christus
3328 2111 3346 2150 :

1757 2188 1859 2255 Qui
1880 2204 1945 2243 ea:
1973 2187 2133 2243 Putre
2164 2189 2478 2258 procedit,et
2531 2189 2614 2242 hic
2643 2203 2708 2244 ea:
2733 2203 2849 2242 meo
2876 2188 3120 2258 accipiet.
3154 2187 3224 2242 Et
3248 2201 3346 2258 pa-

1757 2287 1832 2334 tet
1857 2278 2005 2349 quod
2035 2279 2125 2334 hic
2149 2278 2330 2333 dictor
2363 2292 2474 2332 non
2498 2277 2568 2332 de
2599 2277 2998 2332 distributione
3029 2278 3345 2334 charisma-

1761 2381 1899 2440 tum,
1930 2371 2000 2427 de
2034 2371 2246 2427 divinis
2283 2381 2476 2426 autem
2505 2371 2764 2437 personis
2784 2378 2842 2425 et
2863 2370 3235 2425 subsistentia
3266 2384 3340 2426 eo

1755 2481 1876 2519 rum
1924 2465 2193 2535 loquitur.
2246 2463 2308 2520 In
2363 2464 2743 2519 testiinonium
2791 2477 2922 2520 vero
2965 2471 3022 2518 et
3066 2461 3350 2533 probatio-

1754 2573 1904 2624 nem,
1967 2557 2116 2629 quod
2175 2555 2423 2627 Spiritus
2464 2571 2534 2611 ex
2585 2555 2729 2612 Filio
2785 2570 3010 2627 quoque
3068 2556 3344 2627 procedit,

1753 2648 1901 2704 illam
1946 2645 2332 2702 auctoritatem
2390 2643 2619 2700 adducit
2680 2662 2694 2698 :
2758 2644 2842 2699 Ea:
2894 2660 3009 2699 meo
3078 2645 3346 2715 accipiet-

1752 2741 1980 2803 docens,
2024 2747 2084 2794 ut
2132 2753 2258 2794 cum
2297 2736 2587 2793 audiamus
2616 2738 2672 2792 in
2703 2739 3013 2810 Evangeliis
3047 2739 3342 2796 Dominum

1752 2835 2031 2890 dicentem
2094 2833 2164 2889 de
2215 2832 2448 2903 Spiritu,
2510 2833 2658 2903 quod
2718 2847 2786 2886 ex
2841 2848 2910 2890 eo
2957 2832 3229 2905 accipiet,
3266 2834 3343 2892 ita

1750 2925 2151 2995 intelligamus,
2207 2939 2273 2979 ac
2343 2925 2388 2978 si
2449 2924 2703 2993 diceret,
2765 2940 2834 2982 ex
2911 2939 2981 2981 eo
3034 2925 3344 2996 procedere

1749 3017 2017 3088 Spiritum
2071 3025 2345 3072 sanctum.
2395 3015 2541 3072 Idem
2597 3017 2657 3072 in
2726 3017 2986 3074 eisdem:
3019 3019 3129 3077 Sed
3194 3019 3346 3079 dicet

1749 3113 2046 3184 quiSpiam.
2119 3108 2264 3181 Ergo
2317 3109 2454 3180 duos
2531 3107 2707 3166 Filios
2769 3124 2894 3165 esse
2945 3110 3221 3168 dicimus?
3273 3114 3344 3173 Et

1748 3202 2029 3272 quomodo
2067 3209 2154 3257 est
2207 3199 2568 3271 unigenitus?
2616 3200 2687 3256 At
2731 3201 2984 3272 quisnam
3035 3221 3096 3262 es
3123 3213 3202 3275 tu,
3245 3210 3342 3276 qui

1750 3298 2088 3354 contradicis
2135 3297 2288 3354 Deo?
2346 3296 2401 3353 Si
2431 3297 2578 3354 enim
2608 3297 2807 3354 Filium
2841 3300 3110 3370 nominat,
3148 3304 3245 3374 qui
3267 3320 3358 3360 ex.

78 3386 325 3454 quidem,
357 3385 632 3456 hypostasi
667 3383 905 3454 Spiritus
938 3385 1266 3451 attribuere,
1327 3385 1470 3440 mitti
1495 3399 1645 3453 vero,
1680 3406 1730 3468 ρ
1758 3392 1940 3458 Patre,
1983 3389 2254 3461 Spiritum
2313 3403 2445 3444 vero
2498 3398 2776 3456 sanctum,
2835 3393 2929 3462 qui
2984 3409 3052 3449 ex
3081 3403 3338 3466 utroque,

86 3480 251 3547 gratiae
323 3493 432 3532 non
489 3475 834 3542 subsistenti,
870 3477 976 3531 hoc
1002 3475 1322 3544 ridiculum,
1356 3476 1652 3532 irrationa-

85 3569 195 3634 bile,
240 3578 306 3623 et
337 3566 708 3623 voluntarium
735 3577 841 3633 est,
881 3577 938 3622 et
963 3567 1108 3637 quod
1143 3568 1329 3622 nullus
1355 3567 1649 3624 concedet.

81 3660 309 3714 Mittitur
353 3660 524 3728 igitur
575 3675 645 3714 ex
693 3659 834 3715 Filio
887 3659 1005 3730 ipsa
1040 3658 1279 3730 Spiritus
1309 3659 1645 3730 hypostaSis,

81 3767 189 3818 quae
241 3760 310 3806 et
356 3766 386 3804 a
440 3751 601 3806 Patre
628 3751 892 3821 procedit,
927 3751 1392 3821 quemadmodum
1415 3751 1485 3807 ab
1512 3751 1652 3822 ipsis

86 3841 358 3915 Evangelii
414 3843 623 3910 verbis,
669 3853 725 3897 et
777 3859 808 3898 a
863 3843 1188 3900 doctoribus
1217 3844 1506 3915 probatum
1538 3853 1646 3899 est.

80 3935 248 4000 Quare
317 3937 361 3989 si
418 3928 581 3998 mitti,
639 3937 685 3990 si
737 3949 1022 4002 emanare,
1086 3937 1133 3990 si
1165 3935 1416 4005 prodire,
1450 3935 1496 3992 si
1521 3951 1652 4006 pro-

78 4025 257 4093 liuere,
288 4025 341 4080 si
367 4025 656 4092 scaturire,
683 4025 728 4080 si
757 4025 892 4080 oriri
925 4025 1194 4096 Spiritum
1227 4041 1258 4081 a
1293 4025 1432 4082 Filio
1457 4027 1646 4081 audia-

79 4138 206 4187 ιιειιε,
240 4119 494 4175 divinam
549 4121 669 4189 ejus
705 4119 1026 4191 liypostasin
1083 4119 1391 4192 intelligere
1420 4135 1648 4178 necesse

76 4219 152 4263 est
188 4230 201 4264 :
233 4210 483 4265 divinam
535 4221 718 4263 autem
765 4209 1003 4280 Spiritus
1037 4210 1358 4283 hypostasin
1417 4227 1481 4267 ex
1511 4211 1650 4269 Filio

77 4297 374 4364 proﬂuere,
427 4296 511 4352 vel
567 4311 846 4366 emanare,
903 4302 969 4354 et
995 4301 1228 4372 reliqua,
1267 4318 1507 4375 quonam
1539 4303 1651 4358 alio

77 4392 230 4444 modo
275 4390 545 4462 possibile
595 4401 700 4457 est,
755 4392 860 4446 nisi
905 4392 1080 4448 Filius
1107 4409 1272 4450 causa
1297 4395 1412 4452 sive
1444 4398 1653 4467 princi-

78 4483 217 4547 pium
257 4483 440 4551 ipsius
474 4482 846 4538 subsistentize
896 4482 1137 4553 Spiritus
1163 4487 1276 4540 sit?
1298 4486 1403 4542 Sed
1433 4503 1495 4543 ea
1530 4503 1652 4558 quas
1683 4515 1704 4522 -

78 4570 312 4639 Cyrinus
373 4572 442 4627 de
490 4575 848 4643 processione
906 4575 1082 4644 ipsius
1135 4592 1384 4645 persona:
1410 4578 1652 4648 Spiritus

80 4665 240 4718 sancti
291 4678 362 4718 ex
423 4664 583 4719 Patre
639 4675 696 4719 et
739 4665 880 4721 Filio
911 4668 1063 4733 dicit,
1097 4667 1214 4722 [nec
1241 4678 1299 4723 et
1329 4669 1417 4726 bis
1445 4673 1649 4730 similia

1755 3492 1866 3538 etc.
1899 3482 1968 3537 Et
1997 3482 2198 3540 iterum
2231 3499 2247 3536 :
2277 3479 2520 3553 Spiritus
2552 3491 2803 3550 sanctus,
2845 3484 3097 3555 Spiritus
3135 3489 3345 3548 verita-

1759 3576 1827 3632 tis
1863 3583 1968 3642 est,
2007 3575 2232 3630 tertium
2253 3575 2442 3632 lumen
2473 3593 2502 3631 a
2535 3577 2700 3634 Patre
2725 3589 2783 3634 et
2807 3579 2970 3636 Filio.
3003 3581 3072 3636 Et
3098 3598 3293 3638 rursus
3321 3600 3337 3638 :

1753 3668 2236 3736 Quemadmodum
2293 3670 2443 3724 enim
2534 3669 2706 3727 Nemo
2768 3674 2910 3728 novit
2969 3675 3186 3730 Patrem
3240 3678 3342 3734 nisi

1758 3759 1952 3828 Filius,
1984 3777 2078 3815 nec
2109 3759 2310 3818 Filium
2347 3762 2450 3816 nisi
2485 3761 2648 3818 Pater
2685 3763 2744 3829 ¹;
2805 3764 2881 3821 ita
2915 3765 3102 3822 dicere
3139 3767 3339 3834 audeo,

1757 3870 1860 3911 nec
1888 3855 2152 3926 Spiritum
2197 3857 2305 3912 nisi
2351 3857 2512 3915 Pater
2567 3868 2629 3914 et
2653 3859 2845 3928 Filius,
2876 3877 2906 3916 a
2929 3877 3040 3932 quo
3062 3864 3336 3933 procedit,

1755 3956 1809 4002 et
1838 3962 1868 4002 a
1891 3963 2001 4017 quo
2021 3947 2242 4020 accipit,
2266 3948 2383 4018 (sed
2417 3948 2666 4016 adverte,
2691 3951 2839 4020 quod
2865 3952 2919 4006 in
2953 3953 3340 4024 superioribus

1757 4035 2008 4106 accipere
2065 4052 2167 4107 pro
2223 4037 2524 4107 procedere
2563 4040 2771 4110 posuit)
2829 4057 3008 4110 neque
3046 4043 3247 4100 Filium
3281 4057 3341 4103 et

1759 4127 1996 4195 Patrem,
2053 4129 2156 4184 nisi
2211 4128 2454 4202 Spiritus
2487 4143 2736 4200 sanctus,
2764 4134 2856 4203 qui
2891 4149 3016 4190 vere
3047 4135 3336 4208 gloriﬁcat,

1758 4219 1851 4290 qui
1896 4220 2082 4276 omnia
2131 4220 2320 4291 docet,
2359 4223 2454 4294 qui
2493 4237 2562 4281 ex
2594 4224 2758 4281 Patre
2790 4235 2846 4281 et
2885 4225 3043 4286 Filio.
3076 4227 3218 4296 Quid
3253 4229 3341 4288 his

1757 4312 2022 4382 apertius,
2082 4313 2214 4384 quid
2271 4315 2480 4372 clarius
2527 4315 2636 4373 dici
2697 4319 3129 4388 poteritiNonne
3157 4324 3337 4393 palam

1759 4401 1850 4459 isti
1907 4403 2163 4461 doctores
2218 4404 2421 4466 Filium
2472 4424 2694 4479 quoque
2726 4425 2949 4468 causam
2982 4414 3101 4470 sive
3124 4415 3339 4485 princi-

1757 4497 1910 4566 pium
1951 4495 2190 4566 Spiritus
2216 4501 2470 4569 ponunt?
2528 4501 2723 4557 Nonne
2756 4503 2962 4559 docent
2991 4520 3058 4560 ex
3093 4520 3163 4562 eo
3199 4523 3338 4578 quo-

1758 4603 1867 4659 que
1894 4589 2070 4659 ipsum
2132 4591 2466 4659 procedere?
2511 4592 2651 4660 Quid
2689 4594 2902 4667 igitur?
2935 4595 3339 4656 Claudemusne

1760 4694 1924 4736 aures
1987 4693 2209 4738 nostras
2262 4683 2350 4738 his
2403 4685 2852 4753 auctoritatibus,
2909 4697 2966 4742 et
3007 4690 3338 4747 testimoniis

82 4756 519 4852 sunt._C.a:terum
553 4756 838 4852 audiamus
899 4767 1150 4852 sanctum
1181 4760 1559 4852 Epiphanium
1590 4764 1648 4818 in
1684 4767 1726 4821 D
1753 4781 2072 4828 sanctorum
2125 4783 2234 4829 tam
2301 4776 2514 4842 multis,
2546 4785 2655 4830 tam
2687 4777 2919 4848 apertis.
2955 4788 3068 4835 tam
3107 4781 3334 4852 divinis,

79 4857 172 4898 suo
207 4846 480 4900 Ancorato
511 4862 768 4901 sermone
806 4848 880 4902 ita
904 4849 1176 4903 dicentem
1209 4866 1224 4903 :
1259 4851 1500 4920 Spiritus
1524 4868 1653 4910 san-

80 4949 318 4993 ctustex.
370 4939 529 4993 Patre
576 4949 632 4994 et
688 4940 851 5008 Filio,
899 4942 1096 4997 tertius
1159 4945 1557 5000 nominatione.
1588 4944 1652 5002 Et

82 5041 272 5086 rursus
303 5050 318 5086 :
355 5029 600 5102 Uterque
651 5033 864 5089 habitat
913 5036 966 5090 in
1019 5035 1174 5104 justo
1211 5036 1456 5100 homine,
1481 5038 1649 5095 Chri-

85 5131 189 5175 stus
245 5133 306 5177 et
380 5123 622 5194 Spiritus
647 5126 788 5196 ejus.
821 5126 978 5193 Quod
1014 5129 1060 5182 si
1099 5127 1355 5186 Christus
1387 5145 1454 5186 ex
1489 5132 1650 5190 Patre

83 5215 320 5268 creditur
375 5216 522 5271 Deus
571 5232 636 5272 ex
691 5218 822 5286 Dcn,
873 5219 1111 5289 Spiritus
1153 5236 1373 5294 quoque
1418 5238 1484 5291 ex
1508 5224 1649 5296 ipso,

147 5375 163 5404 ⁸
197 5373 394 5432 Matth.
424 5394 498 5446 xi,
533 5377 625 5436 9.7.

1759 4873 1868 4919 tam
1933 4866 2194 4922 consonis
2251 4865 2485 4922 invicem
2541 4875 2599 4923 et
2662 4869 2906 4936 veritati,
2959 4881 3017 4926 et
3048 4871 3336 4930 obstinato

1755 4959 1924 5013 corde
1978 4967 2169 5015 contra
2239 4960 2356 5016 hac
2402 4960 2843 5019 contenderuns?
2875 4965 2947 5018 At
2982 4963 3088 5020 hoc
3115 4980 3226 5020 non
3249 4982 3336 5022 εις

1755 5047 2026 5118 pientutn,
2083 5067 2192 5106 non
2255 5052 2531 5108 bonorum
2598 5055 2883 5112 hominum
2912 5057 3194 5127 proprium
3223 5067 3329 5125 est,

1754 5149 1810 5195 et
1833 5154 2026 5195 eorum
2074 5144 2167 5213 qui
2199 5143 2610 5215 dispensatores
2660 5147 2819 5206 verbi
2857 5161 2914 5206 et
2943 5149 3332 5221 mysteriorum

1757 5229 1961 5289 Christi
1983 5242 2038 5290 et
2067 5249 2188 5291 esse
2217 5245 2272 5292 et
2295 5236 2472 5294 videri
2502 5238 2693 5296 velint.
