3880 6220
265 272 375 333 {.05
1229 272 1513 332 ORATIO
1557 273 1992 334 DOGMATICA
2034 275 2181 334 PRO
2221 276 2538 337 UNIONE.
3401 287 3511 350 606

266 387 400 440 Υἱοῦ
440 383 845 455 ἐκπορεύεσθαι
876 383 934 436 τὺ
963 383 1183 455 Πνεῦμα
1218 385 1276 438 τὺ
1312 387 1470 455 ἅγιον
1504 389 1836 456 φάσκοντας,
1867 402 1910 454 Α
1945 390 2126 456 μένων
2147 390 2242 443 καὶ
2271 389 2576 460 ἑπομένων,
2614 391 2688 454 ὡς
2727 391 2896 460 μηδὲν
2959 387 3095 445 εἶναι
3155 394 3277 448 κατ’
3329 396 3510 454 αὐτῶν

263 481 370 534 οὐκ
393 480 459 534 ἂν
489 480 743 544 εἴποιμεν
794 477 1088 546 Ῥωμαίοις
1146 479 1476 547 συμϐαίνειν
1528 481 1696 536 ταυτὸ
1756 481 1838 533 λέ·
1945 480 2312 542 ὑποπτεῦσαι.
2349 481 2504 538 Ἐπεὶ
2538 483 2730 536 τούτου
2766 501 2829 551 γε
2886 483 2980 558 τού
3039 466 3354 556 ζήτήματος
3415 492 3512 542 καὶ

265 588 426 640 γουσι
449 571 641 636 τοῦτο;
684 569 825 622 Ἀλλ’
857 571 958 623 οὐκ
991 568 1088 623 οἷδ’
1115 572 1168 624 et
1223 587 1307 640 τις
1366 573 1512 642 ἡμᾶς
1557 573 1837 626 ἐπαινέσε-
1942 572 2051 624 τῶν
2083 572 2256 640 λόγων
2281 573 2392 627 τῶν
2421 574 2553 646 περὶ
2590 574 2783 628 τούτου
2819 578 2882 629 ἐκ
2927 575 3038 630 τῶν
3071 577 3296 632 ἐκείνων
3330 578 3508 646 λόγων

265 681 380 722 ται.
412 665 500 724 Δεῖ
522 662 579 721 δὲ
609 664 700 722 καὶ
729 659 888 718 τοῦτο
923 661 1123 720 εἰδέναι
1181 663 1346 732 ὑμᾶς,
1401 663 1476 732 ὡς
1517 663 1550 733 ἢ
1584 663 1838 734 οὐδαμῶς
1945 663 2372 732 ἐξαιρουμένων,
2400 663 2554 718 οὐδὲν
2606 663 2689 718 ἔτι
2735 666 3008 731 λείπεται,
3063 666 3174 720 οὐδ’
3198 666 3266 720 ἂν
3300 667 3513 721 ἔννοιαν

263 751 347 804 δεῖ
377 751 790 820 συγγράμματα
843 750 1210 822 εὑρισκόμενα
1267 753 1672 824 παραδέχεσθαι
1730 753 1838 808 τῶν
1943 755 2016 810 τὰ
2046 755 2348 825 λειπόμενα
2373 755 2630 814 σώσαιενο
2681 758 2857 827 οὕτως
2896 761 2955 814 ἐν
2998 761 3278 826 πλείστοις
3333 761 3514 815 αὐτῶν

266 843 451 909 ἁγίων,
476 859 584 905 των
613 840 889 905 Διιτικῶν,
933 841 966 910 ἢ
1012 842 1061 894 εί
1118 840 1294 896 ταῦτα
1355 843 1834 912 παραδεξαίμεθα,
1943 848 2134 910 τόποις
2183 849 2460 924 ὁλόκληρα
2511 851 2783 919 κεφάλαια
2833 855 2926 910 καὶ
2975 852 3264 924 ζητήματα
3295 870 3516 923 κεκινη-

1949 939 2087 1006 μένα
2109 937 2343 1007 διάφορα
2363 939 2450 998 διὰ
2489 939 2700 999 τούτων
2755 942 3139 1008 συνυφαίνεται
3191 942 3374 996 πάντα
3403 942 3520 996 τῶν

1943 1031 2137 1098 λόγων.
2183 1029 2328 1088 Ἀλλ’
2355 1029 2390 1084 ἃ
2423 1031 2522 1102 μὲν
2552 1032 2648 1088 καὶ
2676 1031 2776 1084 ὅσα
2807 1034 2937 1102 περὶ
2967 1033 3134 1086 αὐτοῦ
3175 1034 3352 1087 εἰπεῖν
3404 1034 3509 1088 ἔδει

1943 1119 2036 1172 τοῦ
2062 1119 2355 1188 δόγματος,
2381 1121 2456 1185 ῶς
2501 1121 2557 1172 ἐν
2586 1137 2649 1190 γε
2687 1121 2762 1193 τῷ
2811 1124 3042 1194 παρόντι
3109 1124 3199 1177 διὰ
3263 1122 3513 1195 βραχέων

1946 1210 2438 1281 προστησαμένους
2461 1213 2658 1278 εἰπεῖν,
2691 1214 2768 1278 ὡς
2799 1216 2918 1268 ἐνὸν
2970 1215 3108 1286 πρὸς
3158 1215 3304 1285 ὑμᾶς
3361 1213 3512 1288 στρη-

1944 1319 2059 1372 ται,
2093 1303 2187 1356 καὶ
2217 1302 2370 1356 οὐδὲν
2401 1304 2562 1356 πλέον
2589 1304 2672 1378 δεῖ
2693 1307 3064 1377 προστιθέναι.

263 935 338 987 τὰ
407 933 712 1002 φαινόμενα
741 932 946 990 δεῖκαὶ
994 932 1063 986 τὰ
1087 933 1217 1002 περῐ
1260 931 1352 986 τοῦ
1387 931 1591 1010 ἄρθρου
1647 931 1837 989 τούτου

261 1025 533 1093 λεγόμενα
561 1025 617 1088 ἐξ
663 1024 908 1096 ἀνᾲγκης
941 1023 1486 1095 συμπαραδέχεσθαι.
1544 1024 1701 1076 υῦτω
1728 1024 1834 1094 γὰρ

263 1115 322 1166 ἐν
355 1113 630 1176 πλείστοις
659 1114 848 1176 τόποις
879 1114 990 1170 τῶν
1024 1113 1202 1180 λόγων
1225 1113 1426 1173 αὐτῶν,
1462 1113 1556 1173 καὶ
1585 1112 1757 1176 οὕτως
1782 1112 1840 1170 ἐν

268 1207 408 1259 πᾶσῐ
431 1206 605 1259 ταῦτα
661 1207 1014 1278 διέσπαρται·
1069 1207 1165 1262 καὶ
1211 1206 1446 1276 τοσαύτη
1491 1207 1582 1260 καὶ
1611 1206 1836 1276 τοιαύτη

264 1299 470 1368 ἐστὶνὴ
515 1297 766 1370 σύνεχειά
789 1315 847 1351 τε
889 1299 987 1354 καὶ
1013 1299 1375 1370 ἀκολούθησις
1406 1298 1516 1356 τῶν
1559 1315 1836 1370 προηγου-

1735 1454 1985 1509 ΚΕΦΑΛ.
2020 1458 2099 1510 θ’.

409 1575 709 1646 Epilogatt'o
739 1586 788 1630 et
829 1581 1066 1649 repetitio
1097 1581 1467 1650 praedictorum
1491 1618 1504 1638 .
1547 1585 1595 1631 et
1641 1575 1832 1650 solutio
1865 1574 2070 1650 frivola;
2115 1575 2507 1650 responsionis".
2542 1592 2644 1644 qua
2683 1577 2898 1646 quidam
2931 1579 3003 1633 ad
3032 1583 3374 1637 auctoritates

1080 1646 1486 1704 occidentalium
1521 1646 1858 1715 respondent,
1893 1652 1941 1696 et
1976 1646 2267 1700 exhortatio
2296 1649 2364 1700 ad
2401 1647 2664 1700 unionem.

336 1763 543 1834 Δέομαι
569 1765 624 1818 δὲ
668 1766 761 1826 καί
793 1767 1099 1837 παρακαλῶ
1125 1768 1337 1830 πάντας
1374 1767 1542 1838 ὑμᾶς,
1599 1765 1838 1838 ἁγιώτα-
1873 1771 1913 1826 Β
1946 1777 2037 1834 σῃ*
2075 1763 2166 1814 καὶ
2200 1765 2282 1816 ὅτι
2317 1765 2450 1835 πρὶν
2479 1764 2578 1834 μὲν
2607 1765 2998 1836 οίκουμενικὴν
3044 1767 3264 1824 σύνοδον
3319 1773 3511 1827 συνελ-

259 1875 345 1911 τοι
374 1858 616 1928 Πατέρες
640 1875 696 1910 τε
723 1860 820 1914 καὶ
866 1859 1144 1925 δεσπόται,
1205 1860 1459 1928 σύστημα
1517 1855 1832 1928 ίερὼτατον,
1939 1853 2323 1920 θεῖν,ὲκείνοις
2376 1858 2437 1906 τὸ
2495 1854 2663 1928 βάρος
2713 1855 2812 1926 τῆς
2886 1857 3183 1927 ἀπολογίας
3239 1860 3510 1935 ἐπέκειτο,

263 1947 522 2016 σύλλογος
554 1949 730 2018 ἅγιος,
763 1951 937 2006 ταῦτα
1001 1953 1402 2021 σκεψαμένους,
1463 1951 1558 2003 καὶ
1588 1948 1833 2022 ἀκριϐῶς
1936 1944 2031 1998 νῦν
2061 1944 2117 1998 δὲ
2147 1945 2445 2014 συστάντος
2472 1947 2655 2000 κοινοῦ
2710 1948 3014 2018 συνεδρίου,
3069 1950 3194 2004 καθ’
3235 1952 3390 2026 ἡμῶν
3441 1956 3511 2008 τὰ

263 2043 676 2113 ἐπιστήσαντας
718 2044 874 2109 πᾶσι,
911 2045 1010 2114 τὴν
1074 2045 1462 2114 προσήκουσαν
1522 2040 1832 2113 ἐξενεγκεῖν
1936 2037 2162 2093 ἐκείνων
2189 2037 2513 2110 ἐγκλήματα
2541 2039 2916 2110 μετεστράφη,
2977 2039 3042 2094 ἂν
3099 2041 3176 2116 μὴ
3228 2042 3516 2112 εὐπρόσω-

263 2134 464 2202 ψῆφον,
491 2138 587 2190 καὶ
628 2135 754 2204 ἥτις
786 2135 917 2206 ὑμῖν
972 2136 1091 2205 μετ’
1122 2134 1404 2208 εὐφημίας
1460 2133 1650 2202 ἐψεται
1683 2132 1835 2203 παρὰ
1935 2146 2036 2182 πον
2070 2128 2282 2200 ἔχωμεν
2313 2133 2493 2184 αἰτίαν
2530 2131 2829 2196 δεικνύναι,
2895 2133 2964 2186 δι’
3004 2132 3075 2203 ἢν
3111 2133 3298 2188 αὐτῶν
3330 2135 3512 2208 διῃρέ-

266 2227 445 2280 πὰντα
476 2227 569 2282 τὸν
600 2229 818 2297 χρόνον,
843 2229 1078 2292 καὶτοῖς
1129 2227 1405 2296 ὀψιγόνοις
1457 2225 1606 2297 ἡμᾶς
1654 2239 1833 2294 παρα·
1937 2220 2131 2292 θημεν.
2165 2222 2405 2280 Ἔπειτα
2439 2223 2746 2296 μέμνησθε,
2775 2224 3027 2296 ἀνάγκην
3057 2224 3156 2296 μὲν
3193 2224 3338 2284 εἶναι
3372 2243 3510 2298 συμ-

263 2315 468 2384 πέμψει
526 2317 644 2387 μετ’
683 2316 932 2380 εὐκλείας
989 2334 1047 2369 τε
1085 2318 1177 2370 καὶ
1236 2315 1518 2386 στεφάνων
1581 2314 1678 2369 καὶ
1736 2312 1831 2370 τοῦ
1935 2313 2146 2374 δαίνειν
2212 2320 2340 2378 τοὺς
2410 2317 2660 2390 Πατέρας
2703 2318 2985 2390 ἀλλήλοις,
3052 2320 3146 2376 καὶ
3183 2321 3360 2387 ἄλλως
3407 2321 3510 2380 οὐκ

263 2408 416 2476 παρὰ
445 2409 664 2461 πάντων
715 2407 964 2461 ἐπαίνου.
1027 2405 1433 2474 Συλλογίσασθε
1494 2405 1605 2478 γὰρ
1637 2403 1832 2475 πρῶτα
1935 2401 2098 2470 εἶναι,
2157 2407 2526 2477 Χριστιανοὺς
2561 2410 2707 2482 ἡμᾶς
2757 2409 2942 2474 ὄντας,
2993 2409 3052 2462 οὑ
3121 2411 3321 2478 λέγειν,
3383 2410 3508 2464 οὐδὲ

262 2499 386 2567 μὲν,
423 2499 497 2560 ὡς
520 2498 617 2568 οὐχ
647 2498 807 2568 ὁμοία
836 2501 967 2568 ἡμῖν
995 2501 1027 2570 ἡ
1054 2500 1317 2568 ἀπολογία
1334 2498 1488 2552 ἐσται
1512 2499 1830 2570 μετέπειτα,
1935 2500 2172 2566 φρονεῖν,
2201 2499 2306 2562 ἓως
2331 2499 2396 2556 ἂν
2447 2500 2542 2559 καὶ
2571 2501 2674 2562 τὰς
2711 2501 2806 2570 τῆς
2833 2500 3070 2568 πίστεως
3117 2501 3274 2571 ἡμῶν
3332 2501 3510 2572 ἀρχὰς

259 2591 339 2654 ὡς
363 2591 460 2643 καὶ
492 2591 777 2662 πρότερον,
810 2593 910 2664 τῆς
938 2591 1208 2662 τοσαύτης
1243 2592 1352 2646 τῶν
1387 2591 1634 2660 ἀδελφῶν
1688 2590 1830 2646 διαιφ
1936 2586 2131 2653 σώζειν
2181 2588 2479 2659 ἐθέλωμεν,
2509 2592 2636 2654 τοὺς
2667 2591 2723 2649 δὲ
2766 2591 3080 2664 Ῥωμαίους
3107 2590 3364 2659 Πατέρας
3413 2608 3507 2643 σα-

260 2685 614 2754 ρὲσεως,καὶ
650 2688 745 2756 τῆς
776 2687 974 2759 ἔχθρας
1026 2689 1124 2758 τῆς
1162 2689 1296 2758 πρὸς
1327 2688 1619 2754 Λατίνους,
1685 2687 1832 2747 οὓτω
1934 2682 2182 2750 φέστατά
2241 2700 2300 2741 τε
2361 2685 2456 2738 καὶ
2508 2682 2866 2752 φανερώτατα
2922 2686 2986 2744 ἐκ
3036 2683 3131 2738 τοῦ
3161 2682 3291 2736 Υίοῦ
3337 2686 3508 2739 ἐκποι-

257 2777 364 2846 μὲν
393 2777 551 2841 ὄντας
580 2779 831 2846 πολλοὺς,
879 2778 1021 2832 οὕτω
1051 2780 1106 2832 δέ
1160 2781 1323 2850 σοφία
1383 2781 1478 2832 καὶ
1511 2781 1711 2848 γνώσει
1737 2796 1831 2833 κε·
1935 2774 2192 2846 ρεύεσθαι
2245 2775 2505 2842 λέγοντας
2561 2777 2622 2830 ἰδ
2683 2776 2905 2848 Πνεῦμα
2956 2777 3018 2831 τὸ
3077 2777 3256 2846 ἅγιον,
3315 2778 3509 2832 κάκεῐο

253 2870 651 2938 κοσμημένους
689 2870 785 2921 καὶ
821 2871 1031 2938 ἀρετῶν
1082 2870 1195 2940 ίδέᾳ
1228 2871 1481 2942 παντοίᾳ,
1541 2874 1608 2940 τῇ
1667 2886 1726 2923 τε
1775 2871 1830 2932 ἐς
1933 2887 2020 2923 νον
2039 2870 2220 2924 αίτίαν
2254 2868 2400 2940 ἔχειν
2424 2869 2519 2923 τοῦ
2553 2859 2693 2923 εἶναι
2723 2869 2914 2941 ὥσπερ
2974 2869 3190 2924 καὶτὸν
3242 2870 3463 2941 Πατέρα
3486 2885 3502 2900 ·

250 2959 439 3031 ψυχὴν
478 2960 578 3018 καὶ
621 2961 719 3031 τὴν
742 2961 960 3030 ἐκείνης
993 2961 1332 3020 κατάστασιν
1390 2964 1484 3016 κα)⁸
1542 2961 1831 3031 βελτίωσιν
1933 2960 2070 3032 πρὸς
2101 2961 2310 3026 τούτοις
2352 2959 2507 3018 οὐδὲν
2557 2955 2722 3034 ἦττον
2777 2964 2874 3018 καὶ
2918 2963 3044 3027 τοὺς
3080 2964 3143 3016 ἐκ
3192 2961 3293 3034 τῆς
3335 2963 3508 3036 Ἒῴας

252 3052 573 3122 ἀπαγούσῃ,
599 3055 666 3124 τῇ
696 3069 753 3110 τε
777 3055 835 3116 ἐς
873 3053 1031 3122 σῶμα
1053 3053 1148 3108 καὶ
1177 3053 1246 3114 τὰ
1277 3053 1568 3124 σωματικὰ
1611 3053 1829 3128 ἁφορώ-
1855 3103 1901 3162 c
1933 3052 2097 3111 ταυτὸ
2145 3052 2307 3110 τοῦτο
2361 3053 2627 3126 λέγοντας
2678 3054 3194 3128 ἀποδεδειγμένους,
3244 3055 3370 3122 τοὺς
3405 3055 3509 3130 μὲν

1935 3233 2083 3288 enim
2118 3233 2308 3290 multis
2339 3234 2394 3290 in
2423 3235 2560 3292 locis
2592 3249 2824 3307 Operum
2868 3249 3088 3298 eorum,
3119 3235 3233 3290 imo
3266 3249 3398 3290 vero
3449 3235 3509 3294 in

1934 3324 2194 3378 omnibus
2249 3340 2436 3394 sparsa
2472 3336 2636 3391 sunt;
2670 3334 2928 3395 tantaque
2968 3334 3024 3380 et
3059 3325 3182 3380 talis
3213 3334 3297 3380 est
3325 3325 3505 3380 conti-

1933 3415 2124 3469 nuatio
2153 3423 2210 3469 ot
2257 3415 2544 3486 sequentia
2590 3415 3015 3486 prtecedentiutn
3047 3413 3115 3468 ad
3149 3429 3368 3490 eaquae
3418 3428 3506 3472 se-

1931 3515 2200 3576 quuntur,
2233 3517 2429 3562 utnon
2471 3507 2642 3576 possit
2694 3507 2894 3578 aliquis
2923 3507 2990 3561 de
3031 3506 3118 3561 his
3152 3505 3359 3577 aliquid
3408 3521 3509 3562 su-

1931 3599 2159 3668 spicari.
2194 3599 2251 3653 Si
2283 3599 2408 3672 quis
2428 3601 2574 3656 enim
2611 3599 2753 3655 hanc
2795 3599 3233 3666 conclusionem,
3265 3605 3319 3652 et
3341 3596 3507 3653 ratio-

1932 3705 2030 3746 nes
2059 3705 2178 3746 eam
2212 3691 2513 3762 probantes
2533 3707 2596 3747 ex
2624 3693 2887 3762 Operibus
2912 3707 3106 3748 eorum
3144 3690 3370 3756 adimat,
3414 3689 3505 3744 ni-

1930 3783 2008 3838 hil
2042 3784 2280 3854 amplius
2325 3794 2514 3853 restat,
2556 3801 2658 3840 nec
2679 3802 2905 3844 sensum
2955 3785 3196 3860 aliquem
3242 3783 3503 3852 reddunt,

1928 3892 2052 3946 quae
2086 3887 2379 3932 remanent
2411 3895 2422 3929 :
2460 3878 2532 3933 ita
2565 3891 2833 3942 connexa.
2893 3879 2966 3933 ita
3017 3875 3397 3949 conglutinata
3447 3887 3505 3934 et

251 3231 490 3288 auderet
518 3247 614 3286 eos
645 3231 833 3286 dicere
860 3229 1311 3288 Occidentalibus
1347 3229 1604 3288 Patribus
1625 3229 1830 3292 dixisse

248 3313 558 3379 cobtraria.
589 3323 746 3387 Nune
775 3339 907 3378 vero
937 3339 1058 3380 cum
1088 3340 1196 3378 non
1237 3324 1413 3380 solum
1457 3340 1564 3382 non
1608 3332 1828 3398 negent,

247 3417 355 3472 sed
385 3416 729 3486 apertissime
765 3419 932 3472 etiam
959 3415 1166 3481 dicant,
1201 3430 1298 3484 per
1327 3415 1526 3476 Filium
1553 3423 1609 3470 et
1638 3429 1702 3470 ex
1742 3414 1831 3470 Fi-

247 3510 336 3562 lio
364 3508 662 3577 procedere
687 3508 972 3577 Spiritum,
1008 3508 1406 3567 audebimusne
1463 3507 1672 3570 dicere,
1719 3523 1829 3564 non

246 3615 352 3654 eos
378 3599 677 3654 convenire
705 3607 760 3654 et
809 3601 1150 3660 concordare
1183 3615 1307 3658 cum
1347 3598 1830 3658 Occidentalibus?

246 3693 328 3745 At
375 3705 538 3745 nemo
584 3706 686 3747 nos
729 3692 1164 3758 commendabit,
1205 3692 1314 3746 imo
1347 3707 1477 3746 vero
1524 3708 1686 3750 nemo
1716 3702 1824 3758 est,

244 3783 390 3852 quin
436 3797 536 3840 nos
569 3782 837 3848 audacia.
892 3784 1236 3851 temeritatis,
1272 3783 1522 3844 stultitiae
1569 3791 1818 3842 accuset.

244 3873 412 3928 Scire
464 3881 648 3930 autem
706 3873 813 3930 hoc
867 3875 1035 3936 etiam
1086 3873 1321 3940 debetis,
1353 3875 1500 3946 quod
1547 3887 1642 3930 aut
1675 3877 1827 3932 nullo

247 3965 423 4022 modo
450 3965 785 4035 acceptanda
812 3975 1108 4036 sunt,qute
1131 3965 1484 4038 reperiuntur
1512 3981 1675 4037 opera
1697 3969 1823 4022 san-‘-
1927 3970 2226 4040 conjuncta
2269 3979 2464 4026 caetera
2497 3973 2678 4028 omnia
2737 3987 2861 4032 cum
2909 3972 3012 4026 hoc
3061 3970 3316 4040 dogmate
3350 3979 3502 4026 sunt.

241 4066 469 4111 ciorum
526 4057 817 4120 doctorum
858 4057 1336 4124 Occidentalium;
1369 4068 1462 4122 aut
1506 4059 1551 4112 si
1583 4059 1700 4114 btec
1727 4075 1818 4116 ac-
1929 4058 2036 4112 Sed
2082 4057 2150 4113 de
2199 4057 2447 4134 dogmate
2493 4058 2753 4130 quidem,
2800 4075 2919 4134 quae
2978 4057 3221 4116 breviter
3269 4058 3504 4115 dicenda

241 4149 623 4221 ceptabimus,
683 4158 744 4204 ut
795 4149 1111 4212 faciendum
1151 4159 1255 4216 est,
1307 4155 1545 4222 Oportet,
1584 4165 1703 4222 quae
1743 4151 1811 4206 de
1855 4135 1864 4143 ’
1919 4159 2107 4215 erant,
2147 4150 2294 4216 dicta
2341 4161 2502 4221 sunt,
2547 4166 2645 4211 nec
2679 4151 2976 4224 quidquam
3019 4152 3251 4211 ulterius
3291 4149 3501 4212 adden-

241 4244 356 4298 boc
391 4242 620 4304 articulo
669 4241 886 4310 dicunt,
911 4251 967 4316 et
989 4253 1282 4316 acceptare
1323 4251 1378 4305 et
1398 4239 1650 4300 credere.
1681 4241 1812 4297 Tam
1925 4242 2054 4308 dum
2090 4250 2190 4300 est.

1607 4467 1616 4472 _
1691 4392 1918 4449 CAPUT
1975 4394 2065 4450 Ix.

326 4518 478 4587 Rogo
507 4524 709 4580 autem,
742 4529 929 4584 posco,
979 4521 1126 4583 peto,
1181 4520 1236 4567 et
1271 4511 1497 4582 supplex
1555 4524 1652 4564 oro
1716 4523 1815 4562 vos
1849 4510 1891 4559 D
1930 4519 2046 4566 tum
2095 4509 2310 4567 facilior
2356 4521 2546 4566 nostra
2579 4511 2864 4568 excusatio
2904 4521 3044 4578 erat,
3099 4512 3173 4567 ita
3223 4526 3348 4584 post
3397 4515 3502 4572 boe

246 4622 470 4670 omnes,
532 4615 716 4675 patres
763 4604 978 4674 optimi,
1040 4617 1194 4658 sacer
1240 4610 1565 4666 conventus,
1617 4599 1824 4652 auima-
1926 4601 2109 4671 gravis
2141 4613 2328 4657 n03tra
2381 4601 2660 4657 accusatio
2703 4605 2832 4669 erit,
2883 4604 2930 4658 si
2977 4619 3086 4658 non
3138 4604 3505 4663 habuerimus

244 4716 370 4754 rum
428 4707 700 4768 pastores,
765 4696 932 4748 duces
985 4706 1279 4757 caecorum,
1337 4691 1648 4746 eruditores
1683 4689 1819 4743 insi-
1928 4692 2116 4748 dicere
2148 4708 2372 4752 causam
2406 4692 2500 4747 tali
2537 4675 3102 4765 divisione'dignam.
3142 4695 3352 4754 Deinde
3389 4715 3502 4756 non

244 4791 545 4861 pientium,
593 4796 653 4840 ut
702 4785 788 4839 bis
842 4784 1099 4839 omnibus
1148 4782 1528 4847 consideratis,
1578 4791 1632 4835 et
1680 4780 1818 4835 bene
1925 4777 2140 4848 fugiant
2166 4795 2262 4835 vos
2292 4797 2413 4850 quae
2441 4780 2508 4834 de
2539 4783 2850 4838 uecesseria
2879 4783 3169 4840 doctorum
3201 4788 3501 4844 concordia

243 4882 518 4950 pensatis,
568 4881 716 4934 illam
763 4877 952 4932 feratis
1003 4874 1358 4936 sententiam,
1390 4889 1510 4946 qua:
1545 4882 1710 4928 tanta:
1741 4873 1816 4929 rei
1927 4871 2072 4926 dicta
2107 4881 2258 4936 sunt,
2284 4888 2384 4927 nec
2415 4872 2577 4927 aliter
2611 4887 2712 4928 nos
2745 4872 2932 4929 dicere
2958 4889 3141 4946 posse,
3169 4877 3300 4935 dum
3334 4877 3502 4934 Chri-

241 4973 526 5034 convenit,
582 4983 815 5040 quaeque
868 4975 1186 5036 perpetuam
1233 4965 1390 5020 vobis
1434 4966 1655 5030 tamam,
1704 4963 1819 5032 glo-
1927 4964 2092 5019 stiani
2146 4978 2293 5027 esse,
2347 4972 2404 5018 et
2452 4965 2725 5034 principia
2783 4965 2906 5020 ﬁdei
2960 4967 3174 5023 salvare
3221 4969 3498 5025 velimus:

247 5065 390 5117 riam
443 5072 498 5116 et
549 5060 784 5120 salutem
823 5057 1022 5127 pariat.
1061 5054 1344 5124 chetatis
1369 5054 1518 5108 enim
1551 5053 1816 5108 memoria
1926 5053 2190 5123 quodque
2219 5053 2414 5108 Patres
2443 5053 2823 5109 Occidentales
2868 5057 3241 5124 apertissime,
3275 5073 3340 5112 ex
3389 5058 3495 5112 Pa.

247 5157 452 5227 primo,
478 5151 623 5224 quod
664 5166 774 5204 non
815 5150 923 5202 erit
962 5147 1121 5202 nobis
1168 5147 1234 5200 de
1279 5155 1478 5202 cmtero
1533 5146 1816 5200 excusatio
1927 5155 2009 5200 tre
2044 5155 2098 5200 et
2149 5145 2290 5200 Filio
2323 5145 2588 5214 Spiritum
2629 5156 2882 5201 sanctum
2935 5148 3238 5216 procedere
3273 5164 3498 5226 asseve-

247 5247 465 5311 eadem,
511 5259 632 5314 quae
684 5242 856 5312 prius,
917 5256 1016 5294 cur
1065 5255 1095 5292 a
1145 5238 1342 5292 talibus
1391 5237 1729 5302 dividantur,
1760 5244 1818 5291 ct
1925 5247 2068 5304 rant,
2105 5248 2160 5292 et
2185 5237 2382 5293 Filium
2414 5253 2536 5293 esse
2564 5238 2686 5309 ejus
2711 5239 3069 5310 principium,
3101 5249 3264 5310 prout
3292 5241 3452 5296 Pater
3476 5261 3493 5296 :

249 5342 439 5392 hostes
468 5337 697 5391 velimus
743 5349 868 5388 esse
914 5331 1128 5385 Latinis
1161 5339 1270 5384 tam
1307 5331 1517 5398 multis,
1572 5339 1680 5384 tam
1731 5345 1817 5385 sa-
1929 5331 2244 5387 Orientales
2295 5345 2515 5400 quoque
2566 5330 2670 5385 hoc
2722 5329 2865 5386 idem
2913 5332 3118 5398 dicere,
3169 5333 3368 5402 partim
3425 5349 3495 5389 ex

249 5411 552 5502 pientibus,
581 5441 686 5490 tam
730 5427 930 5488 doctis,
977 5426 1127 5480 omni
1159 5424 1366 5480 virtute
1393 5423 1661 5494 praeditis,
1700 5439 1812 5478 non
1924 5425 2085 5479 Patre
2120 5439 2218 5495 per
2250 5422 2474 5487 Filium,
2513 5421 2710 5491 partim
2732 5436 2795 5476 ex
2842 5422 3007 5477 Patre
3037 5435 3093 5478 et
3122 5423 3282 5484 Filio.
3329 5432 3386 5478 et
3424 5438 3493 5478 ex

247 5526 423 5578 solum
457 5523 544 5576 illa
569 5537 690 5592 quae
719 5520 964 5574 animum
1000 5527 1183 5582 ornat,
1226 5516 1322 5572 sed
1365 5518 1532 5570 etiam
1578 5534 1638 5572 ea
1691 5533 1814 5587 qua:
1925 5524 2160 5583 utroque
2192 5515 2521 5584 procedere,
2551 5521 2608 5567 et
2635 5527 2700 5565 ex
2729 5511 2870 5568 Filio
2914 5528 3043 5568 esse
3073 5513 3255 5585 ipsum
3294 5513 3493 5570 dicen-

248 5618 312 5671 ad
360 5629 563 5684 corpus
611 5622 667 5667 et
718 5612 1053 5682 temporales
1101 5624 1190 5665 res
1246 5609 1448 5664 attinet
1490 5627 1504 5664 :
1549 5609 1809 5679 quodque
1923 5614 2042 5670 tes;
2085 5619 2323 5674 cumque
2372 5604 2487 5658 haec
2530 5603 2739 5669 dicant,
2787 5602 3240 5660 Occidentalibus
3292 5621 3498 5661 conve-

249 5706 706 5781 quemadmodum
745 5715 867 5760 ante
899 5704 1151 5778 generale
1184 5703 1474 5760 concilium
1501 5717 1802 5775 congrega-
1924 5700 2066 5766 nire,
2099 5709 2154 5754 et
2184 5697 2378 5754 eadem
2411 5712 2520 5753 non
2548 5697 2724 5754 solum
2762 5699 3062 5767 sententia,
3087 5715 3282 5756 verum
3323 5699 3496 5756 etiam

3563 4523 3628 4578 θ
