3880 6220
378 301 501 365 .607

1346 300 1852 365 BESSARIONIS
1897 304 1957 364 S.
2004 304 2074 365 Β.
2126 304 2196 365 Ε.
2240 305 2711 367 CARDlNAIJS

3563 306 3670 371 608

396 422 475 488 τῷ
497 419 584 471 διὰ
616 418 709 471 τοῦ
734 419 862 473 Υἱοῦ
898 420 1083 489 λέγειν
1123 419 1256 473 αὐτὸ
1293 421 1357 473 ἐκ
1389 421 1483 474 τοῦ
1540 422 1755 492 Πατρός
1807 424 1970 475 ἐκπο-
2003 432 2039 488 Α
2074 423 2257 492 χειρὸς
2280 424 2443 494 ἔργον
2458 423 2607 489 ὄντα,
2629 423 2732 475 ἀνά
2762 424 2942 476 πᾶσαν
2965 423 3021 475 δὲ
3046 423 3374 494 ἐσπαρμένα
3398 424 3502 497 τὴν
3538 430 3667 497 γῆν,

396 512 676 583 ρεύεσθαι,
711 515 836 577 τοὺς
863 514 921 567 δὲ
957 515 1029 584 τῷ
1060 515 1124 567 ἐκ
1155 513 1247 568 τοῦ
1286 516 1502 586 Πατρὸς
1556 519 1649 570 καὶ¹
1682 516 1833 582 Υίοῦ,
1880 518 1973 571 καὶ

394 606 455 672 ἐξ
486 605 690 673 ἀμφοῖν
720 600 881 668 εἶναι,
906 606 999 658 καὶ
1016 607 1076 659 ὲκ
1099 605 1196 659 τοῦ
1242 606 1374 660 Υίοῦ
1408 609 1594 677 σαφῶς
1620 605 1765 665 εῖναι
1821 613 1962 667 διδάο

396 711 570 749 σχειν·
609 694 705 747 καὶ
728 695 811 747 ὅτι
845 692 1020 748 ταῦτα
1053 695 1328 765 λέγοντες,
1357 698 1471 760 τοῖς
1514 698 1808 768 Ῥωμαίοις
1858 703 1970 755 lla.

390 786 554 854 τράσι
612 785 995 855 συμϐαίνουσι,
1029 787 1124 841 καὶ
1172 789 1422 857 λέγουσιν
1475 789 1733 861 ἀλλήλοις
1773 794 1967 858 ταυτὰ,

391 877 467 953 ὡς
493 878 572 930 ἑνὶ
598 879 692 930 καὶ
726 878 908 949 ταυτῴ
936 879 1304 950 φθεγγόμενοι
1337 880 1478 934 [1νεῦ
1489 899 1641 953 ματι.
1684 884 1811 940 Ἐπὶ
1834 887 1969 940 πᾶσι

385 950 446 1023 δὲ
499 969 734 1031 τούτοις,
779 972 874 1024 καὶ
906 972 971 1042 ἢν
1002 973 1135 1041 ἡμῖν
1191 974 1303 1040 ἐγὼ
1333 950 1804 1048 ὑπολελειμμένην
1834 980 1970 1033 ἀπο-

390 1064 577 1131 λογίαν
628 1063 759 1131 ὁρῶ,
796 1066 924 1131 περὶ
975 1057 1048 1115 ὧν
1082 1065 1131 1117 οἱ
1192 1065 1461 1135 Ῥωμαῖοι
1519 1068 1759 1139 Πατέρες
1812 1073 1967 1138 φασὶ,

387 1157 486 1210 καὶ
526 1154 734 1227 ταύτην
769 1157 922 1208 οὐδὲν
956 1156 1129 1211 οὖσαν
1176 1159 1401 1222 εἰδότες,
1445 1159 1650 1229 μᾶλλον
1708 1161 1765 1215 δὲ
1818 1164 1967 1232 σαφῆ

386 1248 601 1314 γέλωτά
624 1264 682 1299 τε
717 1248 812 1300 καὶ
844 1250 1118 1316 παίγνιον,
1148 1249 1574 1320 βουλευσώμεθα
1626 1254 1693 1307 τά
1747 1253 1966 1323 βελτίω,

386 1340 486 1394 καὶ
512 1340 649 1409 προς
675 1339 871 1392 ἕνωσιν
909 1340 1278 1411 ὲπειχθῶμεν,
1313 1341 1432 1413 Θεῴ
1461 1344 1659 1413 ἀρέσαι
1707 1345 1969 1417 βουλόμε-

386 1450 496 1487 νοι.
561 1434 633 1487 ’Ἡ
659 1431 769 1502 γὰρ
818 1432 891 1503 μή
941 1434 1049 1487 δεῖν
1095 1434 1345 1505 δέχεσθαι
1411 1437 1544 1507 φαίη
1601 1456 1685 1503 τις
1715 1439 1781 1492 ἂν
1839 1443 1968 1511 τοὺς

388 1525 601 1591 ἁγίους,
629 1525 723 1575 καὶ
749 1525 927 1579 πάντα
960 1525 1216 1581 ὑπείκειν
1240 1526 1445 1589 αὐτοῖς·
1482 1530 1514 1598 ἢ
1556 1529 1815 1601 δέχεσθαι
1865 1532 1967 1604 μὲν

386 1619 584 1682 αὐτοὺς
613 1619 930 1687 ἀναγκαῖον,
965 1621 1025 1672 οὐ
1061 1618 1247 1689 μέντοι
1271 1619 1368 1673 καὶ
1397 1622 1741 1695 πλανηθῆναι
1765 1626 1966 1692 αὐτοὺς

386 1707 707 1779 ἀνθρώπους
737 1709 896 1772 ὄντας
926 1709 1208 1762 ἀδύνατον·
1244 1709 1276 1781 ἢ
1320 1713 1382 1763 τό
1405 1728 1467 1780 γε
1494 1712 1679 1777 λοιπὸν
1723 1719 1819 1771 καὶ
1841 1718 1961 1788 τρί-
1991 1783 1995 1786 ι

386 1820 498 1869 τον,
534 1804 582 1855 εί
606 1808 698 1859 καὶ
735 1801 915 1872 πάσης
935 1802 1041 1868 ἔξω
1074 1802 1285 1873 πλάνης
1328 1804 1457 1873 είσὶ,
1506 1806 1601 1861 καὶ
1632 1809 1810 1863 πάντα
1844 1828 1963 1864 πει⁸

389 1896 543 1951 στέον
579 1895 783 1958 αὐτοῖς,
819 1894 991 1946 ταῦτα
1019 1895 1205 1964 μέντοι
1238 1897 1307 1951 τά
1351 1898 1503 1967 παρά
1549 1899 1796 1956 Λατίνων
1842 1903 1965 1957 ἀνευ

384 1986 679 2057 γνωσμὲνα
713 1986 824 2039 τῶν
854 1986 1027 2055 ἁγίων
1064 1988 1204 2056 ῥητὰ
1231 1986 1332 2041 οὔκ
1354 1989 1464 2042 εἰσι
1498 1991 1696 2062 γνήσια
1726 1993 1825 2063 τῆς
1852 1994 1965 2049 δια-

384 2079 537 2140 νοίας
608 2078 856 2140 ἐκείνων,
913 2078 1047 2132 ἀλλά
1083 2079 1214 2133 νόθα
1243 2068 1365 2134 τινα
1418 2082 1512 2135 καὶ
1563 2084 1965 2159 παρέγγραπτα

383 2166 481 2221 καὶ
504 2166 681 2221 πάντα
714 2167 901 2230 ἁπλῶς
935 2168 1442 2239 παραπεποιημένα
1495 2168 1590 2222 καὶ
1647 2175 1963 2243 προσθῆκαι

388 2256 578 2326 χειρὸς
645 2255 959 2326 ἀλλοτρίας.
1006 2255 1173 2309 Ἀλλά
1216 2258 1325 2311 τῶν
1376 2260 1474 2330 μὲν
1529 2259 1765 2331 πρώτων
1808 2265 1962 2319 οὐδὲν

383 2347 544 2414 ὑμεῖς
572 2345 775 2411 δέξαιθ’
808 2347 897 2411 ἂν,
937 2346 970 2417 ἢ
1008 2348 1185 2402 πάντα
1240 2349 1400 2417 ἡμῶν
1458 2350 1624 2414 εὐθὺς
1676 2353 1958 2428 ἀνετράπη

380 2438 450 2491 τὰ
470 2438 568 2509 τῆς
606 2439 933 2511 Ἐκκλησίας
976 2442 1273 2512 μυστήρια,
1322 2443 1422 2496 καὶ
1464 2446 1554 2498 ἐπ’
1581 2445 1816 2511 οὐδενὸς,
1867 2450 1961 2503 καὶ

383 2530 697 2602 βεϐήκαμεν
736 2530 980 2604 ἰσχυροῦ·
1034 2532 1093 2584 τὸ
1115 2533 1174 2589 δέ
1207 2550 1270 2603 γε
1306 2534 1494 2590 λοιπον
1529 2539 1623 2591 καὶ
1652 2539 1836 2611 τρίτον
1867 2543 1959 2610 γέο

382 2622 490 2683 λως
513 2623 714 2695 σαφὴς,
752 2625 849 2676 καὶ
904 2624 1256 2692 κατάγνωσις
1307 2626 1599 2698 πρόδηλος,
1661 2632 1710 2683 εί
1776 2633 1957 2687 πάντα

381 2712 530 2782 ἑξῆς,
564 2713 707 2767 οὕτω
737 2713 837 2783 μὲν
866 2714 1105 2769 τοσαῦτα
1154 2714 1359 2786 βιϐλία,
1429 2718 1595 2772 οὖτω-
1624 2721 1683 2774 δὲ
1727 2722 1957 2779 τοιαῦτα

382 2806 513 2860 νόθα
545 2803 800 2878 ἐροῦμεν,
833 2805 1012 2862 καίτοι
1044 2807 1286 2877 παλαιᾷς
1319 2808 1418 2879 μὲν
1471 2811 1566 2865 καὶ
1588 2812 1957 2888 ἀρχαιοτάτης

379 2986 564 3041 verbis
594 2984 802 3053 dicere,
853 2994 1112 3056 tanquam
1143 3001 1255 3043 uno
1283 2997 1339 3043 et
1373 2989 1565 3047 eodem
1600 2991 1809 3064 Spiritu
1858 3012 1954 3055 cos

2074 515 2142 568 δι’
2172 516 2342 586 αὐτῆς
2366 517 2423 570 δὲ
2449 517 2548 585 τῆς
2575 515 2902 575 ἀκολουθίας
2925 516 3033 568 τῶν
3066 518 3506 589 προηγουμένων
3572 523 3673 575 καὶ

2075 607 2363 677 ἑπομένων
2396 608 2688 661 δεικνύντα
2715 606 2777 660 τὸ
2798 607 3046 674 γνήσιον·
3066 607 3160 660 καὶ
3192 606 3365 662 ταῦτα
3385 610 3500 664 τῶν
3528 612 3671 682 ἡμε-

2074 699 2247 768 τέρων
2286 700 2507 753 πάντων
2553 699 2651 752 καὶ
2703 697 2887 751 αὐτῶν
2935 698 3047 750 τῶν
3099 699 3509 768 ἀρχαιοτάτων,
3574 704 3671 756 καὶ

2072 790 2350 843 ὲπάύτοῦ
2414 790 2513 843 τοῦ
2577 791 2802 862 πρώτου
2844 787 3017 842 κακοῦ
3062 789 3173 849 ,καὶ
3206 790 3305 859 τῆς
3335 791 3670 863 διαιρέσεως

2075 881 2176 949 μὲν
2194 882 2383 952 ἀκμῆς
2420 884 2514 936 καὶ
2545 884 2719 953 ἀρχῆς
2742 883 3131 952 ἀκμασάντων,
3160 883 3539 953 μεμνημένων
3561 885 3662 954 μὲν

2069 973 2296 1036 τούτων,
2339 973 2492 1027 οὐδὲν
2520 974 2578 1028 δὲ
2622 976 2772 1043 ὅμως
2808 978 3086 1028 ἀντειπεῖν
3141 977 3493 1047 δυναμένων,
3548 979 3578 1030 ὃ
3610 994 3661 1029 τι

2071 1067 2166 1118 καὶ
2193 1065 2341 1131 ἀξιον
2369 1066 2552 1135 λόγου·
2578 1068 2754 1131 ἄλλως
2782 1086 2839 1122 τε
2870 1072 2965 1124 καὶ
2997 1068 3123 1142 μηδ’
3153 1073 3330 1127 ἄλλων
3359 1073 3496 1137 παρ’
3524 1073 3665 1142 ἡμῖν

2070 1157 2242 1211 όντων
2290 1159 2532 1231 βιϐλίων,
2556 1160 2693 1231 πρὸς
2733 1160 2768 1214 ἂ
2802 1163 3251 1233 παρασάλλοντες
3282 1165 3349 1217 τὰ
3404 1164 3519 1216 τῶν
3546 1166 3668 1218 Λα-

2069 1250 2254 1319 τίνων,
2292 1255 2352 1305 τδ
2382 1253 2535 1307 νόθον
2584 1254 2767 1307 αὐτῶν
2798 1257 3169 1329 ὲσωράσαμεν
3199 1258 3293 1311 ἀνί
3352 1260 3415 1310 Ἀ
3473 1260 3663 1309 πάντα

2071 1345 2551 1417 ἀναλογισάμενοι,
2591 1348 2688 1400 καὶ
2740 1350 2997 1402 πᾶσιτὺν
3050 1348 3177 1403 νοῦν
3232 1352 3659 1419 ἐπιστήσαντες,

2073 1438 2151 1508 μὴ
2179 1439 2248 1491 τὰ
2288 1438 2461 1509 χείρω
2487 1439 2759 1509 ἑλώμεθα,
2796 1442 2931 1510 μηδὲ
2982 1444 3103 1495 καθ’
3138 1444 3298 1513 ἡμῶν
3344 1443 3530 1495 αὐτῶν
3555 1445 3657 1511 τὴν

2067 1526 2252 1595 Ψῆφον
2275 1527 2677 1598 ἐξενέγκωμεν·
2710 1529 2883 1582 δεινὸν
2907 1530 3038 1600 γὰρ,
3089 1532 3154 1597 εί,
3177 1532 3336 1600 ἡμεῖς
3364 1530 3525 1598 ήμῶν
3551 1530 3653 1580 αὐ-

2066 1621 2175 1672 τῶν
2200 1620 2628 1691 καταγνοίημεν·
2656 1621 2795 1691 μηδὲ
2830 1623 3122 1691 προόὦμεν
3147 1622 3293 1692 ἡμᾶς
3324 1622 3528 1683 αὐτοὺς
3555 1621 3655 1673 καὶ

2068 1706 2333 1779 τὸγένος,
2385 1714 2582 1782 πρῶτα
2642 1713 2743 1783 μὲν
2794 1713 3505 1785 ἀποστραφῆναιδόξαντες
3549 1716 3652 1779 τὴν

2068 1802 2349 1873 ἀλήθειαν,
2404 1806 2496 1857 καὶ
2550 1805 2825 1875 μύσαντες
2873 1807 3004 1869 τοὺς
3041 1806 3355 1877 ὀφθαλμοὺς
3415 1804 3554 1875 πρὸς
3586 1804 3653 1855 τὸ

2069 1895 2207 1965 φῶς·
2249 1898 2439 1949 ἔπειτα
2490 1897 2545 1950 δὲ
2573 1900 2667 1950 καὶ
2702 1898 2978 1951 ἐθελονταὶ
3002 1900 3156 1951 αὐτοὶ
3198 1900 3321 1952 καθ’
3348 1900 3510 1970 ἡμῶν
3551 1900 3656 1951 αὖ·

2066 1987 2176 2040 τῶν
2204 1988 2270 2041 τὰ
2305 1988 2593 2042 δεινότατα
2628 1990 3050 2059 ὲπαγαγόντες,,
3092 1992 3190 2045 καὶ
3232 1992 3657 2045 πολλαπλασιά-

2069 2094 2263 2141 σαντες
2285 2079 2353 2131 τά
2379 2079 2553 2153 δεινά.
2591 2081 2732 2134 Ὅσα
2760 2084 2867 2153 γὰρ
2907 2086 3043 2152 ἡμῖν
3072 2085 3169 2137 καὶ
3213 2086 3513 2153 σωματικά
3566 2085 3657 2136 ὲνο

2067 2168 2256 2223 τεῦθεν
2298 2169 2482 2223 ἔπεισι
2508 2172 2682 2237 δεινὰ,
2729 2173 2827 2225 καὶ
2863 2172 2937 2236 ώς
2997 2175 3352 2244 ἰσχυρότερον
3406 2175 3515 2242 μὲν
3561 2175 3660 2226 τὶν

2066 2260 2250 2315 κοινὸν
2279 2262 2470 2331 ἐχυρὸν
2529 2263 2623 2315 καὶ
2657 2263 2916 2331 πολέμιον
2948 2264 3249 2333 όπλίσομεν
3314 2263 3438 2316 καθ’
3464 2264 3658 2334 ἡμῶν,

2065 2353 2164 2407 καὶ
2223 2352 2300 2416 ὡς
2349 2352 2654 2406 κινδυνεύει
2689 2356 2875 2424 σχεδον
2930 2357 3200 2425 παντελὴς
3252 2357 3473 2427 ὄλεθρος
3532 2358 3662 2409 ἐσε-

2067 2444 2191 2499 σθαι
2214 2445 2323 2499 τῶν
2355 2446 2447 2516 ὑφ’
2478 2449 2625 2518 ἡμᾶς
2657 2450 2751 2502 καὶ
2799 2450 2899 2520 τὴν
2925 2449 3262 2521 Ἐκκλησίαν
3295 2452 3394 2520 τὴν
3444 2452 3659 2522 ἡμετὲ-

2067 2555 2166 2610 ραν
2195 2539 2561 2608 Χριστιανῶν,
2594 2543 2688 2594 καί⁸
2728 2543 2790 2594 τὸ
2815 2542 2984 2613 ὄνομα
3007 2543 3101 2597 τοῦ
3151 2546 3393 2616 Χριστοῦ
3429 2549 3657 2602 ἐκεῖθεν

2063 2631 2268 2686 τέλειον
2296 2633 2746 2705 ὲκτριόήσεσῡαι,
2804 2636 2978 2699 οὐδεὶς
3026 2639 3231 2705 ἀγνοεῖ.
3287 2641 3394 2692 Καὶ
3422 2641 3654 2711 διῆλθον

2064 2726 2132 2781 ἂν
2163 2727 2342 2782 πάντα
2371 2729 2493 2781 καθ’
2537 2728 2616 2794 ἒν,
2648 2731 2744 2782 καὶ
2793 2728 3153 2804 ἐτραγῴδησα
3201 2736 3267 2786 τὰ
3301 2735 3529 2789 ἐπιόντα
3564 2737 3652 2809 τῷ

2061 2818 2211 2887 γένει
2239 2819 2387 2874 δεινά
2418 2822 2514 2874 καὶ
2571 2824 2709 2875 πᾶσι
2738 2825 2851 2887 τοῖς
2906 2826 3016 2879 ἀπὸ
3074 2827 3313 2897 Χριστοῦ
3370 2828 3659 2900 καλουμέ-

2060 3005 2345 3068 corrupta,
2390 3005 2623 3062 mutata,
2662 3007 2717 3053 et
2761 2999 3114 3070 superaddita
3169 3017 3293 3059 esse
3341 2988 3647 3072 dicemus;

380 3077 729 3134 illuminante
772 3078 1009 3134 locutos.
1060 3078 1313 3146 Demum,
1358 3097 1525 3152 quam
1574 3085 1748 3141 solam
1791 3089 2024 3186 nobisC
2058 3089 2298 3143 maxime
2363 3102 2489 3143 cum
2550 3089 2836 3145 videamus
2902 3092 3053 3161 ipsos
3120 3096 3342 3164 quoque
3410 3112 3648 3156 nostros

378 3171 445 3225 ad
492 3186 557 3225 ea
603 3186 723 3240 qua:
759 3169 935 3226 Latini
970 3172 1187 3241 dicunt,
1242 3175 1493 3231 relictam
1536 3184 1951 3251 responsionem

376 3262 560 3331 video,
594 3280 717 3319 cum
753 3264 856 3334 ipsi
890 3282 1112 3339 quoque
1142 3268 1347 3325 nullam
1380 3285 1501 3326 esse
1546 3273 1950 3348 judicaveritis,

378 3356 490 3412 imo
517 3371 646 3411 vero
675 3371 789 3412 rem
831 3359 1096 3427 puerilem
1126 3369 1183 3414 et
1217 3362 1446 3419 omnino
1476 3364 1791 3435 ridiculam,
1817 3387 1951 3427 con-

375 3448 620 3505 sulamus
655 3450 818 3507 nobis
846 3450 990 3518 ipsis
1020 3468 1144 3522 quae
1186 3455 1339 3512 utilia
1372 3467 1523 3522 sunt,
1562 3469 1619 3515 et
1658 3462 1803 3516 uniri
1848 3464 1953 3519 La-

377 3543 508 3597 tinis
562 3557 852 3609 conemur,
886 3544 931 3599 si
968 3559 1030 3598 ea
1067 3560 1190 3615 quae
1220 3547 1423 3617 placita
1464 3563 1595 3606 sunt
1622 3553 1734 3611 Deo
1768 3554 1950 3612 facere

380 3635 644 3689 velimus.
677 3633 789 3691 Aut
813 3636 959 3690 enim
996 3652 1105 3692 non
1135 3642 1457 3711 acccptandi
1491 3656 1619 3701 sunt
1648 3649 1824 3703 sancti
1854 3650 1950 3705 do-

372 3731 576 3788 ctores,
640 3738 742 3778 nec
793 3725 956 3781 dictis
1006 3741 1200 3781 eorum
1267 3733 1734 3807 acquiescendum
1782 3756 1798 3793 :
1852 3750 1949 3799 aut

374 3816 695 3886 aeceptandi
738 3817 985 3888 quidem,
1034 3829 1093 3875 et
1129 3826 1591 3889 acquiescendum
1641 3830 1805 3887 dictis
1856 3849 1949 3890 eo-

372 3923 519 3973 rum,
552 3924 663 3964 non
698 3920 880 3967 tamen
920 3914 1224 3979 omnibus;
1271 3932 1395 3972 cum
1441 3919 1547 3993 ipsi
1578 3937 1947 3997 quoquetan-

371 4012 539 4066 quam
589 3999 842 4059 homines
884 4002 939 4059 in
996 4005 1327 4074 quihusdam
1374 4024 1562 4067 errare
1610 4017 1941 4083 potuerint:

369 4096 466 4141 aut
495 4090 643 4161 quod
671 4092 947 4163 reliquum
980 4105 1034 4151 et
1066 4098 1288 4153 tertium
1323 4112 1430 4163 est,
1467 4117 1571 4158 nec
1617 4105 1671 4159 in
1704 4106 1945 4178 aliquem

370 4178 693 4236 inciderunt
722 4199 997 4251 errorem,
1044 4198 1100 4242 et
1133 4190 1351 4245 cunctis
1382 4208 1576 4247 eorum
1611 4197 1798 4253 verbis
1850 4216 1944 4255 ac—

366 4271 806 4341 quiescendum;
845 4276 963 4332 haec
1012 4285 1217 4346 tamen,
1253 4297 1377 4353 qua
1430 4282 1614 4341 Latini
1660 4290 1941 4359 produxe-

365 4374 531 4429 runt,
603 4373 863 4437 tanquam
924 4370 1144 4427 illorum
1202 4385 1531 4433 sanctorum
1586 4382 1940 4451 testimonia,

2059 3181 2225 3236 etiam
2258 3182 2621 3252 antiquiores,
2667 3193 2724 3238 et
2767 3185 2863 3254 qui
2899 3184 2953 3239 in
2985 3185 3117 3254 ipsis
3149 3186 3439 3257 principiis
3472 3190 3648 3261 hujus

2060 3274 2319 3329 acerrimi
2360 3274 2577 3329 dissidii
2612 3275 2860 3343 fuerunt,
2899 3276 3165 3332 facientes
3205 3280 3427 3347 quidem
3487 3300 3649 3339 men-

2061 3370 2269 3422 tionem
2341 3367 2737 3422 auctoritatum
2805 3367 3095 3423 doctorum
3167 3370 3642 3445 Occidentalium,

2060 3458 2199 3513 nihil
2259 3468 2441 3514 tamen
2494 3471 2691 3515 contra
2747 3476 2843 3516 eos
2880 3462 3145 3518 habentes
3188 3466 3334 3534 quod
3385 3470 3652 3528 dicerent

2058 3553 2271 3609 ratione
2303 3554 2552 3624 dignum.
2595 3556 2715 3623 Quo
2766 3556 2844 3622 lit,
2888 3565 2947 3611 ut
2976 3558 3126 3612 nullo
3189 3561 3353 3614 modo
3388 3564 3513 3631 quis
3550 3584 3655 3621 ras

2057 3655 2250 3713 putare
2283 3646 2484 3701 debeat
2519 3656 2808 3716 corruptas
2855 3648 3047 3714 fuisse,
3088 3651 3363 3720 siquidem
3413 3656 3465 3709 in
3519 3657 3653 3726 ipso

2055 3740 2222 3790 etiam
2257 3738 2632 3794 contentionis
2680 3740 2957 3809 principio
3001 3742 3195 3797 eodem
3232 3746 3396 3800 modo
3440 3748 3653 3804 inseri-

2056 3841 2207 3900 ptnm
2262 3831 2421 3887 libris
2475 3842 2625 3900 erat;
2686 3834 3033 3907 potissimum
3073 3851 3199 3891 cum
3237 3855 3359 3894 .ncc
3416 3852 3654 3898 exstent

2057 3925 2201 3995 apud
2234 3940 2335 3979 nos
2379 3926 2484 3981 alia
2541 3942 2733 3982 eorum
2769 3929 3057 3983 doctorum
3086 3932 3313 4002 antiqua
3348 3937 3644 3993 volumina

2054 4016 2238 4090 lingua
2271 4017 2465 4073 Latina
2518 4021 2743 4090 scripta,
2796 4022 2863 4076 ad
2913 4039 3055 4093 qua),
3092 4025 3233 4079 facta
3267 4033 3647 4098 comparatio-

2052 4126 2151 4172 ne,
2178 4124 2463 4178 possemus
2491 4112 2907 4184 deprehendere
2957 4132 3152 4173 eorum
3188 4124 3644 4195 corruptionem.

2052 4202 2185 4269 Qum
2213 4205 2397 4260 omnia
2434 4220 2557 4259 cum
2590 4207 3100 4266 animadvertamus
3142 4222 3200 4268 et
3232 4224 3414 4269 mente
3473 4234 3645 4287 repe—

2054 4302 2256 4359 tamus,
2286 4309 2393 4349 non
2424 4295 2691 4367 eligamus
2724 4314 2847 4368 qua:
2891 4300 3079 4370 pejora
3112 4312 3262 4370 sunt,
3302 4321 3403 4360 nec
3433 4319 3640 4365 contra

2054 4403 2154 4443 nos
2187 4389 2337 4458 ipsos
2384 4390 2715 4445 sententiam
2765 4391 3047 4459 feramus;
3084 4396 3328 4452 nolimus
3378 4415 3483 4455 nec
3532 4420 3642 4460 nos

368 4472 480 4509 non
511 4472 579 4511 ex
609 4474 801 4514 eorum
850 4472 1036 4518 mente
1068 4468 1404 4536 procedunt,
1448 4485 1552 4527 nec
1587 4487 1781 4530 eorum
1814 4493 1944 4533 sen-
1977 4483 2021 4538 D
2052 4480 2223 4550 ipsos,
2260 4496 2365 4536 nec
2410 4482 2694 4537 nationem
2732 4493 2979 4540 nostram
3009 4488 3266 4560 prodere,
3298 4492 3478 4560 primo
3508 4499 3642 4565 «tui-

367 4548 559 4604 tentize
606 4561 759 4619 sunt,
790 4553 887 4607 sed
917 4551 1242 4612 Latinorum
1283 4559 1483 4631 horum
1534 4562 1809 4632 ﬁctiones,
1845 4568 1947 4622 ad-

369 4638 611 4697 ditioncs
652 4651 707 4697 et
756 4646 1153 4719 appositiones,
1216 4666 1381 4706 manu
1432 4662 1730 4728 menteque
1766 4658 1943 4713 aliena

368 4730 523 4785 libris
556 4743 879 4790 sanctorum
939 4738 1229 4812 inscripta.
1262 4743 1332 4799 At
1365 4746 1671 4814 primorum
1708 4747 1944 4803 duorum

367 4834 626 4879 neutrum
658 4838 809 4883 certe
861 4830 1004 4899 scio,
1033 4848 1135 4888 nec
1174 4850 1269 4889 vos
1308 4838 1654 4908 approbatis,
1685 4841 1790 4896 nisi
1818 4844 1947 4913 quis

368 4916 553 4971 omnia
587 4917 716 4974 ﬁdei
766 4931 968 4976 nostra:
1016 4926 1393 4995 fundamenta,
1435 4931 1697 4989 Ecclesiae
1742 4945 1946 5006 myste-

370 5008 471 5073 ria,
498 5019 555 5064 et
584 5026 804 5067 omnem
840 5017 1128 5074 veritatem
1158 5030 1411 5078 evertere
1452 5024 1623 5082 velit:
1665 5027 1942 5099 reliquum

367 5118 500 5158 vero
559 5115 615 5160 et
665 5106 885 5161 tertium
944 5110 1233 5169 manifesta
1280 5115 1547 5183 stultitia,
1595 5122 1944 5189 apertissima

363 5195 582 5266 ignavia
618 5207 721 5264 est,
751 5200 800 5257 si
847 5209 927 5255 tot
973 5217 1163 5259 eorum
1196 5205 1385 5273 libros,
1433 5220 1512 5265 tot
1552 5226 1746 5267 eorum
1778 5231 1943 5285 opera

364 5290 673 5355 doctorum,
704 5300 786 5349 tot
815 5307 1005 5349 eorum
1052 5296 1286 5363 labores,
1331 5309 1410 5354 tot
1443 5303 1744 5371 volumina,
1799 5323 1942 5377 pra:-

363 5382 557 5439 scrtitn
594 5383 984 5452 antiquissima
1038 5405 1201 5444 manu
1256 5394 1518 5450 nonnulla
1572 5412 1766 5452 eorum
1804 5415 1940 5455 con-

362 5476 593 5546 scripta,
643 5486 698 5531 ct
733 5494 833 5548 per
862 5489 1037 5534 totum
1069 5484 1258 5539 orbem
1305 5496 1578 5542 terrarum
1627 5504 1841 5561 Sparsa,
1886 5502 1942 5548 ct

364 5560 750 5636 multiplicata,
788 5586 887 5640 per
932 5572 1109 5644 ipsum
1152 5576 1281 5632 item
1311 5560 1669 5648 sequentium
1695 5583 1763 5637 ad
1800 5600 1939 5655 pra:-

360 5658 609 5715 cedentia
644 5677 956 5735 connexum
989 5676 1045 5722 et
1072 5671 1543 5740 convenientiam,
1578 5674 1752 5745 ipsam
1793 5678 1940 5732 veri-

362 5758 529 5806 tatem
586 5752 707 5807 luce
755 5755 961 5815 clarius
1001 5761 1396 5833 ostendentia,
1442 5770 1739 5824 temerario
1792 5785 1930 5828 ausu

2051 4574 2174 4627 dem
2215 4582 2529 4628 avertentes
2570 4589 2600 4628 a
2642 4568 2892 4643 veritate,
2962 4587 3017 4633 et
3052 4581 3266 4649 oculos,
3303 4598 3373 4638 ne
3405 4585 3640 4643 videam

2046 4664 2258 4730 lumen,
2296 4665 2620 4720 claudentes
2646 4683 2660 4734 ;
2689 4665 2892 4724 deinde
2926 4670 3149 4741 ipsimet
3177 4677 3398 4748 propria
3424 4690 3637 4750 sponte

2048 4767 2241 4815 contra
2288 4771 2390 4811 nos
2429 4758 2581 4829 ipsos
2610 4773 2779 4815 omne
2830 4776 3005 4833 genus
3039 4765 3310 4821 malorum
3346 4784 3587 4825 accumu
3612 4805 3637 4816 -

2046 4847 2246 4914 iantes,
2281 4859 2339 4907 et
2388 4849 2769 4919 multipliciter
2822 4860 2992 4907 totam
3047 4867 3291 4914 nostram
3340 4861 3628 4919 nationem

2047 4940 2410 4996 oliendontes.
2446 4941 2581 5007 Quis
2607 4942 2753 4997 enim
2786 4943 3029 5019 ignorat,
3059 4965 3180 5018 qua:
3210 4952 3378 5005 etiam
3405 4960 3633 5028 tempo-

2047 5034 2179 5091 ralia
2218 5034 2360 5089 mala
2418 5050 2485 5089 ex
2540 5034 2644 5089 hac
2693 5036 2967 5095 divisione
3003 5056 3103 5097 nos
3140 5053 3402 5100 secutura
3450 5058 3588 5103 sunt
3614 5052 3640 5105 2

2047 5141 2169 5196 quae
2222 5125 2845 5199 infortunia?quodque
2893 5146 3245 5191 communem
3299 5138 3513 5195 hostem
3571 5156 3636 5199 et

2051 5218 2341 5273 inimicum
2388 5219 2545 5275 nobis
2574 5220 2879 5278 Turcarum
2916 5226 3220 5299 principem
3251 5233 3631 5291 robustiorem

2047 5321 2239 5367 contra
2273 5326 2375 5364 nos
2428 5313 2578 5383 ipsos
2627 5313 2933 5372 vilic-imus?
2975 5319 3027 5373 in
3067 5323 3430 5394 periculoque
3465 5340 3629 5391 sunt,

2050 5412 2109 5456 ut
2135 5403 2361 5457 omnino
2392 5404 2505 5459 fere
2536 5419 2767 5476 pereant
2796 5410 3120 5483 quicunque
3159 5418 3328 5470 ritum
3365 5430 3625 5476 nostrum

2048 5506 2363 5565 sequuntur
2393 5496 2716 5568 Christiani,
2751 5517 3066 5576 nomenque
3094 5504 3299 5563 Christi
3338 5511 3453 5567 illic
3485 5522 3632 5568 tcta-

2045 5589 2173 5643 liter
2211 5588 2483 5645 deleatur.
2536 5589 2603 5647 Et
2652 5608 3088 5668 enumerassem,
3141 5612 3197 5656 et
3240 5602 3627 5675 deplorassem

2045 5694 2239 5733 omnes
2270 5681 2680 5750 particularins,
2714 5701 2836 5755 qua:
2869 5686 3069 5745 futura:
3098 5702 3226 5748 sunt
3268 5694 3477 5750 nationi
3523 5714 3630 5753 no-

2043 5780 2171 5829 strae
2200 5770 2563 5843 calamitates,
2615 5791 2736 5851 qua:
2768 5780 2983 5839 cunctis
3015 5785 3219 5842 nostris
3266 5786 3615 5863 hominibus,
