  <div class='ocr_page' id='page_1' title='image "/cluster/home/n/w/nwhite01/storage/ocr_20150623/161/hvd.32044073502700/418.png"; bbox 0 0 3880 6220; ppageno 0'>
   <div class='ocr_carea' id='block_1_1' title="bbox 309 348 424 412">
    <p class='ocr_par' dir='ltr' id='par_1_1' title="bbox 309 348 424 412">
     <span class='ocr_line' id='line_1_1' title="bbox 309 348 424 412; baseline 0.017 -2"><span class='ocrx_word' id='word_1_1' title='bbox 309 348 424 412; x_wconf 68' lang='lat'><strong>609</strong></span> 
     </span>
    </p>
   </div>
   <div class='ocr_carea' id='block_1_2' title="bbox 1307 297 2655 408">
    <p class='ocr_par' dir='ltr' id='par_1_2' title="bbox 1307 297 2655 408">
     <span class='ocr_line' id='line_1_2' title="bbox 1307 297 2655 408; baseline -0.005 0"><span class='ocrx_word' id='word_1_2' title='bbox 1307 344 1593 408; x_wconf 71' lang='lat' dir='ltr'><strong>omne</strong></span> <span class='ocrx_word' id='word_1_3' title='bbox 1644 341 2089 406; x_wconf 71' lang='lat' dir='ltr'><strong>DOGMATICA</strong></span> <span class='ocrx_word' id='word_1_4' title='bbox 2135 341 2282 406; x_wconf 75' lang='lat' dir='ltr'><strong>PRO</strong></span> <span class='ocrx_word' id='word_1_5' title='bbox 2329 341 2655 405; x_wconf 71' lang='lat' dir='ltr'><strong>UNIONE.</strong></span> 
     </span>
    </p>
   </div>
   <div class='ocr_carea' id='block_1_3' title="bbox 3470 337 3577 400">
    <p class='ocr_par' dir='ltr' id='par_1_3' title="bbox 3470 337 3577 400">
     <span class='ocr_line' id='line_1_3' title="bbox 3470 337 3577 400; baseline -0.028 0"><span class='ocrx_word' id='word_1_6' title='bbox 3470 337 3577 400; x_wconf 79' lang='lat'><strong>010</strong></span> 
     </span>
    </p>
   </div>
   <div class='ocr_carea' id='block_1_4' title="bbox 317 452 3576 537">
    <p class='ocr_par' dir='ltr' id='par_1_4' title="bbox 317 452 3576 537">
     <span class='ocr_line' id='line_1_4' title="bbox 317 452 3576 537; baseline -0.004 -18"><span class='ocrx_word' id='word_1_7' title='bbox 317 486 450 530; x_wconf 75' lang='grc' dir='ltr'>νοις,</span> <span class='ocrx_word' id='word_1_8' title='bbox 482 469 602 530; x_wconf 86' lang='grc' dir='ltr'>τοῖς</span> <span class='ocrx_word' id='word_1_9' title='bbox 633 485 690 520; x_wconf 90' lang='grc' dir='ltr'><strong>τε</strong></span> <span class='ocrx_word' id='word_1_10' title='bbox 725 469 784 521; x_wconf 82' lang='grc' dir='ltr'>ὲν</span> <span class='ocrx_word' id='word_1_11' title='bbox 815 459 1034 537; x_wconf 49' lang='grc' dir='ltr'>νήσοις,</span> <span class='ocrx_word' id='word_1_12' title='bbox 1073 462 1181 532; x_wconf 75' lang='grc' dir='ltr'>τοῖς</span> <span class='ocrx_word' id='word_1_13' title='bbox 1215 484 1272 520; x_wconf 85' lang='grc' dir='ltr'><strong>τε</strong></span> <span class='ocrx_word' id='word_1_14' title='bbox 1321 471 1378 520; x_wconf 85' lang='grc' dir='ltr'>ὲν</span> <span class='ocrx_word' id='word_1_15' title='bbox 1428 469 1550 530; x_wconf 85' lang='grc' dir='ltr'>ταῖς</span> <span class='ocrx_word' id='word_1_16' title='bbox 1609 466 1891 535; x_wconf 81' lang='grc' dir='ltr'>ἠπείροις,</span> <span class='ocrx_word' id='word_1_17' title='bbox 1927 474 1969 525; x_wconf 78' lang='grc' dir='ltr'>Α</span> <span class='ocrx_word' id='word_1_18' title='bbox 2001 463 2236 534; x_wconf 73' lang='grc' dir='ltr'>ψυχικῆς</span> <span class='ocrx_word' id='word_1_19' title='bbox 2269 464 2476 534; x_wconf 77' lang='grc' dir='ltr'><strong>βλάὗης</strong></span> <span class='ocrx_word' id='word_1_20' title='bbox 2513 463 2788 532; x_wconf 75' lang='grc' dir='ltr'><strong>ἑλώμεθα·</strong></span> <span class='ocrx_word' id='word_1_21' title='bbox 2831 462 2926 515; x_wconf 70' lang='grc' dir='ltr'>καὶ</span> <span class='ocrx_word' id='word_1_22' title='bbox 2951 452 3167 529; x_wconf 71' lang='grc' dir='ltr'><strong>τάληΌῆ</strong></span> <span class='ocrx_word' id='word_1_23' title='bbox 3199 475 3254 511; x_wconf 86' lang='grc' dir='ltr'><strong>τε</strong></span> <span class='ocrx_word' id='word_1_24' title='bbox 3302 458 3397 510; x_wconf 77' lang='grc' dir='ltr'>καὶ</span> <span class='ocrx_word' id='word_1_25' title='bbox 3425 457 3576 509; x_wconf 77' lang='grc' dir='ltr'>εὐσεο</span> 
     </span>
    </p>
   </div>
   <div class='ocr_carea' id='block_1_5' title="bbox 316 555 1895 631">
    <p class='ocr_par' dir='ltr' id='par_1_5' title="bbox 316 555 1895 631">
     <span class='ocr_line' id='line_1_5' title="bbox 316 555 1895 631; baseline -0.003 -21"><span class='ocrx_word' id='word_1_26' title='bbox 316 563 430 622; x_wconf 79' lang='grc' dir='ltr'>τοῖς</span> <span class='ocrx_word' id='word_1_27' title='bbox 449 563 508 614; x_wconf 81' lang='grc' dir='ltr'>ἐν</span> <span class='ocrx_word' id='word_1_28' title='bbox 547 561 809 631; x_wconf 77' lang='grc' dir='ltr'><strong>ἀνατολῇ,</strong></span> <span class='ocrx_word' id='word_1_29' title='bbox 858 562 968 623; x_wconf 83' lang='grc' dir='ltr'>τοῖς</span> <span class='ocrx_word' id='word_1_30' title='bbox 1005 561 1060 613; x_wconf 77' lang='grc' dir='ltr'>ὲν</span> <span class='ocrx_word' id='word_1_31' title='bbox 1093 561 1302 630; x_wconf 81' lang='grc' dir='ltr'><strong>ἄρκτῳ,</strong></span> <span class='ocrx_word' id='word_1_32' title='bbox 1345 560 1442 613; x_wconf 74' lang='grc' dir='ltr'>καὶ</span> <span class='ocrx_word' id='word_1_33' title='bbox 1494 561 1604 621; x_wconf 84' lang='grc' dir='ltr'>τοῖς</span> <span class='ocrx_word' id='word_1_34' title='bbox 1634 560 1691 610; x_wconf 81' lang='grc' dir='ltr'>ὲν</span> <span class='ocrx_word' id='word_1_35' title='bbox 1742 555 1895 608; x_wconf 86' lang='grc' dir='ltr'>δύσει</span> 
     </span>
    </p>
   </div>
   <div class='ocr_carea' id='block_1_6' title="bbox 316 646 1898 720">
    <p class='ocr_par' dir='ltr' id='par_1_6' title="bbox 316 646 1898 720">
     <span class='ocr_line' id='line_1_6' title="bbox 316 646 1898 720; baseline 0.003 -20"><span class='ocrx_word' id='word_1_36' title='bbox 316 652 427 713; x_wconf 80' lang='grc' dir='ltr'>τοῖς</span> <span class='ocrx_word' id='word_1_37' title='bbox 455 652 588 718; x_wconf 70' lang='grc' dir='ltr'>ἡμῖν</span> <span class='ocrx_word' id='word_1_38' title='bbox 625 650 980 720; x_wconf 81' lang='grc' dir='ltr'>όμογνὼμοσί</span> <span class='ocrx_word' id='word_1_39' title='bbox 1008 667 1067 704; x_wconf 87' lang='grc' dir='ltr'><strong>τε</strong></span> <span class='ocrx_word' id='word_1_40' title='bbox 1096 652 1191 703; x_wconf 78' lang='grc' dir='ltr'>καὶ</span> <span class='ocrx_word' id='word_1_41' title='bbox 1211 649 1532 720; x_wconf 77' lang='grc' dir='ltr'>ὁμόφροσιν,</span> <span class='ocrx_word' id='word_1_42' title='bbox 1563 647 1662 718; x_wconf 82' lang='grc' dir='ltr'><strong>οὐχ</strong></span> <span class='ocrx_word' id='word_1_43' title='bbox 1687 647 1790 701; x_wconf 77' lang='grc' dir='ltr'>ὅσα</span> <span class='ocrx_word' id='word_1_44' title='bbox 1815 646 1898 704; x_wconf 79' lang='grc' dir='ltr'><strong>εἰς</strong></span> 
     </span>
    </p>
   </div>
   <div class='ocr_carea' id='block_1_7' title="bbox 318 738 1898 813">
    <p class='ocr_par' dir='ltr' id='par_1_7' title="bbox 318 738 1898 813">
     <span class='ocr_line' id='line_1_7' title="bbox 318 738 1898 813; baseline -0.002 -18"><span class='ocrx_word' id='word_1_45' title='bbox 318 745 481 813; x_wconf 76' lang='grc' dir='ltr'>σῶμα</span> <span class='ocrx_word' id='word_1_46' title='bbox 509 742 604 796; x_wconf 74' lang='grc' dir='ltr'>καὶ</span> <span class='ocrx_word' id='word_1_47' title='bbox 635 742 703 795; x_wconf 73' lang='grc' dir='ltr'><strong>τὰ</strong></span> <span class='ocrx_word' id='word_1_48' title='bbox 726 741 1017 811; x_wconf 75' lang='grc' dir='ltr'>σωματικὰ</span> <span class='ocrx_word' id='word_1_49' title='bbox 1049 743 1384 812; x_wconf 78' lang='grc' dir='ltr'>ἀναφέρεται</span> <span class='ocrx_word' id='word_1_50' title='bbox 1408 741 1588 811; x_wconf 88' lang='grc' dir='ltr'>μόνον,</span> <span class='ocrx_word' id='word_1_51' title='bbox 1619 741 1680 793; x_wconf 83' lang='grc' dir='ltr'><strong>οὐ</strong></span> <span class='ocrx_word' id='word_1_52' title='bbox 1706 738 1898 793; x_wconf 80' lang='grc' dir='ltr'>τοσοῦ-</span> 
     </span>
    </p>
   </div>
   <div class='ocr_carea' id='block_1_8' title="bbox 316 829 1897 904">
    <p class='ocr_par' dir='ltr' id='par_1_8' title="bbox 316 829 1897 904">
     <span class='ocr_line' id='line_1_8' title="bbox 316 829 1897 904; baseline -0.001 -19"><span class='ocrx_word' id='word_1_53' title='bbox 316 852 410 887; x_wconf 89' lang='grc' dir='ltr'><strong>τον</strong></span> <span class='ocrx_word' id='word_1_54' title='bbox 433 835 540 904; x_wconf 74' lang='grc' dir='ltr'>γὰρ</span> <span class='ocrx_word' id='word_1_55' title='bbox 561 833 627 888; x_wconf 80' lang='grc' dir='ltr'>ἂν</span> <span class='ocrx_word' id='word_1_56' title='bbox 647 829 715 904; x_wconf 74' lang='grc' dir='ltr'>ἦν</span> <span class='ocrx_word' id='word_1_57' title='bbox 740 833 798 886; x_wconf 75' lang='grc' dir='ltr'>τὸ</span> <span class='ocrx_word' id='word_1_58' title='bbox 826 833 1019 898; x_wconf 80' lang='grc' dir='ltr'>δεινὸν,</span> <span class='ocrx_word' id='word_1_59' title='bbox 1052 834 1190 887; x_wconf 77' lang='grc' dir='ltr'>ἀλλὰ</span> <span class='ocrx_word' id='word_1_60' title='bbox 1217 834 1312 886; x_wconf 76' lang='grc' dir='ltr'><strong>καὶ</strong></span> <span class='ocrx_word' id='word_1_61' title='bbox 1338 833 1440 886; x_wconf 82' lang='grc' dir='ltr'>ὅσα</span> <span class='ocrx_word' id='word_1_62' title='bbox 1475 834 1555 896; x_wconf 82' lang='grc' dir='ltr'><strong>είς</strong></span> <span class='ocrx_word' id='word_1_63' title='bbox 1607 832 1791 902; x_wconf 74' lang='grc' dir='ltr'>ψυχήν</span> <span class='ocrx_word' id='word_1_64' title='bbox 1835 846 1897 884; x_wconf 86' lang='grc' dir='ltr'><strong>τε</strong></span> 
     </span>
    </p>
   </div>
   <div class='ocr_carea' id='block_1_9' title="bbox 318 920 1899 992">
    <p class='ocr_par' dir='ltr' id='par_1_9' title="bbox 318 920 1899 992">
     <span class='ocr_line' id='line_1_9' title="bbox 318 920 1899 992; baseline -0.002 -14"><span class='ocrx_word' id='word_1_65' title='bbox 318 927 416 978; x_wconf 67' lang='grc' dir='ltr'>καὶ</span> <span class='ocrx_word' id='word_1_66' title='bbox 438 925 538 992; x_wconf 78' lang='grc' dir='ltr'>τὴν</span> <span class='ocrx_word' id='word_1_67' title='bbox 598 922 881 977; x_wconf 74' lang='grc' dir='ltr'>εὐσέϐειαν</span> <span class='ocrx_word' id='word_1_68' title='bbox 962 923 1155 989; x_wconf 88' lang='grc' dir='ltr'>τείνει,</span> <span class='ocrx_word' id='word_1_69' title='bbox 1216 924 1441 977; x_wconf 71' lang='grc' dir='ltr'>πάντων</span> <span class='ocrx_word' id='word_1_70' title='bbox 1487 920 1673 983; x_wconf 81' lang='grc' dir='ltr'>ἁπλῶς</span> <span class='ocrx_word' id='word_1_71' title='bbox 1720 920 1899 991; x_wconf 72' lang='grc' dir='ltr'>ἡτῶν</span> 
     </span>
    </p>
   </div>
   <div class='ocr_carea' id='block_1_10' title="bbox 320 1014 1899 1086">
    <p class='ocr_par' dir='ltr' id='par_1_10' title="bbox 320 1014 1899 1086">
     <span class='ocr_line' id='line_1_10' title="bbox 320 1014 1899 1086; baseline -0.003 -16"><span class='ocrx_word' id='word_1_72' title='bbox 320 1018 604 1078; x_wconf 83' lang='grc' dir='ltr'>πλειόνων,</span> <span class='ocrx_word' id='word_1_73' title='bbox 641 1017 750 1070; x_wconf 81' lang='grc' dir='ltr'><strong>τῶν</strong></span> <span class='ocrx_word' id='word_1_74' title='bbox 783 1017 882 1086; x_wconf 84' lang='grc' dir='ltr'>μὲν</span> <span class='ocrx_word' id='word_1_75' title='bbox 906 1016 1167 1082; x_wconf 80' lang='grc' dir='ltr'>ἑκόντων,</span> <span class='ocrx_word' id='word_1_76' title='bbox 1203 1016 1313 1069; x_wconf 81' lang='grc' dir='ltr'>τῶν</span> <span class='ocrx_word' id='word_1_77' title='bbox 1343 1015 1400 1068; x_wconf 79' lang='grc' dir='ltr'>δὲ</span> <span class='ocrx_word' id='word_1_78' title='bbox 1423 1014 1668 1068; x_wconf 78' lang='grc' dir='ltr'><strong>ἀκόντων</strong></span> <span class='ocrx_word' id='word_1_79' title='bbox 1701 1014 1899 1068; x_wconf 85' lang='grc' dir='ltr'>κινδυ-</span> 
     </span>
    </p>
   </div>
   <div class='ocr_carea' id='block_1_11' title="bbox 318 1105 1897 1181">
    <p class='ocr_par' dir='ltr' id='par_1_11' title="bbox 318 1105 1897 1181">
     <span class='ocr_line' id='line_1_11' title="bbox 318 1105 1897 1181; baseline -0.003 -19"><span class='ocrx_word' id='word_1_80' title='bbox 318 1113 586 1164; x_wconf 74' lang='grc' dir='ltr'>νευόντων</span> <span class='ocrx_word' id='word_1_81' title='bbox 611 1109 927 1180; x_wconf 79' lang='grc' dir='ltr'><strong>ὑπαχθῆναι</strong></span> <span class='ocrx_word' id='word_1_82' title='bbox 948 1112 1013 1181; x_wconf 80' lang='grc' dir='ltr'>τῇ</span> <span class='ocrx_word' id='word_1_83' title='bbox 1043 1109 1248 1181; x_wconf 80' lang='grc' dir='ltr'>πλάνῃ,</span> <span class='ocrx_word' id='word_1_84' title='bbox 1270 1108 1366 1162; x_wconf 79' lang='grc' dir='ltr'>καὶ</span> <span class='ocrx_word' id='word_1_85' title='bbox 1393 1108 1694 1176; x_wconf 81' lang='grc' dir='ltr'>ἀποστῆναι</span> <span class='ocrx_word' id='word_1_86' title='bbox 1735 1105 1897 1174; x_wconf 87' lang='grc' dir='ltr'>Θεοῦ,</span> 
     </span>
    </p>
   </div>
   <div class='ocr_carea' id='block_1_12' title="bbox 319 1197 1900 1274">
    <p class='ocr_par' dir='ltr' id='par_1_12' title="bbox 319 1197 1900 1274">
     <span class='ocr_line' id='line_1_12' title="bbox 319 1197 1900 1274; baseline -0.001 -21"><span class='ocrx_word' id='word_1_87' title='bbox 319 1205 366 1254; x_wconf 87' lang='grc' dir='ltr'>εἰ</span> <span class='ocrx_word' id='word_1_88' title='bbox 397 1203 472 1274; x_wconf 71' lang='grc' dir='ltr'>μὴ</span> <span class='ocrx_word' id='word_1_89' title='bbox 497 1201 634 1272; x_wconf 83' lang='grc' dir='ltr'>πρὸς</span> <span class='ocrx_word' id='word_1_90' title='bbox 663 1201 918 1264; x_wconf 84' lang='grc' dir='ltr'>εἰδόταςό</span> <span class='ocrx_word' id='word_1_91' title='bbox 963 1200 1122 1268; x_wconf 82' lang='grc' dir='ltr'>λόγος</span> <span class='ocrx_word' id='word_1_92' title='bbox 1151 1201 1384 1268; x_wconf 81' lang='grc' dir='ltr'>ἐγίνετο,</span> <span class='ocrx_word' id='word_1_93' title='bbox 1427 1197 1524 1250; x_wconf 60' lang='grc' dir='ltr'><strong>καὶ⁸</strong></span> <span class='ocrx_word' id='word_1_94' title='bbox 1575 1197 1672 1251; x_wconf 88' lang='grc' dir='ltr'><strong>τοῦ</strong></span> <span class='ocrx_word' id='word_1_95' title='bbox 1713 1197 1900 1265; x_wconf 76' lang='grc' dir='ltr'>λέγον·</span> 
     </span>
    </p>
   </div>
   <div class='ocr_carea' id='block_1_13' title="bbox 319 1285 1898 1363">
    <p class='ocr_par' dir='ltr' id='par_1_13' title="bbox 319 1285 1898 1363">
     <span class='ocr_line' id='line_1_13' title="bbox 319 1285 1898 1363; baseline -0.001 -17"><span class='ocrx_word' id='word_1_96' title='bbox 319 1311 413 1357; x_wconf 85' lang='grc' dir='ltr'><strong>τος</strong></span> <span class='ocrx_word' id='word_1_97' title='bbox 467 1293 672 1363; x_wconf 79' lang='grc' dir='ltr'>μᾶλλον</span> <span class='ocrx_word' id='word_1_98' title='bbox 721 1293 1145 1362; x_wconf 73' lang='grc' dir='ltr'>ἐπισταμένους.</span> <span class='ocrx_word' id='word_1_99' title='bbox 1189 1293 1285 1354; x_wconf 80' lang='grc' dir='ltr'>Τίς</span> <span class='ocrx_word' id='word_1_100' title='bbox 1333 1293 1441 1360; x_wconf 84' lang='grc' dir='ltr'>γὰρ</span> <span class='ocrx_word' id='word_1_101' title='bbox 1491 1291 1590 1344; x_wconf 75' lang='grc' dir='ltr'><strong>οὐκ</strong></span> <span class='ocrx_word' id='word_1_102' title='bbox 1638 1285 1778 1344; x_wconf 75' lang='grc' dir='ltr'>οῗδεν</span> <span class='ocrx_word' id='word_1_103' title='bbox 1823 1291 1898 1354; x_wconf 84' lang='grc' dir='ltr'><strong>ὡς</strong></span> 
     </span>
    </p>
   </div>
   <div class='ocr_carea' id='block_1_14' title="bbox 321 1383 1902 1456">
    <p class='ocr_par' dir='ltr' id='par_1_14' title="bbox 321 1383 1902 1456">
     <span class='ocr_line' id='line_1_14' title="bbox 321 1383 1902 1456; baseline -0.001 -18"><span class='ocrx_word' id='word_1_104' title='bbox 321 1387 461 1456; x_wconf 83' lang='grc' dir='ltr'>μόνη</span> <span class='ocrx_word' id='word_1_105' title='bbox 493 1385 593 1454; x_wconf 76' lang='grc' dir='ltr'>μὲν</span> <span class='ocrx_word' id='word_1_106' title='bbox 622 1385 756 1455; x_wconf 76' lang='grc' dir='ltr'>ἡμῖν</span> <span class='ocrx_word' id='word_1_107' title='bbox 783 1387 842 1438; x_wconf 78' lang='grc' dir='ltr'><strong>έν</strong></span> <span class='ocrx_word' id='word_1_108' title='bbox 867 1385 1141 1447; x_wconf 77' lang='grc' dir='ltr'>κινδύνοις</span> <span class='ocrx_word' id='word_1_109' title='bbox 1166 1384 1461 1454; x_wconf 75' lang='grc' dir='ltr'>καταφυγὴ</span> <span class='ocrx_word' id='word_1_110' title='bbox 1484 1383 1546 1436; x_wconf 83' lang='grc' dir='ltr'>τὸ</span> <span class='ocrx_word' id='word_1_111' title='bbox 1567 1383 1677 1436; x_wconf 85' lang='grc' dir='ltr'>τῶν</span> <span class='ocrx_word' id='word_1_112' title='bbox 1732 1385 1902 1436; x_wconf 78' lang='grc' dir='ltr'>Λατί-</span> 
     </span>
    </p>
   </div>
   <div class='ocr_carea' id='block_1_15' title="bbox 322 1475 1897 1546">
    <p class='ocr_par' dir='ltr' id='par_1_15' title="bbox 322 1475 1897 1546">
     <span class='ocr_line' id='line_1_15' title="bbox 322 1475 1897 1546; baseline -0.002 -15"><span class='ocrx_word' id='word_1_113' title='bbox 322 1497 429 1531; x_wconf 87' lang='grc' dir='ltr'><strong>νων</strong></span> <span class='ocrx_word' id='word_1_114' title='bbox 449 1479 607 1546; x_wconf 84' lang='grc' dir='ltr'>γένος</span> <span class='ocrx_word' id='word_1_115' title='bbox 642 1476 998 1530; x_wconf 77' lang='grc' dir='ltr'><strong>κατελείπετο</strong></span> <span class='ocrx_word' id='word_1_116' title='bbox 1043 1476 1141 1529; x_wconf 71' lang='grc' dir='ltr'>καὶ</span> <span class='ocrx_word' id='word_1_117' title='bbox 1196 1477 1229 1546; x_wconf 75' lang='grc' dir='ltr'>ἡ</span> <span class='ocrx_word' id='word_1_118' title='bbox 1265 1478 1388 1545; x_wconf 74' lang='grc' dir='ltr'>μετ’</span> <span class='ocrx_word' id='word_1_119' title='bbox 1441 1475 1626 1530; x_wconf 84' lang='grc' dir='ltr'>αὐτῶν</span> <span class='ocrx_word' id='word_1_120' title='bbox 1680 1476 1897 1542; x_wconf 70' lang='grc' dir='ltr'>ένωσις,</span> 
     </span>
    </p>
   </div>
   <div class='ocr_carea' id='block_1_16' title="bbox 323 1567 1900 1638">
    <p class='ocr_par' dir='ltr' id='par_1_16' title="bbox 323 1567 1900 1638">
     <span class='ocr_line' id='line_1_16' title="bbox 323 1567 1900 1638; baseline -0.002 -16"><span class='ocrx_word' id='word_1_121' title='bbox 323 1569 538 1622; x_wconf 77' lang='grc' dir='ltr'>ἐκεῖθεν</span> <span class='ocrx_word' id='word_1_122' title='bbox 569 1568 852 1633; x_wconf 71' lang='grc' dir='ltr'>ἐλπίζουσι</span> <span class='ocrx_word' id='word_1_123' title='bbox 895 1569 1038 1637; x_wconf 79' lang='grc' dir='ltr'>σφᾶς</span> <span class='ocrx_word' id='word_1_124' title='bbox 1061 1568 1262 1630; x_wconf 80' lang='grc' dir='ltr'>αὐτοὺς</span> <span class='ocrx_word' id='word_1_125' title='bbox 1319 1567 1754 1638; x_wconf 79' lang='grc' dir='ltr'>ἀνακτήσεσθαι,</span> <span class='ocrx_word' id='word_1_126' title='bbox 1803 1568 1900 1622; x_wconf 84' lang='grc' dir='ltr'>καὶ</span> 
     </span>
    </p>
   </div>
   <div class='ocr_carea' id='block_1_17' title="bbox 321 1659 1901 1730">
    <p class='ocr_par' dir='ltr' id='par_1_17' title="bbox 321 1659 1901 1730">
     <span class='ocr_line' id='line_1_17' title="bbox 321 1659 1901 1730; baseline 0 -18"><span class='ocrx_word' id='word_1_127' title='bbox 321 1662 450 1724; x_wconf 72' lang='grc' dir='ltr'>τοὺς</span> <span class='ocrx_word' id='word_1_128' title='bbox 471 1659 698 1730; x_wconf 63' lang='grc' dir='ltr'>ἔχθρούς</span> <span class='ocrx_word' id='word_1_129' title='bbox 759 1659 1257 1725; x_wconf 82' lang='grc' dir='ltr'>καταγωνιεῖσθαι,</span> <span class='ocrx_word' id='word_1_130' title='bbox 1333 1660 1493 1728; x_wconf 90' lang='grc' dir='ltr'>μόνον</span> <span class='ocrx_word' id='word_1_131' title='bbox 1522 1659 1690 1728; x_wconf 83' lang='grc' dir='ltr'><strong>δὲτῷ</strong></span> <span class='ocrx_word' id='word_1_132' title='bbox 1740 1659 1901 1716; x_wconf 59' lang='grc' dir='ltr'>πολεκ</span> 
     </span>
    </p>
   </div>
   <div class='ocr_carea' id='block_1_18' title="bbox 327 1749 1902 1824">
    <p class='ocr_par' dir='ltr' id='par_1_18' title="bbox 327 1749 1902 1824">
     <span class='ocr_line' id='line_1_18' title="bbox 327 1749 1902 1824; baseline 0.001 -20"><span class='ocrx_word' id='word_1_133' title='bbox 327 1755 440 1824; x_wconf 84' lang='grc' dir='ltr'>μὶῳ</span> <span class='ocrx_word' id='word_1_134' title='bbox 467 1753 624 1824; x_wconf 80' lang='grc' dir='ltr'>τοῦτο</span> <span class='ocrx_word' id='word_1_135' title='bbox 656 1753 930 1824; x_wconf 71' lang='grc' dir='ltr'>φόϐητρον</span> <span class='ocrx_word' id='word_1_136' title='bbox 969 1749 1058 1822; x_wconf 78' lang='grc' dir='ltr'>ἦν,</span> <span class='ocrx_word' id='word_1_137' title='bbox 1089 1753 1286 1822; x_wconf 67' lang='grc' dir='ltr'>ἐπέχον</span> <span class='ocrx_word' id='word_1_138' title='bbox 1311 1752 1476 1805; x_wconf 70' lang='grc' dir='ltr'>αὐτὸν</span> <span class='ocrx_word' id='word_1_139' title='bbox 1514 1752 1766 1807; x_wconf 77' lang='grc' dir='ltr'><strong>ὁπωσοῦν</strong></span> <span class='ocrx_word' id='word_1_140' title='bbox 1801 1754 1902 1824; x_wconf 85' lang='grc' dir='ltr'><strong>τῆς</strong></span> 
     </span>
    </p>
   </div>
   <div class='ocr_carea' id='block_1_19' title="bbox 330 1843 1901 1915">
    <p class='ocr_par' dir='ltr' id='par_1_19' title="bbox 330 1843 1901 1915">
     <span class='ocr_line' id='line_1_19' title="bbox 330 1843 1901 1915; baseline 0.003 -20"><span class='ocrx_word' id='word_1_141' title='bbox 330 1844 533 1913; x_wconf 84' lang='grc' dir='ltr'>μανίας</span> <span class='ocrx_word' id='word_1_142' title='bbox 553 1843 650 1912; x_wconf 83' lang='grc' dir='ltr'>τῆς</span> <span class='ocrx_word' id='word_1_143' title='bbox 673 1844 796 1895; x_wconf 68' lang='grc' dir='ltr'>καθ’</span> <span class='ocrx_word' id='word_1_144' title='bbox 823 1844 1001 1915; x_wconf 84' lang='grc' dir='ltr'>ήμῶν,</span> <span class='ocrx_word' id='word_1_145' title='bbox 1030 1844 1127 1897; x_wconf 79' lang='grc' dir='ltr'>καὶ</span> <span class='ocrx_word' id='word_1_146' title='bbox 1159 1845 1393 1913; x_wconf 69' lang='grc' dir='ltr'>ἠρεμεῖν</span> <span class='ocrx_word' id='word_1_147' title='bbox 1441 1844 1756 1914; x_wconf 73' lang='grc' dir='ltr'>ἀναγκάζον</span> <span class='ocrx_word' id='word_1_148' title='bbox 1805 1847 1901 1900; x_wconf 74' lang='grc' dir='ltr'>καὶ</span> 
     </span>
    </p>
   </div>
   <div class='ocr_carea' id='block_1_20' title="bbox 329 1929 1901 2006">
    <p class='ocr_par' dir='ltr' id='par_1_20' title="bbox 329 1929 1901 2006">
     <span class='ocr_line' id='line_1_20' title="bbox 329 1929 1901 2006; baseline 0.003 -20"><span class='ocrx_word' id='word_1_149' title='bbox 329 1935 408 2005; x_wconf 73' lang='grc' dir='ltr'>μὴ</span> <span class='ocrx_word' id='word_1_150' title='bbox 466 1934 828 2004; x_wconf 68' lang='grc' dir='ltr'>βουλόμνονς</span> <span class='ocrx_word' id='word_1_151' title='bbox 891 1929 953 1989; x_wconf 79' lang='grc' dir='ltr'><strong>οῦ</strong></span> <span class='ocrx_word' id='word_1_152' title='bbox 985 1933 1154 1987; x_wconf 85' lang='grc' dir='ltr'>τανῦν</span> <span class='ocrx_word' id='word_1_153' title='bbox 1203 1939 1609 2006; x_wconf 67' lang='grc' dir='ltr'><strong>γυμνωθέντες,</strong></span> <span class='ocrx_word' id='word_1_154' title='bbox 1644 1940 1738 1990; x_wconf 84' lang='grc' dir='ltr'>ποῖ</span> <span class='ocrx_word' id='word_1_155' title='bbox 1764 1954 1901 1991; x_wconf 87' lang='grc' dir='ltr'>ποτε</span> 
     </span>
    </p>
   </div>
   <div class='ocr_carea' id='block_1_21' title="bbox 325 2027 1903 2098">
    <p class='ocr_par' dir='ltr' id='par_1_21' title="bbox 325 2027 1903 2098">
     <span class='ocr_line' id='line_1_21' title="bbox 325 2027 1903 2098; baseline 0.002 -19"><span class='ocrx_word' id='word_1_156' title='bbox 325 2027 672 2095; x_wconf 78' lang='grc' dir='ltr'>φευξόμεθα;</span> <span class='ocrx_word' id='word_1_157' title='bbox 709 2029 806 2090; x_wconf 80' lang='grc' dir='ltr'>Τίς</span> <span class='ocrx_word' id='word_1_158' title='bbox 830 2029 962 2098; x_wconf 74' lang='grc' dir='ltr'>ἡμῖν</span> <span class='ocrx_word' id='word_1_159' title='bbox 983 2027 1137 2079; x_wconf 77' lang='grc' dir='ltr'>ἔσται</span> <span class='ocrx_word' id='word_1_160' title='bbox 1172 2027 1280 2080; x_wconf 84' lang='grc' dir='ltr'>τῶν</span> <span class='ocrx_word' id='word_1_161' title='bbox 1332 2029 1520 2082; x_wconf 84' lang='grc' dir='ltr'>κακῶν</span> <span class='ocrx_word' id='word_1_162' title='bbox 1566 2028 1760 2094; x_wconf 72' lang='grc' dir='ltr'>λύσις;</span> <span class='ocrx_word' id='word_1_163' title='bbox 1807 2030 1903 2093; x_wconf 83' lang='grc' dir='ltr'>Τίς</span> 
     </span>
    </p>
   </div>
   <div class='ocr_carea' id='block_1_22' title="bbox 327 2118 1900 2192">
    <p class='ocr_par' dir='ltr' id='par_1_22' title="bbox 327 2118 1900 2192">
     <span class='ocr_line' id='line_1_22' title="bbox 327 2118 1900 2192; baseline -0.001 -16"><span class='ocrx_word' id='word_1_164' title='bbox 327 2120 617 2190; x_wconf 85' lang='grc' dir='ltr'>ἀπαλλαγὴ</span> <span class='ocrx_word' id='word_1_165' title='bbox 647 2120 756 2173; x_wconf 82' lang='grc' dir='ltr'><strong>τῶν</strong></span> <span class='ocrx_word' id='word_1_166' title='bbox 784 2119 1016 2185; x_wconf 85' lang='grc' dir='ltr'>δεινῶν;</span> <span class='ocrx_word' id='word_1_167' title='bbox 1069 2118 1180 2172; x_wconf 74' lang='grc' dir='ltr'><strong>Καὶ</strong></span> <span class='ocrx_word' id='word_1_168' title='bbox 1211 2120 1261 2172; x_wconf 89' lang='grc' dir='ltr'><strong>εί</strong></span> <span class='ocrx_word' id='word_1_169' title='bbox 1292 2121 1391 2187; x_wconf 83' lang='grc' dir='ltr'>μὲν</span> <span class='ocrx_word' id='word_1_170' title='bbox 1425 2120 1636 2192; x_wconf 83' lang='grc' dir='ltr'>πλάνην</span> <span class='ocrx_word' id='word_1_171' title='bbox 1692 2121 1900 2191; x_wconf 81' lang='grc' dir='ltr'>δογμά-</span> 
     </span>
    </p>
   </div>
   <div class='ocr_carea' id='block_1_23' title="bbox 333 2211 1905 2284">
    <p class='ocr_par' dir='ltr' id='par_1_23' title="bbox 333 2211 1905 2284">
     <span class='ocr_line' id='line_1_23' title="bbox 333 2211 1905 2284; baseline -0.001 -18"><span class='ocrx_word' id='word_1_172' title='bbox 333 2230 440 2266; x_wconf 89' lang='grc' dir='ltr'>των</span> <span class='ocrx_word' id='word_1_173' title='bbox 477 2213 510 2284; x_wconf 74' lang='grc' dir='ltr'>ἢ</span> <span class='ocrx_word' id='word_1_174' title='bbox 535 2213 872 2284; x_wconf 62' lang='grc' dir='ltr'>διαστροιξὴν</span> <span class='ocrx_word' id='word_1_175' title='bbox 901 2212 1142 2274; x_wconf 82' lang='grc' dir='ltr'>πίστεως</span> <span class='ocrx_word' id='word_1_176' title='bbox 1168 2214 1280 2266; x_wconf 85' lang='grc' dir='ltr'><strong>τῶν</strong></span> <span class='ocrx_word' id='word_1_177' title='bbox 1302 2212 1550 2268; x_wconf 86' lang='grc' dir='ltr'>Λατίνων</span> <span class='ocrx_word' id='word_1_178' title='bbox 1607 2211 1905 2283; x_wconf 78' lang='grc' dir='ltr'>κατεγινώ-</span> 
     </span>
    </p>
   </div>
   <div class='ocr_carea' id='block_1_24' title="bbox 336 2305 1906 2380">
    <p class='ocr_par' dir='ltr' id='par_1_24' title="bbox 336 2305 1906 2380">
     <span class='ocr_line' id='line_1_24' title="bbox 336 2305 1906 2380; baseline 0.001 -25"><span class='ocrx_word' id='word_1_179' title='bbox 336 2321 560 2373; x_wconf 81' lang='grc' dir='ltr'>σκομεν,</span> <span class='ocrx_word' id='word_1_180' title='bbox 583 2305 684 2357; x_wconf 90' lang='grc' dir='ltr'><strong>οὐκ</strong></span> <span class='ocrx_word' id='word_1_181' title='bbox 727 2305 795 2359; x_wconf 81' lang='grc' dir='ltr'>ἂν</span> <span class='ocrx_word' id='word_1_182' title='bbox 825 2306 936 2360; x_wconf 86' lang='grc' dir='ltr'>οὐδ’</span> <span class='ocrx_word' id='word_1_183' title='bbox 962 2308 1127 2373; x_wconf 81' lang='grc' dir='ltr'>αὐτὸς</span> <span class='ocrx_word' id='word_1_184' title='bbox 1164 2310 1293 2380; x_wconf 85' lang='grc' dir='ltr'>ὑμῖν</span> <span class='ocrx_word' id='word_1_185' title='bbox 1347 2305 1749 2361; x_wconf 80' lang='grc' dir='ltr'>συνεϐούλευσα</span> <span class='ocrx_word' id='word_1_186' title='bbox 1803 2305 1906 2375; x_wconf 82' lang='grc' dir='ltr'>τὴν</span> 
     </span>
    </p>
   </div>
   <div class='ocr_carea' id='block_1_25' title="bbox 334 2395 1906 2469">
    <p class='ocr_par' dir='ltr' id='par_1_25' title="bbox 334 2395 1906 2469">
     <span class='ocr_line' id='line_1_25' title="bbox 334 2395 1906 2469; baseline 0.002 -23"><span class='ocrx_word' id='word_1_187' title='bbox 334 2395 452 2464; x_wconf 78' lang='grc' dir='ltr'>μετ’</span> <span class='ocrx_word' id='word_1_188' title='bbox 485 2397 664 2450; x_wconf 82' lang='grc' dir='ltr'>αὐτῶν</span> <span class='ocrx_word' id='word_1_189' title='bbox 694 2397 1042 2453; x_wconf 75' lang='grc' dir='ltr'>ἀσπάσασθαι</span> <span class='ocrx_word' id='word_1_190' title='bbox 1070 2400 1282 2467; x_wconf 73' lang='grc' dir='ltr'>ἕνωσιν,</span> <span class='ocrx_word' id='word_1_191' title='bbox 1341 2401 1438 2454; x_wconf 76' lang='grc' dir='ltr'>καὶ</span> <span class='ocrx_word' id='word_1_192' title='bbox 1464 2400 1636 2463; x_wconf 76' lang='grc' dir='ltr'>οὕτως</span> <span class='ocrx_word' id='word_1_193' title='bbox 1689 2399 1906 2469; x_wconf 68' lang='grc' dir='ltr'>ἔχουσιν</span> 
     </span>
    </p>
   </div>
   <div class='ocr_carea' id='block_1_26' title="bbox 331 2487 1907 2563">
    <p class='ocr_par' dir='ltr' id='par_1_26' title="bbox 331 2487 1907 2563">
     <span class='ocr_line' id='line_1_26' title="bbox 331 2487 1907 2563; baseline 0.002 -24"><span class='ocrx_word' id='word_1_194' title='bbox 331 2487 630 2557; x_wconf 79' lang='grc' dir='ltr'>ὁμονοῆσαι</span> <span class='ocrx_word' id='word_1_195' title='bbox 655 2491 842 2554; x_wconf 77' lang='grc' dir='ltr'>αὐτοῖς</span> <span class='ocrx_word' id='word_1_196' title='bbox 877 2492 949 2545; x_wconf 79' lang='grc' dir='ltr'>τὰ</span> <span class='ocrx_word' id='word_1_197' title='bbox 981 2494 1274 2563; x_wconf 80' lang='grc' dir='ltr'>σωματικᾶ</span> <span class='ocrx_word' id='word_1_198' title='bbox 1318 2493 1564 2556; x_wconf 73' lang='grc' dir='ltr'>δεδιότας</span> <span class='ocrx_word' id='word_1_199' title='bbox 1593 2491 1767 2556; x_wconf 78' lang='grc' dir='ltr'>δεινὰ,</span> <span class='ocrx_word' id='word_1_200' title='bbox 1812 2492 1907 2544; x_wconf 75' lang='grc' dir='ltr'>καὶ</span> 
     </span>
    </p>
   </div>
   <div class='ocr_carea' id='block_1_27' title="bbox 338 2579 1908 2655">
    <p class='ocr_par' dir='ltr' id='par_1_27' title="bbox 338 2579 1908 2655">
     <span class='ocr_line' id='line_1_27' title="bbox 338 2579 1908 2655; baseline 0.004 -24"><span class='ocrx_word' id='word_1_201' title='bbox 338 2579 736 2653; x_wconf 75' lang='grc' dir='ltr'>προελομένους</span> <span class='ocrx_word' id='word_1_202' title='bbox 786 2585 896 2639; x_wconf 81' lang='grc' dir='ltr'>τῶν</span> <span class='ocrx_word' id='word_1_203' title='bbox 944 2587 1333 2655; x_wconf 83' lang='grc' dir='ltr'>πνευματικῶν</span> <span class='ocrx_word' id='word_1_204' title='bbox 1383 2587 1452 2639; x_wconf 86' lang='grc' dir='ltr'>τὰ</span> <span class='ocrx_word' id='word_1_205' title='bbox 1502 2584 1768 2655; x_wconf 82' lang='grc' dir='ltr'>παρόντα,</span> <span class='ocrx_word' id='word_1_206' title='bbox 1813 2581 1908 2634; x_wconf 69' lang='grc' dir='ltr'>καὶ</span> 
     </span>
    </p>
   </div>
   <div class='ocr_carea' id='block_1_28' title="bbox 336 2671 1908 2750">
    <p class='ocr_par' dir='ltr' id='par_1_28' title="bbox 336 2671 1908 2750">
     <span class='ocr_line' id='line_1_28' title="bbox 336 2671 1908 2750; baseline -0.003 -18"><span class='ocrx_word' id='word_1_207' title='bbox 336 2671 437 2739; x_wconf 76' lang='grc' dir='ltr'><strong>τῆς</strong></span> <span class='ocrx_word' id='word_1_208' title='bbox 461 2673 553 2740; x_wconf 77' lang='grc' dir='ltr'><strong>τῆς</strong></span> <span class='ocrx_word' id='word_1_209' title='bbox 587 2673 764 2744; x_wconf 79' lang='grc' dir='ltr'>ψυχῆς</span> <span class='ocrx_word' id='word_1_210' title='bbox 806 2675 1143 2746; x_wconf 82' lang='grc' dir='ltr'>βελτιώσεως</span> <span class='ocrx_word' id='word_1_211' title='bbox 1171 2680 1271 2750; x_wconf 82' lang='grc' dir='ltr'>τὴν</span> <span class='ocrx_word' id='word_1_212' title='bbox 1298 2677 1409 2733; x_wconf 85' lang='grc' dir='ltr'><strong>τῶν</strong></span> <span class='ocrx_word' id='word_1_213' title='bbox 1439 2679 1711 2749; x_wconf 82' lang='grc' dir='ltr'>σωμάτων</span> <span class='ocrx_word' id='word_1_214' title='bbox 1760 2677 1908 2729; x_wconf 77' lang='grc' dir='ltr'>ἐλευ-</span> 
     </span>
    </p>
   </div>
   <div class='ocr_carea' id='block_1_29' title="bbox 337 2760 1908 2838">
    <p class='ocr_par' dir='ltr' id='par_1_29' title="bbox 337 2760 1908 2838">
     <span class='ocr_line' id='line_1_29' title="bbox 337 2760 1908 2838; baseline 0.006 -28"><span class='ocrx_word' id='word_1_215' title='bbox 337 2760 551 2830; x_wconf 80' lang='grc' dir='ltr'>θερίαν·</span> <span class='ocrx_word' id='word_1_216' title='bbox 583 2764 722 2816; x_wconf 79' lang='grc' dir='ltr'><strong>ὰλλά</strong></span> <span class='ocrx_word' id='word_1_217' title='bbox 748 2767 1016 2836; x_wconf 80' lang='grc' dir='ltr'>πρότερον</span> <span class='ocrx_word' id='word_1_218' title='bbox 1048 2767 1114 2822; x_wconf 77' lang='grc' dir='ltr'>ἂν</span> <span class='ocrx_word' id='word_1_219' title='bbox 1143 2769 1322 2823; x_wconf 82' lang='grc' dir='ltr'>πάντα</span> <span class='ocrx_word' id='word_1_220' title='bbox 1365 2769 1529 2832; x_wconf 89' lang='grc' dir='ltr'>αὐτός</span> <span class='ocrx_word' id='word_1_221' title='bbox 1567 2786 1627 2822; x_wconf 85' lang='grc' dir='ltr'><strong>τε</strong></span> <span class='ocrx_word' id='word_1_222' title='bbox 1664 2768 1908 2838; x_wconf 83' lang='grc' dir='ltr'>ὑπέστην</span> 
     </span>
    </p>
   </div>
   <div class='ocr_carea' id='block_1_30' title="bbox 334 2853 1908 2932">
    <p class='ocr_par' dir='ltr' id='par_1_30' title="bbox 334 2853 1908 2932">
     <span class='ocr_line' id='line_1_30' title="bbox 334 2853 1908 2932; baseline 0.008 -28"><span class='ocrx_word' id='word_1_223' title='bbox 334 2855 405 2906; x_wconf 68' lang='grc' dir='ltr'>τὰ</span> <span class='ocrx_word' id='word_1_224' title='bbox 451 2853 723 2925; x_wconf 84' lang='grc' dir='ltr'>χείριστα,</span> <span class='ocrx_word' id='word_1_225' title='bbox 759 2858 890 2927; x_wconf 86' lang='grc' dir='ltr'>ὑμῖν</span> <span class='ocrx_word' id='word_1_226' title='bbox 934 2860 1240 2931; x_wconf 79' lang='grc' dir='ltr'>ὑπεθέμην,</span> <span class='ocrx_word' id='word_1_227' title='bbox 1294 2863 1328 2932; x_wconf 79' lang='grc' dir='ltr'>ἢ</span> <span class='ocrx_word' id='word_1_228' title='bbox 1389 2864 1575 2926; x_wconf 79' lang='grc' dir='ltr'>αὐτοῖς</span> <span class='ocrx_word' id='word_1_229' title='bbox 1635 2863 1908 2932; x_wconf 81' lang='grc' dir='ltr'>ἑνωϐἧναι</span> 
     </span>
    </p>
   </div>
   <div class='ocr_carea' id='block_1_31' title="bbox 339 2946 1910 3020">
    <p class='ocr_par' dir='ltr' id='par_1_31' title="bbox 339 2946 1910 3020">
     <span class='ocr_line' id='line_1_31' title="bbox 339 2946 1910 3020; baseline 0.008 -25"><span class='ocrx_word' id='word_1_230' title='bbox 339 2946 654 3016; x_wconf 67' lang='grc' dir='ltr'>προέτρεψα</span> <span class='ocrx_word' id='word_1_231' title='bbox 677 2951 772 3003; x_wconf 76' lang='grc' dir='ltr'>καὶ</span> <span class='ocrx_word' id='word_1_232' title='bbox 800 2951 870 3005; x_wconf 78' lang='grc' dir='ltr'>τά</span> <span class='ocrx_word' id='word_1_233' title='bbox 893 2968 956 3020; x_wconf 90' lang='grc' dir='ltr'><strong>γε</strong></span> <span class='ocrx_word' id='word_1_234' title='bbox 981 2953 1206 3007; x_wconf 88' lang='grc' dir='ltr'>τοιαῦτα</span> <span class='ocrx_word' id='word_1_235' title='bbox 1241 2955 1642 3008; x_wconf 76' lang='grc' dir='ltr'>συνεϐούλευσα</span> <span class='ocrx_word' id='word_1_236' title='bbox 1667 2954 1756 3008; x_wconf 79' lang='grc' dir='ltr'><strong>ἄν.</strong></span> <span class='ocrx_word' id='word_1_237' title='bbox 1793 2953 1910 3008; x_wconf 86' lang='grc' dir='ltr'>Νῦν</span> 
     </span>
    </p>
   </div>
   <div class='ocr_carea' id='block_1_32' title="bbox 2003 548 3578 625">
    <p class='ocr_par' dir='ltr' id='par_1_32' title="bbox 2003 548 3578 625">
     <span class='ocr_line' id='line_1_32' title="bbox 2003 548 3578 625; baseline -0.008 -16"><span class='ocrx_word' id='word_1_238' title='bbox 2003 556 2074 625; x_wconf 84' lang='grc' dir='ltr'><strong>ὁῆ</strong></span> <span class='ocrx_word' id='word_1_239' title='bbox 2112 557 2460 624; x_wconf 81' lang='grc' dir='ltr'>φρονούντων</span> <span class='ocrx_word' id='word_1_240' title='bbox 2491 556 2691 616; x_wconf 82' lang='grc' dir='ltr'>αὐτῶν,</span> <span class='ocrx_word' id='word_1_241' title='bbox 2725 555 2822 608; x_wconf 74' lang='grc' dir='ltr'>καὶ</span> <span class='ocrx_word' id='word_1_242' title='bbox 2851 553 3008 606; x_wconf 69' lang='grc' dir='ltr'>οὐδὲν</span> <span class='ocrx_word' id='word_1_243' title='bbox 3041 548 3416 618; x_wconf 79' lang='grc' dir='ltr'>πλανωμένων</span> <span class='ocrx_word' id='word_1_244' title='bbox 3447 549 3578 615; x_wconf 76' lang='grc' dir='ltr'>περὶ</span> 
     </span>
    </p>
   </div>
   <div class='ocr_carea' id='block_1_33' title="bbox 2001 637 3576 717">
    <p class='ocr_par' dir='ltr' id='par_1_33' title="bbox 2001 637 3576 717">
     <span class='ocr_line' id='line_1_33' title="bbox 2001 637 3576 717; baseline -0.008 -18"><span class='ocrx_word' id='word_1_245' title='bbox 2001 645 2101 717; x_wconf 79' lang='grc' dir='ltr'>τὴν</span> <span class='ocrx_word' id='word_1_246' title='bbox 2129 647 2334 711; x_wconf 87' lang='grc' dir='ltr'>πίστιν,</span> <span class='ocrx_word' id='word_1_247' title='bbox 2367 647 2526 717; x_wconf 82' lang='grc' dir='ltr'>εἴπερ</span> <span class='ocrx_word' id='word_1_248' title='bbox 2560 645 2684 716; x_wconf 79' lang='grc' dir='ltr'>μηδ’</span> <span class='ocrx_word' id='word_1_249' title='bbox 2716 647 2764 698; x_wconf 87' lang='lat' dir='ltr'><strong>al</strong></span> <span class='ocrx_word' id='word_1_250' title='bbox 2802 643 3044 713; x_wconf 85' lang='grc' dir='ltr'>Πατέρες</span> <span class='ocrx_word' id='word_1_251' title='bbox 3075 642 3233 712; x_wconf 81' lang='grc' dir='ltr'>ἡμῶν</span> <span class='ocrx_word' id='word_1_252' title='bbox 3262 639 3357 698; x_wconf 74' lang='grc' dir='ltr'>καὶ</span> <span class='ocrx_word' id='word_1_253' title='bbox 3394 637 3576 691; x_wconf 81' lang='grc' dir='ltr'>αὐτῶν</span> 
     </span>
    </p>
   </div>
   <div class='ocr_carea' id='block_1_34' title="bbox 2002 729 3576 808">
    <p class='ocr_par' dir='ltr' id='par_1_34' title="bbox 2002 729 3576 808">
     <span class='ocr_line' id='line_1_34' title="bbox 2002 729 3576 808; baseline -0.008 -16"><span class='ocrx_word' id='word_1_254' title='bbox 2002 739 2096 792; x_wconf 75' lang='grc' dir='ltr'>καὶ</span> <span class='ocrx_word' id='word_1_255' title='bbox 2150 739 2490 802; x_wconf 77' lang='grc' dir='ltr'>διδάσκαλοι,</span> <span class='ocrx_word' id='word_1_256' title='bbox 2546 737 2988 808; x_wconf 78' lang='grc' dir='ltr'>συμφωνούντων</span> <span class='ocrx_word' id='word_1_257' title='bbox 3024 734 3081 788; x_wconf 76' lang='grc' dir='ltr'>δὲ</span> <span class='ocrx_word' id='word_1_258' title='bbox 3128 733 3234 787; x_wconf 72' lang='grc' dir='ltr'>’καὶ</span> <span class='ocrx_word' id='word_1_259' title='bbox 3290 733 3359 802; x_wconf 73' lang='grc' dir='ltr'>τῇ</span> <span class='ocrx_word' id='word_1_260' title='bbox 3419 729 3576 798; x_wconf 78' lang='grc' dir='ltr'>ἡμῶν</span> 
     </span>
    </p>
   </div>
   <div class='ocr_carea' id='block_1_35' title="bbox 2014 822 3575 902">
    <p class='ocr_par' dir='ltr' id='par_1_35' title="bbox 2014 822 3575 902">
     <span class='ocr_line' id='line_1_35' title="bbox 2014 822 3575 902; baseline -0.006 -18"><span class='ocrx_word' id='word_1_261' title='bbox 2014 830 2313 902; x_wconf 64' lang='grc' dir='ltr'>Ἐκκλησία</span> <span class='ocrx_word' id='word_1_262' title='bbox 2341 832 2438 884; x_wconf 69' lang='grc' dir='ltr'>καὶ</span> <span class='ocrx_word' id='word_1_263' title='bbox 2472 831 2586 892; x_wconf 86' lang='grc' dir='ltr'>τοῖς</span> <span class='ocrx_word' id='word_1_264' title='bbox 2613 829 2794 898; x_wconf 80' lang='grc' dir='ltr'>ἁγίοις</span> <span class='ocrx_word' id='word_1_265' title='bbox 2838 828 2932 882; x_wconf 78' lang='grc' dir='ltr'>καὶ</span> <span class='ocrx_word' id='word_1_266' title='bbox 2987 825 3339 887; x_wconf 79' lang='grc' dir='ltr'>διδασκάλοις</span> <span class='ocrx_word' id='word_1_267' title='bbox 3373 824 3484 885; x_wconf 81' lang='grc' dir='ltr'>τοῖς</span> <span class='ocrx_word' id='word_1_268' title='bbox 3517 822 3575 884; x_wconf 76' lang='grc' dir='ltr'><strong>ἐξ</strong></span> 
     </span>
    </p>
   </div>
   <div class='ocr_carea' id='block_1_36' title="bbox 2012 912 3574 991">
    <p class='ocr_par' dir='ltr' id='par_1_36' title="bbox 2012 912 3574 991">
     <span class='ocr_line' id='line_1_36' title="bbox 2012 912 3574 991; baseline -0.008 -17"><span class='ocrx_word' id='word_1_269' title='bbox 2012 919 2206 991; x_wconf 79' lang='grc' dir='ltr'>Ἐῴας,</span> <span class='ocrx_word' id='word_1_270' title='bbox 2233 921 2393 990; x_wconf 74' lang='grc' dir='ltr'>ἡμεῖς</span> <span class='ocrx_word' id='word_1_271' title='bbox 2414 919 2508 973; x_wconf 74' lang='grc' dir='ltr'><strong>ἐπὶ</strong></span> <span class='ocrx_word' id='word_1_272' title='bbox 2534 922 2689 990; x_wconf 83' lang='grc' dir='ltr'>κακῷ</span> <span class='ocrx_word' id='word_1_273' title='bbox 2719 917 2798 989; x_wconf 83' lang='grc' dir='ltr'>τῷ</span> <span class='ocrx_word' id='word_1_274' title='bbox 2823 916 3074 988; x_wconf 79' lang='grc' dir='ltr'>σφετέρῳ</span> <span class='ocrx_word' id='word_1_275' title='bbox 3092 915 3437 986; x_wconf 80' lang='grc' dir='ltr'>διαιρεθῆναι</span> <span class='ocrx_word' id='word_1_276' title='bbox 3463 912 3574 972; x_wconf 76' lang='grc' dir='ltr'><strong>τῶν</strong></span> 
     </span>
    </p>
   </div>
   <div class='ocr_carea' id='block_1_37' title="bbox 2001 1003 3572 1082">
    <p class='ocr_par' dir='ltr' id='par_1_37' title="bbox 2001 1003 3572 1082">
     <span class='ocr_line' id='line_1_37' title="bbox 2001 1003 3572 1082; baseline -0.008 -15"><span class='ocrx_word' id='word_1_277' title='bbox 2001 1013 2260 1067; x_wconf 86' lang='grc' dir='ltr'>τοιούτων</span> <span class='ocrx_word' id='word_1_278' title='bbox 2295 1013 2506 1082; x_wconf 84' lang='grc' dir='ltr'>ἀνδρῶν</span> <span class='ocrx_word' id='word_1_279' title='bbox 2545 1012 2955 1078; x_wconf 84' lang='grc' dir='ltr'>δικαιώσωμεν.</span> <span class='ocrx_word' id='word_1_280' title='bbox 3009 1009 3220 1071; x_wconf 78' lang='grc' dir='ltr'>Αὐτοὺς</span> <span class='ocrx_word' id='word_1_281' title='bbox 3294 1006 3392 1076; x_wconf 84' lang='grc' dir='ltr'>μὲν</span> <span class='ocrx_word' id='word_1_282' title='bbox 3464 1003 3572 1072; x_wconf 78' lang='grc' dir='ltr'>γὰρ</span> 
     </span>
    </p>
   </div>
   <div class='ocr_carea' id='block_1_38' title="bbox 2002 1100 3578 1176">
    <p class='ocr_par' dir='ltr' id='par_1_38' title="bbox 2002 1100 3578 1176">
     <span class='ocr_line' id='line_1_38' title="bbox 2002 1100 3578 1176; baseline -0.004 -17"><span class='ocrx_word' id='word_1_283' title='bbox 2002 1109 2112 1170; x_wconf 83' lang='grc' dir='ltr'>τοῖς</span> <span class='ocrx_word' id='word_1_284' title='bbox 2147 1107 2206 1173; x_wconf 77' lang='grc' dir='ltr'><strong>ἐξ</strong></span> <span class='ocrx_word' id='word_1_285' title='bbox 2243 1105 2520 1176; x_wconf 77' lang='grc' dir='ltr'>Ἐσπὲρας</span> <span class='ocrx_word' id='word_1_286' title='bbox 2554 1105 2836 1175; x_wconf 86' lang='grc' dir='ltr'>Πατράσιν</span> <span class='ocrx_word' id='word_1_287' title='bbox 2888 1104 3115 1158; x_wconf 72' lang='grc' dir='ltr'>ἔπεσθαι</span> <span class='ocrx_word' id='word_1_288' title='bbox 3151 1102 3422 1172; x_wconf 83' lang='grc' dir='ltr'>φανερῶς,</span> <span class='ocrx_word' id='word_1_289' title='bbox 3480 1100 3578 1154; x_wconf 64' lang='grc' dir='ltr'>καὶ</span> 
     </span>
    </p>
   </div>
   <div class='ocr_carea' id='block_1_39' title="bbox 2005 1193 3578 1269">
    <p class='ocr_par' dir='ltr' id='par_1_39' title="bbox 2005 1193 3578 1269">
     <span class='ocr_line' id='line_1_39' title="bbox 2005 1193 3578 1269; baseline -0.005 -17"><span class='ocrx_word' id='word_1_290' title='bbox 2005 1199 2162 1269; x_wconf 83' lang='grc' dir='ltr'>ὑμεῖς</span> <span class='ocrx_word' id='word_1_291' title='bbox 2183 1194 2281 1252; x_wconf 77' lang='grc' dir='ltr'>οἷδ’</span> <span class='ocrx_word' id='word_1_292' title='bbox 2305 1199 2385 1251; x_wconf 83' lang='grc' dir='ltr'>ὅτι</span> <span class='ocrx_word' id='word_1_293' title='bbox 2416 1199 2614 1267; x_wconf 75' lang='grc' dir='ltr'>ἐρεῖτε·</span> <span class='ocrx_word' id='word_1_294' title='bbox 2645 1196 2866 1260; x_wconf 82' lang='grc' dir='ltr'>τούτους</span> <span class='ocrx_word' id='word_1_295' title='bbox 2893 1196 2950 1250; x_wconf 81' lang='grc' dir='ltr'>δὲ</span> <span class='ocrx_word' id='word_1_296' title='bbox 2975 1197 3088 1257; x_wconf 78' lang='grc' dir='ltr'>τοῖς</span> <span class='ocrx_word' id='word_1_297' title='bbox 3133 1195 3195 1258; x_wconf 71' lang='grc' dir='ltr'><strong>ἐξ</strong></span> <span class='ocrx_word' id='word_1_298' title='bbox 3237 1193 3408 1263; x_wconf 74' lang='grc' dir='ltr'>Ἐᾠας</span> <span class='ocrx_word' id='word_1_299' title='bbox 3437 1209 3578 1261; x_wconf 77' lang='grc' dir='ltr'>συμ-</span> 
     </span>
    </p>
   </div>
   <div class='ocr_carea' id='block_1_40' title="bbox 2005 1285 3576 1360">
    <p class='ocr_par' dir='ltr' id='par_1_40' title="bbox 2005 1285 3576 1360">
     <span class='ocr_line' id='line_1_40' title="bbox 2005 1285 3576 1360; baseline -0.004 -17"><span class='ocrx_word' id='word_1_300' title='bbox 2005 1291 2233 1354; x_wconf 79' lang='grc' dir='ltr'>ϐαίνειν,</span> <span class='ocrx_word' id='word_1_301' title='bbox 2259 1288 2500 1344; x_wconf 76' lang='grc' dir='ltr'>ἐνταῦθα</span> <span class='ocrx_word' id='word_1_302' title='bbox 2527 1288 2617 1342; x_wconf 71' lang='grc' dir='ltr'>διὰ</span> <span class='ocrx_word' id='word_1_303' title='bbox 2640 1288 2892 1360; x_wconf 76' lang='grc' dir='ltr'>βραχέων</span> <span class='ocrx_word' id='word_1_304' title='bbox 2924 1287 3000 1350; x_wconf 83' lang='grc' dir='ltr'>ὡς</span> <span class='ocrx_word' id='word_1_305' title='bbox 3029 1287 3148 1340; x_wconf 75' lang='grc' dir='ltr'>ἐνὸν</span> <span class='ocrx_word' id='word_1_306' title='bbox 3174 1285 3576 1340; x_wconf 80' lang='grc' dir='ltr'>ἀποδέδεικται·</span> 
     </span>
    </p>
   </div>
   <div class='ocr_carea' id='block_1_41' title="bbox 2004 1376 3578 1453">
    <p class='ocr_par' dir='ltr' id='par_1_41' title="bbox 2004 1376 3578 1453">
     <span class='ocr_line' id='line_1_41' title="bbox 2004 1376 3578 1453; baseline -0.005 -17"><span class='ocrx_word' id='word_1_307' title='bbox 2004 1383 2079 1446; x_wconf 76' lang='grc' dir='ltr'><strong>ὡς</strong></span> <span class='ocrx_word' id='word_1_308' title='bbox 2105 1377 2245 1435; x_wconf 80' lang='grc' dir='ltr'>εἶναι</span> <span class='ocrx_word' id='word_1_309' title='bbox 2300 1383 2488 1435; x_wconf 82' lang='grc' dir='ltr'>λοιπὸν</span> <span class='ocrx_word' id='word_1_310' title='bbox 2549 1381 2790 1453; x_wconf 70' lang='grc' dir='ltr'>φανερὸν</span> <span class='ocrx_word' id='word_1_311' title='bbox 2839 1383 3029 1446; x_wconf 81' lang='grc' dir='ltr'>πᾶσιν,</span> <span class='ocrx_word' id='word_1_312' title='bbox 3084 1379 3284 1441; x_wconf 75' lang='grc' dir='ltr'>αὐτοὺς</span> <span class='ocrx_word' id='word_1_313' title='bbox 3345 1376 3578 1430; x_wconf 74' lang='grc' dir='ltr'>ἕπεσθαι</span> 
     </span>
    </p>
   </div>
   <div class='ocr_carea' id='block_1_42' title="bbox 2003 1471 3578 1544">
    <p class='ocr_par' dir='ltr' id='par_1_42' title="bbox 2003 1471 3578 1544">
     <span class='ocr_line' id='line_1_42' title="bbox 2003 1471 3578 1544; baseline -0.005 -15"><span class='ocrx_word' id='word_1_314' title='bbox 2003 1477 2118 1540; x_wconf 84' lang='grc' dir='ltr'>τοῖς</span> <span class='ocrx_word' id='word_1_315' title='bbox 2138 1473 2314 1544; x_wconf 83' lang='grc' dir='ltr'>ἁγίοις</span> <span class='ocrx_word' id='word_1_316' title='bbox 2344 1475 2594 1535; x_wconf 85' lang='grc' dir='ltr'>Δυτικοῖς</span> <span class='ocrx_word' id='word_1_317' title='bbox 2625 1491 2683 1526; x_wconf 91' lang='grc' dir='ltr'>τε</span> <span class='ocrx_word' id='word_1_318' title='bbox 2729 1475 2847 1544; x_wconf 75' lang='grc' dir='ltr'>ἅμα</span> <span class='ocrx_word' id='word_1_319' title='bbox 2871 1473 2965 1526; x_wconf 75' lang='grc' dir='ltr'>καὶ</span> <span class='ocrx_word' id='word_1_320' title='bbox 2990 1471 3356 1534; x_wconf 81' lang='grc' dir='ltr'>’Δνατολικοίς</span> <span class='ocrx_word' id='word_1_321' title='bbox 3378 1472 3578 1532; x_wconf 83' lang='grc' dir='ltr'>κοινοῖς</span> 
     </span>
    </p>
   </div>
   <div class='ocr_carea' id='block_1_43' title="bbox 2003 1561 3580 1637">
    <p class='ocr_par' dir='ltr' id='par_1_43' title="bbox 2003 1561 3580 1637">
     <span class='ocr_line' id='line_1_43' title="bbox 2003 1561 3580 1637; baseline -0.006 -17"><span class='ocrx_word' id='word_1_322' title='bbox 2003 1567 2124 1621; x_wconf 73' lang='grc' dir='ltr'>οὖσι</span> <span class='ocrx_word' id='word_1_323' title='bbox 2154 1566 2398 1637; x_wconf 66' lang='lat' dir='ltr'><strong>[Iaspth</strong></span> <span class='ocrx_word' id='word_1_324' title='bbox 2431 1567 2526 1620; x_wconf 81' lang='grc' dir='ltr'>καὶ</span> <span class='ocrx_word' id='word_1_325' title='bbox 2545 1566 2912 1628; x_wconf 79' lang='grc' dir='ltr'>διδασκάλοις.</span> <span class='ocrx_word' id='word_1_326' title='bbox 2979 1564 3125 1635; x_wconf 83' lang='grc' dir='ltr'>Ποίῳ</span> <span class='ocrx_word' id='word_1_327' title='bbox 3151 1563 3333 1617; x_wconf 87' lang='grc' dir='ltr'>τοίνυν</span> <span class='ocrx_word' id='word_1_328' title='bbox 3381 1561 3580 1629; x_wconf 78' lang='grc' dir='ltr'>δικαίῳ</span> 
     </span>
    </p>
   </div>
   <div class='ocr_carea' id='block_1_44' title="bbox 2005 1653 3581 1729">
    <p class='ocr_par' dir='ltr' id='par_1_44' title="bbox 2005 1653 3581 1729">
     <span class='ocr_line' id='line_1_44' title="bbox 2005 1653 3581 1729; baseline -0.005 -15"><span class='ocrx_word' id='word_1_329' title='bbox 2005 1661 2114 1715; x_wconf 76' lang='grc' dir='ltr'><strong>τῶν</strong></span> <span class='ocrx_word' id='word_1_330' title='bbox 2141 1659 2402 1714; x_wconf 84' lang='grc' dir='ltr'>τοιούτων</span> <span class='ocrx_word' id='word_1_331' title='bbox 2425 1659 2830 1729; x_wconf 82' lang='grc' dir='ltr'>διασταίημεν;</span> <span class='ocrx_word' id='word_1_332' title='bbox 2865 1657 3024 1712; x_wconf 87' lang='grc' dir='ltr'>Τίσιν</span> <span class='ocrx_word' id='word_1_333' title='bbox 3079 1655 3460 1729; x_wconf 82' lang='grc' dir='ltr'>εὐπροσώποις</span> <span class='ocrx_word' id='word_1_334' title='bbox 3491 1653 3581 1706; x_wconf 84' lang='grc' dir='ltr'>λό-</span> 
     </span>
    </p>
   </div>
   <div class='ocr_carea' id='block_1_45' title="bbox 2007 1748 3583 1824">
    <p class='ocr_par' dir='ltr' id='par_1_45' title="bbox 2007 1748 3583 1824">
     <span class='ocr_line' id='line_1_45' title="bbox 2007 1748 3583 1824; baseline -0.006 -17"><span class='ocrx_word' id='word_1_335' title='bbox 2007 1769 2128 1822; x_wconf 88' lang='grc' dir='ltr'>γοις</span> <span class='ocrx_word' id='word_1_336' title='bbox 2155 1754 2255 1824; x_wconf 79' lang='grc' dir='ltr'>τὴν</span> <span class='ocrx_word' id='word_1_337' title='bbox 2314 1752 2498 1806; x_wconf 81' lang='grc' dir='ltr'>αὐτῶν</span> <span class='ocrx_word' id='word_1_338' title='bbox 2549 1750 2826 1822; x_wconf 82' lang='grc' dir='ltr'>φύγοιμεν</span> <span class='ocrx_word' id='word_1_339' title='bbox 2889 1749 3218 1817; x_wconf 87' lang='grc' dir='ltr'>κοινωνίαν;</span> <span class='ocrx_word' id='word_1_340' title='bbox 3283 1748 3421 1804; x_wconf 84' lang='grc' dir='ltr'>Ποία</span> <span class='ocrx_word' id='word_1_341' title='bbox 3455 1748 3583 1816; x_wconf 73' lang='grc' dir='ltr'>ἡμῖν</span> 
     </span>
    </p>
   </div>
   <div class='ocr_carea' id='block_1_46' title="bbox 1933 1813 3584 1917">
    <p class='ocr_par' dir='ltr' id='par_1_46' title="bbox 1933 1813 3584 1917">
     <span class='ocr_line' id='line_1_46' title="bbox 1933 1813 3584 1917; baseline -0.005 -16"><span class='ocrx_word' id='word_1_342' title='bbox 1933 1813 1977 1874; x_wconf 76' lang='grc' dir='ltr'><strong>Β</strong></span> <span class='ocrx_word' id='word_1_343' title='bbox 2011 1846 2170 1917; x_wconf 77' lang='grc' dir='ltr'>ἱκανὴ</span> <span class='ocrx_word' id='word_1_344' title='bbox 2202 1845 2340 1916; x_wconf 79' lang='grc' dir='ltr'>πρὸς</span> <span class='ocrx_word' id='word_1_345' title='bbox 2361 1844 2495 1898; x_wconf 77' lang='grc' dir='ltr'>Θεδν</span> <span class='ocrx_word' id='word_1_346' title='bbox 2525 1845 2681 1899; x_wconf 73' lang='grc' dir='ltr'>ἔσται</span> <span class='ocrx_word' id='word_1_347' title='bbox 2711 1843 2983 1912; x_wconf 75' lang='grc' dir='ltr'>ἀπολογία</span> <span class='ocrx_word' id='word_1_348' title='bbox 3035 1842 3131 1897; x_wconf 86' lang='grc' dir='ltr'><strong>τοῦ</strong></span> <span class='ocrx_word' id='word_1_349' title='bbox 3190 1841 3446 1896; x_wconf 86' lang='grc' dir='ltr'>τοσούτου</span> <span class='ocrx_word' id='word_1_350' title='bbox 3485 1856 3584 1893; x_wconf 86' lang='grc' dir='ltr'>κα-</span> 
     </span>
    </p>
   </div>
   <div class='ocr_carea' id='block_1_47' title="bbox 2007 1934 3582 2010">
    <p class='ocr_par' dir='ltr' id='par_1_47' title="bbox 2007 1934 3582 2010">
     <span class='ocr_line' id='line_1_47' title="bbox 2007 1934 3582 2010; baseline -0.001 -20"><span class='ocrx_word' id='word_1_351' title='bbox 2007 1937 2104 1990; x_wconf 90' lang='grc' dir='ltr'><strong>κοῦ</strong></span> <span class='ocrx_word' id='word_1_352' title='bbox 2130 1939 2232 2008; x_wconf 78' lang='grc' dir='ltr'>τῆς</span> <span class='ocrx_word' id='word_1_353' title='bbox 2261 1939 2373 1993; x_wconf 82' lang='grc' dir='ltr'><strong>τῶν</strong></span> <span class='ocrx_word' id='word_1_354' title='bbox 2401 1937 2649 2008; x_wconf 69' lang='grc' dir='ltr'>ἀδελφῶν</span> <span class='ocrx_word' id='word_1_355' title='bbox 2701 1938 3044 2010; x_wconf 81' lang='grc' dir='ltr'>διαιρέσεως,</span> <span class='ocrx_word' id='word_1_356' title='bbox 3103 1940 3172 2010; x_wconf 79' lang='grc' dir='ltr'>ἢν</span> <span class='ocrx_word' id='word_1_357' title='bbox 3226 1937 3368 1991; x_wconf 78' lang='grc' dir='ltr'>ὥστε</span> <span class='ocrx_word' id='word_1_358' title='bbox 3417 1934 3582 1996; x_wconf 82' lang='grc' dir='ltr'>αὐτὸς</span> 
     </span>
    </p>
   </div>
   <div class='ocr_carea' id='block_1_48' title="bbox 2005 2025 3583 2105">
    <p class='ocr_par' dir='ltr' id='par_1_48' title="bbox 2005 2025 3583 2105">
     <span class='ocr_line' id='line_1_48' title="bbox 2005 2025 3583 2105; baseline -0.003 -24"><span class='ocrx_word' id='word_1_359' title='bbox 2005 2028 2219 2105; x_wconf 65' lang='grc' dir='ltr'>ἀνελεῖν</span> <span class='ocrx_word' id='word_1_360' title='bbox 2242 2029 2480 2100; x_wconf 80' lang='grc' dir='ltr'>Χριστὸς</span> <span class='ocrx_word' id='word_1_361' title='bbox 2512 2031 2608 2083; x_wconf 80' lang='grc' dir='ltr'>καὶ</span> <span class='ocrx_word' id='word_1_362' title='bbox 2647 2031 2858 2094; x_wconf 81' lang='grc' dir='ltr'>πάντας</span> <span class='ocrx_word' id='word_1_363' title='bbox 2885 2030 3118 2096; x_wconf 81' lang='grc' dir='ltr'>ἑνῶσαι,</span> <span class='ocrx_word' id='word_1_364' title='bbox 3188 2025 3426 2096; x_wconf 83' lang='grc' dir='ltr'>κατῆλθε</span> <span class='ocrx_word' id='word_1_365' title='bbox 3485 2025 3583 2078; x_wconf 76' lang='grc' dir='ltr'>καὶ</span> 
     </span>
    </p>
   </div>
   <div class='ocr_carea' id='block_1_49' title="bbox 2009 2120 3586 2193">
    <p class='ocr_par' dir='ltr' id='par_1_49' title="bbox 2009 2120 3586 2193">
     <span class='ocr_line' id='line_1_49' title="bbox 2009 2120 3586 2193; baseline -0.001 -18"><span class='ocrx_word' id='word_1_366' title='bbox 2009 2120 2326 2191; x_wconf 81' lang='grc' dir='ltr'>ὲσαρκὼθη,</span> <span class='ocrx_word' id='word_1_367' title='bbox 2359 2123 2454 2176; x_wconf 78' lang='grc' dir='ltr'>καὶ</span> <span class='ocrx_word' id='word_1_368' title='bbox 2489 2123 2726 2193; x_wconf 64' lang='grc' dir='ltr'>σταυρὸν</span> <span class='ocrx_word' id='word_1_369' title='bbox 2786 2123 3140 2190; x_wconf 79' lang='grc' dir='ltr'>κατεδέξατο,</span> <span class='ocrx_word' id='word_1_370' title='bbox 3186 2121 3285 2175; x_wconf 77' lang='grc' dir='ltr'>καὶ</span> <span class='ocrx_word' id='word_1_371' title='bbox 3338 2121 3586 2192; x_wconf 84' lang='grc' dir='ltr'>παρέδω-</span> 
     </span>
    </p>
   </div>
   <div class='ocr_carea' id='block_1_50' title="bbox 2008 2213 3638 2286">
    <p class='ocr_par' dir='ltr' id='par_1_50' title="bbox 2008 2213 3638 2286">
     <span class='ocr_line' id='line_1_50' title="bbox 2008 2213 3638 2286; baseline 0.001 -21"><span class='ocrx_word' id='word_1_372' title='bbox 2008 2229 2118 2265; x_wconf 91' lang='grc' dir='ltr'>κεν.</span> <span class='ocrx_word' id='word_1_373' title='bbox 2154 2213 2380 2280; x_wconf 83' lang='grc' dir='ltr'>ἑαυτόν;</span> <span class='ocrx_word' id='word_1_374' title='bbox 2434 2214 2574 2268; x_wconf 85' lang='grc' dir='ltr'>Ποία</span> <span class='ocrx_word' id='word_1_375' title='bbox 2631 2215 2691 2269; x_wconf 79' lang='grc' dir='ltr'>δὲ</span> <span class='ocrx_word' id='word_1_376' title='bbox 2739 2217 2821 2279; x_wconf 84' lang='grc' dir='ltr'><strong>είς</strong></span> <span class='ocrx_word' id='word_1_377' title='bbox 2866 2214 2970 2276; x_wconf 82' lang='grc' dir='ltr'><strong>τὰς</strong></span> <span class='ocrx_word' id='word_1_378' title='bbox 3032 2215 3336 2286; x_wconf 79' lang='grc' dir='ltr'>μετέπειτα</span> <span class='ocrx_word' id='word_1_379' title='bbox 3390 2215 3587 2284; x_wconf 74' lang='grc' dir='ltr'>γενεὰς</span> <span class='ocrx_word' id='word_1_380' title='bbox 3631 2275 3638 2281; x_wconf 81' lang='lat'><strong><em>_</em></strong></span> 
     </span>
    </p>
   </div>
   <div class='ocr_carea' id='block_1_51' title="bbox 2007 2300 3587 2376">
    <p class='ocr_par' dir='ltr' id='par_1_51' title="bbox 2007 2300 3587 2376">
     <span class='ocr_line' id='line_1_51' title="bbox 2007 2300 3587 2376; baseline 0.001 -20"><span class='ocrx_word' id='word_1_381' title='bbox 2007 2303 2190 2374; x_wconf 80' lang='grc' dir='ltr'>ἡμῶν,</span> <span class='ocrx_word' id='word_1_382' title='bbox 2229 2305 2431 2374; x_wconf 80' lang='grc' dir='ltr'>μᾶλλον</span> <span class='ocrx_word' id='word_1_383' title='bbox 2457 2305 2514 2359; x_wconf 81' lang='grc' dir='ltr'>δὲ</span> <span class='ocrx_word' id='word_1_384' title='bbox 2537 2308 2618 2370; x_wconf 89' lang='grc' dir='ltr'><strong>είς</strong></span> <span class='ocrx_word' id='word_1_385' title='bbox 2651 2307 2752 2369; x_wconf 70' lang='grc' dir='ltr'>τὰς</span> <span class='ocrx_word' id='word_1_386' title='bbox 2780 2306 2875 2359; x_wconf 89' lang='grc' dir='ltr'><strong>νῦν</strong></span> <span class='ocrx_word' id='word_1_387' title='bbox 2909 2305 3116 2371; x_wconf 73' lang='grc' dir='ltr'>οὐσαςς</span> <span class='ocrx_word' id='word_1_388' title='bbox 3185 2305 3262 2360; x_wconf 91' lang='grc' dir='ltr'>Οὐ</span> <span class='ocrx_word' id='word_1_389' title='bbox 3292 2306 3401 2376; x_wconf 75' lang='grc' dir='ltr'><strong>γὰρ</strong></span> <span class='ocrx_word' id='word_1_390' title='bbox 3470 2300 3587 2358; x_wconf 76' lang='grc' dir='ltr'>οῖδα</span> 
     </span>
    </p>
   </div>
   <div class='ocr_carea' id='block_1_52' title="bbox 2009 2397 3586 2470">
    <p class='ocr_par' dir='ltr' id='par_1_52' title="bbox 2009 2397 3586 2470">
     <span class='ocr_line' id='line_1_52' title="bbox 2009 2397 3586 2470; baseline 0.002 -21"><span class='ocrx_word' id='word_1_391' title='bbox 2009 2401 2058 2450; x_wconf 82' lang='grc' dir='ltr'>εἰ</span> <span class='ocrx_word' id='word_1_392' title='bbox 2089 2399 2185 2451; x_wconf 85' lang='grc' dir='ltr'><strong>καί</strong></span> <span class='ocrx_word' id='word_1_393' title='bbox 2222 2415 2275 2451; x_wconf 85' lang='grc' dir='ltr'><strong>τι</strong></span> <span class='ocrx_word' id='word_1_394' title='bbox 2295 2397 2390 2451; x_wconf 90' lang='grc' dir='ltr'><strong>τοῦ</strong></span> <span class='ocrx_word' id='word_1_395' title='bbox 2419 2399 2697 2470; x_wconf 67' lang='grc' dir='ltr'>ἡμετέρου</span> <span class='ocrx_word' id='word_1_396' title='bbox 2725 2399 2897 2468; x_wconf 82' lang='grc' dir='ltr'>φύλου</span> <span class='ocrx_word' id='word_1_397' title='bbox 2923 2399 3080 2454; x_wconf 72' lang='grc' dir='ltr'>ἔσται</span> <span class='ocrx_word' id='word_1_398' title='bbox 3116 2399 3418 2469; x_wconf 82' lang='grc' dir='ltr'>μετέπειτα</span> <span class='ocrx_word' id='word_1_399' title='bbox 3445 2397 3586 2467; x_wconf 66' lang='grc' dir='ltr'>ὑπὲρ</span> 
     </span>
    </p>
   </div>
   <div class='ocr_carea' id='block_1_53' title="bbox 2010 2482 3587 2560">
    <p class='ocr_par' dir='ltr' id='par_1_53' title="bbox 2010 2482 3587 2560">
     <span class='ocr_line' id='line_1_53' title="bbox 2010 2482 3587 2560; baseline 0 -18"><span class='ocrx_word' id='word_1_400' title='bbox 2010 2482 2086 2542; x_wconf 81' lang='grc' dir='ltr'>ὧν</span> <span class='ocrx_word' id='word_1_401' title='bbox 2115 2489 2370 2560; x_wconf 82' lang='grc' dir='ltr'>μεγάλων</span> <span class='ocrx_word' id='word_1_402' title='bbox 2408 2491 2504 2544; x_wconf 73' lang='grc' dir='ltr'>καὶ</span> <span class='ocrx_word' id='word_1_403' title='bbox 2531 2489 2746 2543; x_wconf 85' lang='grc' dir='ltr'>πολλῶν</span> <span class='ocrx_word' id='word_1_404' title='bbox 2772 2490 2990 2554; x_wconf 76' lang='grc' dir='ltr'>ἑκόντες</span> <span class='ocrx_word' id='word_1_405' title='bbox 3047 2491 3236 2554; x_wconf 79' lang='grc' dir='ltr'>αὐτοῖς</span> <span class='ocrx_word' id='word_1_406' title='bbox 3286 2489 3587 2560; x_wconf 84' lang='grc' dir='ltr'>συμφορῶν</span> 
     </span>
    </p>
   </div>
   <div class='ocr_carea' id='block_1_54' title="bbox 2011 2577 3591 2652">
    <p class='ocr_par' dir='ltr' id='par_1_54' title="bbox 2011 2577 3591 2652">
     <span class='ocr_line' id='line_1_54' title="bbox 2011 2577 3591 2652; baseline 0 -20"><span class='ocrx_word' id='word_1_407' title='bbox 2011 2579 2378 2651; x_wconf 75' lang='grc' dir='ltr'>ἐπιφέρομεν.</span> <span class='ocrx_word' id='word_1_408' title='bbox 2407 2581 2522 2652; x_wconf 80' lang='grc' dir='ltr'><strong>Μὴ,</strong></span> <span class='ocrx_word' id='word_1_409' title='bbox 2563 2579 2802 2652; x_wconf 83' lang='grc' dir='ltr'>πατέρες</span> <span class='ocrx_word' id='word_1_410' title='bbox 2854 2580 2950 2634; x_wconf 59' lang='grc' dir='ltr'><strong>καὶ⁵</strong></span> <span class='ocrx_word' id='word_1_411' title='bbox 2999 2579 3239 2649; x_wconf 79' lang='grc' dir='ltr'>ἀδελφοὶ,</span> <span class='ocrx_word' id='word_1_412' title='bbox 3279 2577 3354 2650; x_wconf 75' lang='grc' dir='ltr'>μὴ</span> <span class='ocrx_word' id='word_1_413' title='bbox 3383 2578 3591 2649; x_wconf 78' lang='grc' dir='ltr'>ταύτης</span> 
     </span>
    </p>
   </div>
   <div class='ocr_carea' id='block_1_55' title="bbox 2011 2672 3590 2744">
    <p class='ocr_par' dir='ltr' id='par_1_55' title="bbox 2011 2672 3590 2744">
     <span class='ocr_line' id='line_1_55' title="bbox 2011 2672 3590 2744; baseline 0 -20"><span class='ocrx_word' id='word_1_414' title='bbox 2011 2673 2112 2742; x_wconf 83' lang='grc' dir='ltr'>τῆς</span> <span class='ocrx_word' id='word_1_415' title='bbox 2138 2672 2369 2743; x_wconf 81' lang='grc' dir='ltr'>γνώμης</span> <span class='ocrx_word' id='word_1_416' title='bbox 2396 2673 2714 2743; x_wconf 75' lang='grc' dir='ltr'>γενώμεθαο</span> <span class='ocrx_word' id='word_1_417' title='bbox 2752 2673 2827 2744; x_wconf 72' lang='grc' dir='ltr'>μὴ</span> <span class='ocrx_word' id='word_1_418' title='bbox 2854 2672 2998 2726; x_wconf 73' lang='grc' dir='ltr'>οὕτω</span> <span class='ocrx_word' id='word_1_419' title='bbox 3023 2672 3211 2736; x_wconf 84' lang='grc' dir='ltr'>κακῶς</span> <span class='ocrx_word' id='word_1_420' title='bbox 3257 2674 3390 2744; x_wconf 75' lang='grc' dir='ltr'>περὶ</span> <span class='ocrx_word' id='word_1_421' title='bbox 3431 2673 3590 2742; x_wconf 77' lang='grc' dir='ltr'>ἡμῶν</span> 
     </span>
    </p>
   </div>
   <div class='ocr_carea' id='block_1_56' title="bbox 2011 2765 3590 2839">
    <p class='ocr_par' dir='ltr' id='par_1_56' title="bbox 2011 2765 3590 2839">
     <span class='ocr_line' id='line_1_56' title="bbox 2011 2765 3590 2839; baseline 0 -19"><span class='ocrx_word' id='word_1_422' title='bbox 2011 2766 2195 2820; x_wconf 81' lang='grc' dir='ltr'>αὐτῶν</span> <span class='ocrx_word' id='word_1_423' title='bbox 2215 2766 2658 2837; x_wconf 78' lang='grc' dir='ltr'>βουλευσώμεθα’</span> <span class='ocrx_word' id='word_1_424' title='bbox 2682 2767 2758 2839; x_wconf 80' lang='grc' dir='ltr'>μὴ</span> <span class='ocrx_word' id='word_1_425' title='bbox 2787 2767 2942 2822; x_wconf 89' lang='grc' dir='ltr'>λύκοι</span> <span class='ocrx_word' id='word_1_426' title='bbox 2966 2767 3090 2822; x_wconf 55' lang='grc' dir='ltr'><strong>ἀντὶ⁸</strong></span> <span class='ocrx_word' id='word_1_427' title='bbox 3115 2768 3390 2839; x_wconf 77' lang='grc' dir='ltr'>ποιμένων</span> <span class='ocrx_word' id='word_1_428' title='bbox 3411 2765 3590 2836; x_wconf 80' lang='grc' dir='ltr'><strong>ὀφθῶ-</strong></span> 
     </span>
    </p>
   </div>
   <div class='ocr_carea' id='block_1_57' title="bbox 2017 2851 3592 2931">
    <p class='ocr_par' dir='ltr' id='par_1_57' title="bbox 2017 2851 3592 2931">
     <span class='ocr_line' id='line_1_57' title="bbox 2017 2851 3592 2931; baseline -0.001 -18"><span class='ocrx_word' id='word_1_429' title='bbox 2017 2877 2117 2926; x_wconf 85' lang='grc' dir='ltr'><strong>μεν</strong></span> <span class='ocrx_word' id='word_1_430' title='bbox 2148 2863 2265 2923; x_wconf 84' lang='grc' dir='ltr'>τοῖς</span> <span class='ocrx_word' id='word_1_431' title='bbox 2298 2860 2586 2930; x_wconf 85' lang='grc' dir='ltr'>βλέπουσιν</span> <span class='ocrx_word' id='word_1_432' title='bbox 2617 2862 2697 2923; x_wconf 84' lang='grc' dir='ltr'><strong>είς</strong></span> <span class='ocrx_word' id='word_1_433' title='bbox 2725 2862 2894 2930; x_wconf 75' lang='grc' dir='ltr'>ἡμᾶς’</span> <span class='ocrx_word' id='word_1_434' title='bbox 2928 2861 3004 2929; x_wconf 80' lang='grc' dir='ltr'>μὴ</span> <span class='ocrx_word' id='word_1_435' title='bbox 3035 2862 3131 2914; x_wconf 68' lang='grc' dir='ltr'>καὶ</span> <span class='ocrx_word' id='word_1_436' title='bbox 3155 2861 3256 2923; x_wconf 83' lang='grc' dir='ltr'><strong>τὰς</strong></span> <span class='ocrx_word' id='word_1_437' title='bbox 3281 2851 3592 2931; x_wconf 75' lang='grc' dir='ltr'>ψυχὰςάὐ-</span> 
     </span>
    </p>
   </div>
   <div class='ocr_carea' id='block_1_58' title="bbox 2013 2952 3590 3024">
    <p class='ocr_par' dir='ltr' id='par_1_58' title="bbox 2013 2952 3590 3024">
     <span class='ocr_line' id='line_1_58' title="bbox 2013 2952 3590 3024; baseline 0.001 -20"><span class='ocrx_word' id='word_1_438' title='bbox 2013 2953 2124 3015; x_wconf 73' lang='grc' dir='ltr'><strong>τοίς</strong></span> <span class='ocrx_word' id='word_1_439' title='bbox 2174 2952 2534 3023; x_wconf 79' lang='grc' dir='ltr'>ἀπολέσωμεν</span> <span class='ocrx_word' id='word_1_440' title='bbox 2581 2953 2676 3006; x_wconf 78' lang='grc' dir='ltr'>καὶ</span> <span class='ocrx_word' id='word_1_441' title='bbox 2723 2955 2792 3006; x_wconf 69' lang='grc' dir='ltr'><strong>τὰ</strong></span> <span class='ocrx_word' id='word_1_442' title='bbox 2848 2953 3079 3024; x_wconf 76' lang='grc' dir='ltr'>σώματα</span> <span class='ocrx_word' id='word_1_443' title='bbox 3131 2953 3423 3023; x_wconf 87' lang='grc' dir='ltr'>προδόντες</span> <span class='ocrx_word' id='word_1_444' title='bbox 3474 2954 3590 3016; x_wconf 81' lang='grc' dir='ltr'>τοῖς</span> 
     </span>
    </p>
   </div>
   <div class='ocr_carea' id='block_1_59' title="bbox 332 3040 3592 3123">
    <p class='ocr_par' dir='ltr' id='par_1_59' title="bbox 332 3040 3592 3123">
     <span class='ocr_line' id='line_1_59' title="bbox 332 3040 3592 3123; baseline 0.001 -25"><span class='ocrx_word' id='word_1_445' title='bbox 332 3041 390 3094; x_wconf 76' lang='grc' dir='ltr'>δὲ</span> <span class='ocrx_word' id='word_1_446' title='bbox 415 3041 534 3108; x_wconf 84' lang='grc' dir='ltr'>δέος</span> <span class='ocrx_word' id='word_1_447' title='bbox 563 3047 819 3116; x_wconf 63' lang='grc' dir='ltr'>ὑφέρπει,</span> <span class='ocrx_word' id='word_1_448' title='bbox 855 3049 930 3118; x_wconf 78' lang='grc' dir='ltr'>μὴ</span> <span class='ocrx_word' id='word_1_449' title='bbox 967 3050 1068 3122; x_wconf 74' lang='grc' dir='ltr'>τὴν</span> <span class='ocrx_word' id='word_1_450' title='bbox 1107 3051 1428 3123; x_wconf 83' lang='grc' dir='ltr'>σωματικὴν</span> <span class='ocrx_word' id='word_1_451' title='bbox 1479 3053 1621 3121; x_wconf 77' lang='grc' dir='ltr'>μετὰ</span> <span class='ocrx_word' id='word_1_452' title='bbox 1655 3053 1752 3107; x_wconf 55' lang='grc' dir='ltr'><strong>καί⁵</strong></span> <span class='ocrx_word' id='word_1_453' title='bbox 1809 3052 1909 3122; x_wconf 80' lang='grc' dir='ltr'>τῆς</span> <span class='ocrx_word' id='word_1_454' title='bbox 2018 3045 2326 3115; x_wconf 80' lang='grc' dir='ltr'>πολεμίοις.</span> <span class='ocrx_word' id='word_1_455' title='bbox 2369 3045 2514 3116; x_wconf 81' lang='grc' dir='ltr'>Ἐγὼ</span> <span class='ocrx_word' id='word_1_456' title='bbox 2539 3050 2668 3117; x_wconf 73' lang='grc' dir='ltr'>γὰρ,</span> <span class='ocrx_word' id='word_1_457' title='bbox 2701 3045 2797 3099; x_wconf 79' lang='grc' dir='ltr'><strong>καὶ</strong></span> <span class='ocrx_word' id='word_1_458' title='bbox 2830 3045 2976 3100; x_wconf 77' lang='grc' dir='ltr'>ἔστω</span> <span class='ocrx_word' id='word_1_459' title='bbox 3007 3063 3099 3117; x_wconf 90' lang='grc' dir='ltr'><strong>μοι</strong></span> <span class='ocrx_word' id='word_1_460' title='bbox 3155 3040 3312 3111; x_wconf 74' lang='grc' dir='ltr'>οὗτος</span> <span class='ocrx_word' id='word_1_461' title='bbox 3348 3049 3376 3100; x_wconf 88' lang='grc' dir='ltr'><strong>ό</strong></span> <span class='ocrx_word' id='word_1_462' title='bbox 3434 3047 3592 3116; x_wconf 82' lang='grc' dir='ltr'>λόγος</span> 
     </span>
    </p>
   </div>
   <div class='ocr_carea' id='block_1_60' title="bbox 331 3249 1902 3326">
    <p class='ocr_par' dir='ltr' id='par_1_60' title="bbox 331 3249 1902 3326">
     <span class='ocr_line' id='line_1_60' title="bbox 331 3249 1902 3326; baseline 0.006 -24"><span class='ocrx_word' id='word_1_463' title='bbox 331 3249 426 3320; x_wconf 93' lang='lat' dir='ltr'><strong>qui</strong></span> <span class='ocrx_word' id='word_1_464' title='bbox 459 3249 512 3304; x_wconf 91' lang='lat' dir='ltr'><strong>in</strong></span> <span class='ocrx_word' id='word_1_465' title='bbox 552 3250 766 3317; x_wconf 87' lang='lat' dir='ltr'><strong>insulis,</strong></span> <span class='ocrx_word' id='word_1_466' title='bbox 794 3252 890 3323; x_wconf 87' lang='lat' dir='ltr'><strong>qui</strong></span> <span class='ocrx_word' id='word_1_467' title='bbox 923 3254 1129 3324; x_wconf 84' lang='lat' dir='ltr'><strong>ubique</strong></span> <span class='ocrx_word' id='word_1_468' title='bbox 1161 3265 1456 3324; x_wconf 90' lang='lat' dir='ltr'><strong>terrarum,</strong></span> <span class='ocrx_word' id='word_1_469' title='bbox 1486 3258 1580 3326; x_wconf 93' lang='lat' dir='ltr'><strong>qui</strong></span> <span class='ocrx_word' id='word_1_470' title='bbox 1609 3252 1902 3324; x_wconf 67' lang='lat' dir='ltr'><strong>orientem,</strong></span> 
     </span>
    </p>
   </div>
   <div class='ocr_carea' id='block_1_61' title="bbox 329 3341 1904 3416">
    <p class='ocr_par' dir='ltr' id='par_1_61' title="bbox 329 3341 1904 3416">
     <span class='ocr_line' id='line_1_61' title="bbox 329 3341 1904 3416; baseline 0.004 -24"><span class='ocrx_word' id='word_1_471' title='bbox 329 3341 428 3410; x_wconf 90' lang='lat' dir='ltr'><strong>qui</strong></span> <span class='ocrx_word' id='word_1_472' title='bbox 483 3344 953 3413; x_wconf 90' lang='lat' dir='ltr'><strong>septentrionem,</strong></span> <span class='ocrx_word' id='word_1_473' title='bbox 1017 3347 1109 3416; x_wconf 86' lang='lat' dir='ltr'><strong>qui</strong></span> <span class='ocrx_word' id='word_1_474' title='bbox 1163 3348 1511 3404; x_wconf 80' lang='lat' dir='ltr'><strong>occidentem</strong></span> <span class='ocrx_word' id='word_1_475' title='bbox 1569 3348 1904 3415; x_wconf 85' lang='lat' dir='ltr'><strong>inhabitant,</strong></span> 
     </span>
    </p>
   </div>
   <div class='ocr_carea' id='block_1_62' title="bbox 331 3435 1906 3508">
    <p class='ocr_par' dir='ltr' id='par_1_62' title="bbox 331 3435 1906 3508">
     <span class='ocr_line' id='line_1_62' title="bbox 331 3435 1906 3508; baseline 0.004 -20"><span class='ocrx_word' id='word_1_476' title='bbox 331 3435 737 3506; x_wconf 81' lang='lat' dir='ltr'><strong>nobiscumque</strong></span> <span class='ocrx_word' id='word_1_477' title='bbox 769 3437 824 3491; x_wconf 89' lang='lat' dir='ltr'><strong>in</strong></span> <span class='ocrx_word' id='word_1_478' title='bbox 857 3437 963 3491; x_wconf 89' lang='lat' dir='ltr'><strong>ritu</strong></span> <span class='ocrx_word' id='word_1_479' title='bbox 999 3441 1363 3508; x_wconf 73' lang='lat' dir='ltr'><strong>conveniunt,</strong></span> <span class='ocrx_word' id='word_1_480' title='bbox 1421 3454 1531 3495; x_wconf 91' lang='lat' dir='ltr'><strong>non</strong></span> <span class='ocrx_word' id='word_1_481' title='bbox 1561 3441 1688 3496; x_wconf 86' lang='lat' dir='ltr'><strong>dico</strong></span> <span class='ocrx_word' id='word_1_482' title='bbox 1727 3441 1906 3497; x_wconf 88' lang='lat' dir='ltr'><strong>solum</strong></span> 
     </span>
    </p>
   </div>
   <div class='ocr_carea' id='block_1_63' title="bbox 330 3528 1906 3604">
    <p class='ocr_par' dir='ltr' id='par_1_63' title="bbox 330 3528 1906 3604">
     <span class='ocr_line' id='line_1_63' title="bbox 330 3528 1906 3604; baseline 0.006 -25"><span class='ocrx_word' id='word_1_483' title='bbox 330 3542 456 3596; x_wconf 67' lang='lat' dir='ltr'><strong>qua:</strong></span> <span class='ocrx_word' id='word_1_484' title='bbox 519 3528 587 3582; x_wconf 89' lang='lat' dir='ltr'><strong>ad</strong></span> <span class='ocrx_word' id='word_1_485' title='bbox 653 3532 965 3599; x_wconf 84' lang='lat' dir='ltr'><strong>corporalia</strong></span> <span class='ocrx_word' id='word_1_486' title='bbox 1019 3546 1218 3602; x_wconf 83' lang='lat' dir='ltr'><strong>resque</strong></span> <span class='ocrx_word' id='word_1_487' title='bbox 1277 3535 1613 3604; x_wconf 88' lang='lat' dir='ltr'><strong>temporales</strong></span> <span class='ocrx_word' id='word_1_488' title='bbox 1665 3535 1906 3589; x_wconf 85' lang='lat' dir='ltr'><strong>attinent</strong></span> 
     </span>
    </p>
   </div>
   <div class='ocr_carea' id='block_1_64' title="bbox 335 3624 1894 3698">
    <p class='ocr_par' dir='ltr' id='par_1_64' title="bbox 335 3624 1894 3698">
     <span class='ocr_line' id='line_1_64' title="bbox 335 3624 1894 3698; baseline 0.004 -22"><span class='ocrx_word' id='word_1_489' title='bbox 335 3625 470 3692; x_wconf 91' lang='lat' dir='ltr'><strong>(non</strong></span> <span class='ocrx_word' id='word_1_490' title='bbox 503 3624 652 3678; x_wconf 91' lang='lat' dir='ltr'><strong>enim</strong></span> <span class='ocrx_word' id='word_1_491' title='bbox 699 3628 836 3680; x_wconf 88' lang='lat' dir='ltr'><strong>tanti</strong></span> <span class='ocrx_word' id='word_1_492' title='bbox 868 3636 1054 3682; x_wconf 86' lang='lat' dir='ltr'><strong>essent</strong></span> <span class='ocrx_word' id='word_1_493' title='bbox 1084 3626 1471 3698; x_wconf 66' lang='lat' dir='ltr'><strong>aestimandae),</strong></span> <span class='ocrx_word' id='word_1_494' title='bbox 1497 3643 1688 3683; x_wconf 84' lang='lat' dir='ltr'><strong>verum</strong></span> <span class='ocrx_word' id='word_1_495' title='bbox 1723 3627 1894 3682; x_wconf 83' lang='lat' dir='ltr'><strong>etiam</strong></span> 
     </span>
    </p>
   </div>
   <div class='ocr_carea' id='block_1_65' title="bbox 332 3716 1906 3790">
    <p class='ocr_par' dir='ltr' id='par_1_65' title="bbox 332 3716 1906 3790">
     <span class='ocr_line' id='line_1_65' title="bbox 332 3716 1906 3790; baseline 0.004 -20"><span class='ocrx_word' id='word_1_496' title='bbox 332 3731 457 3785; x_wconf 69' lang='lat' dir='ltr'><strong>qua:</strong></span> <span class='ocrx_word' id='word_1_497' title='bbox 515 3716 584 3771; x_wconf 89' lang='lat' dir='ltr'><strong>ad</strong></span> <span class='ocrx_word' id='word_1_498' title='bbox 631 3718 870 3773; x_wconf 85' lang='lat' dir='ltr'><strong>animam</strong></span> <span class='ocrx_word' id='word_1_499' title='bbox 901 3729 957 3772; x_wconf 86' lang='lat' dir='ltr'><strong>et</strong></span> <span class='ocrx_word' id='word_1_500' title='bbox 1000 3719 1372 3790; x_wconf 79' lang='lat' dir='ltr'><strong>integritatem</strong></span> <span class='ocrx_word' id='word_1_501' title='bbox 1409 3720 1536 3775; x_wconf 83' lang='lat' dir='ltr'><strong>fidei</strong></span> <span class='ocrx_word' id='word_1_502' title='bbox 1583 3720 1906 3790; x_wconf 90' lang='lat' dir='ltr'><strong>pertinent;</strong></span> 
     </span>
    </p>
   </div>
   <div class='ocr_carea' id='block_1_66' title="bbox 331 3811 1904 3882">
    <p class='ocr_par' dir='ltr' id='par_1_66' title="bbox 331 3811 1904 3882">
     <span class='ocr_line' id='line_1_66' title="bbox 331 3811 1904 3882; baseline 0.003 -18"><span class='ocrx_word' id='word_1_503' title='bbox 331 3825 460 3864; x_wconf 91' lang='lat' dir='ltr'><strong>cum</strong></span> <span class='ocrx_word' id='word_1_504' title='bbox 507 3825 702 3866; x_wconf 88' lang='lat' dir='ltr'><strong>omnes</strong></span> <span class='ocrx_word' id='word_1_505' title='bbox 750 3811 1098 3882; x_wconf 81' lang='lat' dir='ltr'><strong>simpliciter,</strong></span> <span class='ocrx_word' id='word_1_506' title='bbox 1149 3823 1244 3867; x_wconf 91' lang='lat' dir='ltr'><strong>aut</strong></span> <span class='ocrx_word' id='word_1_507' title='bbox 1291 3813 1466 3882; x_wconf 83' lang='lat' dir='ltr'><strong>major</strong></span> <span class='ocrx_word' id='word_1_508' title='bbox 1512 3827 1707 3867; x_wconf 87' lang='lat' dir='ltr'><strong>eorum</strong></span> <span class='ocrx_word' id='word_1_509' title='bbox 1759 3829 1904 3882; x_wconf 90' lang='lat' dir='ltr'><strong>pars,</strong></span> 
     </span>
    </p>
   </div>
   <div class='ocr_carea' id='block_1_67' title="bbox 333 3904 1910 3976">
    <p class='ocr_par' dir='ltr' id='par_1_67' title="bbox 333 3904 1910 3976">
     <span class='ocr_line' id='line_1_67' title="bbox 333 3904 1910 3976; baseline 0.001 -18"><span class='ocrx_word' id='word_1_510' title='bbox 333 3904 534 3975; x_wconf 81' lang='lat' dir='ltr'><strong>partim</strong></span> <span class='ocrx_word' id='word_1_511' title='bbox 579 3913 796 3975; x_wconf 86' lang='lat' dir='ltr'><strong>sponte,</strong></span> <span class='ocrx_word' id='word_1_512' title='bbox 834 3905 1034 3975; x_wconf 85' lang='lat' dir='ltr'><strong>partim</strong></span> <span class='ocrx_word' id='word_1_513' title='bbox 1069 3906 1141 3972; x_wconf 89' lang='lat' dir='ltr'><strong>vi,</strong></span> <span class='ocrx_word' id='word_1_514' title='bbox 1177 3904 1560 3976; x_wconf 84' lang='lat' dir='ltr'><strong>periclitentur</strong></span> <span class='ocrx_word' id='word_1_515' title='bbox 1584 3905 1848 3960; x_wconf 88' lang='lat' dir='ltr'><strong>aberrare</strong></span> <span class='ocrx_word' id='word_1_516' title='bbox 1878 3921 1910 3960; x_wconf 86' lang='lat' dir='ltr'><strong>a</strong></span> 
     </span>
    </p>
   </div>
   <div class='ocr_carea' id='block_1_68' title="bbox 341 3999 1908 4069">
    <p class='ocr_par' dir='ltr' id='par_1_68' title="bbox 341 3999 1908 4069">
     <span class='ocr_line' id='line_1_68' title="bbox 341 3999 1908 4069; baseline 0 -17"><span class='ocrx_word' id='word_1_517' title='bbox 341 4000 466 4062; x_wconf 75' lang='lat' dir='ltr'><strong>title,</strong></span> <span class='ocrx_word' id='word_1_518' title='bbox 529 4000 845 4069; x_wconf 89' lang='lat' dir='ltr'><strong>relinquere</strong></span> <span class='ocrx_word' id='word_1_519' title='bbox 900 4000 1096 4065; x_wconf 89' lang='lat' dir='ltr'><strong>Deum,</strong></span> <span class='ocrx_word' id='word_1_520' title='bbox 1155 4009 1210 4054; x_wconf 88' lang='lat' dir='ltr'><strong>et</strong></span> <span class='ocrx_word' id='word_1_521' title='bbox 1257 3999 1543 4055; x_wconf 92' lang='lat' dir='ltr'><strong>erroribus</strong></span> <span class='ocrx_word' id='word_1_522' title='bbox 1597 3999 1908 4054; x_wconf 80' lang='lat' dir='ltr'><strong>infidelium</strong></span> 
     </span>
    </p>
   </div>
   <div class='ocr_carea' id='block_1_69' title="bbox 335 4089 1906 4161">
    <p class='ocr_par' dir='ltr' id='par_1_69' title="bbox 335 4089 1906 4161">
     <span class='ocr_line' id='line_1_69' title="bbox 335 4089 1906 4161; baseline -0.001 -17"><span class='ocrx_word' id='word_1_523' title='bbox 335 4092 671 4146; x_wconf 87' lang='lat' dir='ltr'><strong>consentire.</strong></span> <span class='ocrx_word' id='word_1_524' title='bbox 713 4091 1035 4146; x_wconf 83' lang='lat' dir='ltr'><strong>Narrassem</strong></span> <span class='ocrx_word' id='word_1_525' title='bbox 1079 4092 1216 4158; x_wconf 58' lang='lat' dir='ltr'><strong>haec,</strong></span> <span class='ocrx_word' id='word_1_526' title='bbox 1253 4092 1502 4161; x_wconf 88' lang='lat' dir='ltr'><strong>inquam,</strong></span> <span class='ocrx_word' id='word_1_527' title='bbox 1539 4091 1749 4158; x_wconf 87' lang='lat' dir='ltr'><strong>omnia,</strong></span> <span class='ocrx_word' id='word_1_528' title='bbox 1800 4089 1906 4144; x_wconf 88' lang='lat' dir='ltr'><strong>nisi</strong></span> 
     </span>
    </p>
   </div>
   <div class='ocr_carea' id='block_1_70' title="bbox 333 4178 1910 4252">
    <p class='ocr_par' dir='ltr' id='par_1_70' title="bbox 333 4178 1910 4252">
     <span class='ocr_line' id='line_1_70' title="bbox 333 4178 1910 4252; baseline -0.001 -18"><span class='ocrx_word' id='word_1_529' title='bbox 333 4195 435 4234; x_wconf 84' lang='lat' dir='ltr'><strong>vos</strong></span> <span class='ocrx_word' id='word_1_530' title='bbox 465 4182 795 4251; x_wconf 91' lang='lat' dir='ltr'><strong>alloquerer,</strong></span> <span class='ocrx_word' id='word_1_531' title='bbox 840 4182 934 4252; x_wconf 89' lang='lat' dir='ltr'><strong>qui</strong></span> <span class='ocrx_word' id='word_1_532' title='bbox 965 4181 1150 4235; x_wconf 88' lang='lat' dir='ltr'><strong>omnia</strong></span> <span class='ocrx_word' id='word_1_533' title='bbox 1195 4181 1393 4236; x_wconf 84' lang='lat' dir='ltr'><strong>melius</strong></span> <span class='ocrx_word' id='word_1_534' title='bbox 1424 4195 1511 4235; x_wconf 88' lang='lat' dir='ltr'><strong>me</strong></span> <span class='ocrx_word' id='word_1_535' title='bbox 1540 4181 1736 4235; x_wconf 86' lang='lat' dir='ltr'><strong>nostis.</strong></span> <span class='ocrx_word' id='word_1_536' title='bbox 1775 4178 1910 4245; x_wconf 85' lang='lat' dir='ltr'><strong>Quis</strong></span> 
     </span>
    </p>
   </div>
   <div class='ocr_carea' id='block_1_71' title="bbox 330 4275 1906 4346">
    <p class='ocr_par' dir='ltr' id='par_1_71' title="bbox 330 4275 1906 4346">
     <span class='ocr_line' id='line_1_71' title="bbox 330 4275 1906 4346; baseline -0.003 -15"><span class='ocrx_word' id='word_1_537' title='bbox 330 4277 481 4331; x_wconf 85' lang='lat' dir='ltr'><strong>enim</strong></span> <span class='ocrx_word' id='word_1_538' title='bbox 516 4277 691 4331; x_wconf 86' lang='lat' dir='ltr'><strong>nescit</strong></span> <span class='ocrx_word' id='word_1_539' title='bbox 723 4277 870 4346; x_wconf 89' lang='lat' dir='ltr'><strong>quod</strong></span> <span class='ocrx_word' id='word_1_540' title='bbox 927 4275 1106 4331; x_wconf 81' lang='lat' dir='ltr'><strong>solum</strong></span> <span class='ocrx_word' id='word_1_541' title='bbox 1143 4275 1306 4330; x_wconf 90' lang='lat' dir='ltr'><strong>nobis</strong></span> <span class='ocrx_word' id='word_1_542' title='bbox 1336 4275 1590 4330; x_wconf 89' lang='lat' dir='ltr'><strong>relictum</strong></span> <span class='ocrx_word' id='word_1_543' title='bbox 1629 4275 1906 4344; x_wconf 73' lang='lat' dir='ltr'><strong>refugium</strong></span> 
     </span>
    </p>
   </div>
   <div class='ocr_carea' id='block_1_72' title="bbox 329 4363 1903 4427">
    <p class='ocr_par' dir='ltr' id='par_1_72' title="bbox 329 4363 1903 4427">
     <span class='ocr_line' id='line_1_72' title="bbox 329 4363 1903 4427; baseline -0.001 -8"><span class='ocrx_word' id='word_1_544' title='bbox 329 4375 450 4419; x_wconf 85' lang='lat' dir='ltr'><strong>erat</strong></span> <span class='ocrx_word' id='word_1_545' title='bbox 492 4364 813 4420; x_wconf 86' lang='lat' dir='ltr'><strong>Latinorum</strong></span> <span class='ocrx_word' id='word_1_546' title='bbox 846 4365 1088 4420; x_wconf 85' lang='lat' dir='ltr'><strong>amicitia</strong></span> <span class='ocrx_word' id='word_1_547' title='bbox 1119 4373 1176 4418; x_wconf 91' lang='lat' dir='ltr'><strong>et</strong></span> <span class='ocrx_word' id='word_1_548' title='bbox 1207 4365 1338 4418; x_wconf 92' lang='lat' dir='ltr'><strong>unio</strong></span> <span class='ocrx_word' id='word_1_549' title='bbox 1385 4379 1510 4419; x_wconf 91' lang='lat' dir='ltr'><strong>cum</strong></span> <span class='ocrx_word' id='word_1_550' title='bbox 1561 4366 1643 4419; x_wconf 88' lang='lat' dir='ltr'><strong>eis</strong></span> <span class='ocrx_word' id='word_1_551' title='bbox 1693 4363 1903 4427; x_wconf 84' lang='lat' dir='ltr'><strong>futura,</strong></span> 
     </span>
    </p>
   </div>
   <div class='ocr_carea' id='block_1_73' title="bbox 333 4453 1911 4527">
    <p class='ocr_par' dir='ltr' id='par_1_73' title="bbox 333 4453 1911 4527">
     <span class='ocr_line' id='line_1_73' title="bbox 333 4453 1911 4527; baseline -0.001 -16"><span class='ocrx_word' id='word_1_552' title='bbox 333 4453 437 4512; x_wconf 81' lang='lat' dir='ltr'><strong>hac</strong></span> <span class='ocrx_word' id='word_1_553' title='bbox 473 4473 532 4511; x_wconf 86' lang='lat' dir='ltr'><strong>re</strong></span> <span class='ocrx_word' id='word_1_554' title='bbox 566 4457 922 4527; x_wconf 85' lang='lat' dir='ltr'><strong>sperantibus</strong></span> <span class='ocrx_word' id='word_1_555' title='bbox 970 4466 1028 4510; x_wconf 88' lang='lat' dir='ltr'><strong>et</strong></span> <span class='ocrx_word' id='word_1_556' title='bbox 1080 4470 1182 4510; x_wconf 88' lang='lat' dir='ltr'><strong>nos</strong></span> <span class='ocrx_word' id='word_1_557' title='bbox 1234 4455 1384 4524; x_wconf 90' lang='lat' dir='ltr'><strong>ipsos</strong></span> <span class='ocrx_word' id='word_1_558' title='bbox 1429 4455 1572 4508; x_wconf 89' lang='lat' dir='ltr'><strong>tueri</strong></span> <span class='ocrx_word' id='word_1_559' title='bbox 1623 4469 1806 4524; x_wconf 86' lang='lat' dir='ltr'><strong>posse,</strong></span> <span class='ocrx_word' id='word_1_560' title='bbox 1853 4464 1911 4509; x_wconf 88' lang='lat' dir='ltr'><strong>et</strong></span> 
     </span>
    </p>
   </div>
   <div class='ocr_carea' id='block_1_74' title="bbox 327 4547 1909 4618">
    <p class='ocr_par' dir='ltr' id='par_1_74' title="bbox 327 4547 1909 4618">
     <span class='ocr_line' id='line_1_74' title="bbox 327 4547 1909 4618; baseline -0.003 -13"><span class='ocrx_word' id='word_1_561' title='bbox 327 4552 518 4605; x_wconf 81' lang='lat' dir='ltr'><strong>hostes</strong></span> <span class='ocrx_word' id='word_1_562' title='bbox 549 4549 878 4613; x_wconf 88' lang='lat' dir='ltr'><strong>devincere;</strong></span> <span class='ocrx_word' id='word_1_563' title='bbox 911 4549 1172 4618; x_wconf 88' lang='lat' dir='ltr'><strong>quodque</strong></span> <span class='ocrx_word' id='word_1_564' title='bbox 1204 4547 1309 4603; x_wconf 90' lang='lat' dir='ltr'><strong>hoc</strong></span> <span class='ocrx_word' id='word_1_565' title='bbox 1338 4547 1515 4602; x_wconf 88' lang='lat' dir='ltr'><strong>solum</strong></span> <span class='ocrx_word' id='word_1_566' title='bbox 1556 4547 1774 4602; x_wconf 86' lang='lat' dir='ltr'><strong>hostem</strong></span> <span class='ocrx_word' id='word_1_567' title='bbox 1811 4548 1909 4600; x_wconf 87' lang='lat' dir='ltr'><strong>de-</strong></span> 
     </span>
    </p>
   </div>
   <div class='ocr_carea' id='block_1_75' title="bbox 328 4640 1902 4711">
    <p class='ocr_par' dir='ltr' id='par_1_75' title="bbox 328 4640 1902 4711">
     <span class='ocr_line' id='line_1_75' title="bbox 328 4640 1902 4711; baseline -0.003 -14"><span class='ocrx_word' id='word_1_568' title='bbox 328 4643 596 4708; x_wconf 86' lang='lat' dir='ltr'><strong>terrebat,</strong></span> <span class='ocrx_word' id='word_1_569' title='bbox 632 4651 688 4696; x_wconf 86' lang='lat' dir='ltr'><strong>et</strong></span> <span class='ocrx_word' id='word_1_570' title='bbox 719 4641 840 4711; x_wconf 83' lang='lat' dir='ltr'><strong>ejus</strong></span> <span class='ocrx_word' id='word_1_571' title='bbox 869 4649 1062 4695; x_wconf 86' lang='lat' dir='ltr'><strong>contra</strong></span> <span class='ocrx_word' id='word_1_572' title='bbox 1112 4654 1216 4695; x_wconf 86' lang='lat' dir='ltr'><strong>nos</strong></span> <span class='ocrx_word' id='word_1_573' title='bbox 1245 4640 1490 4694; x_wconf 90' lang='lat' dir='ltr'><strong>furorem</strong></span> <span class='ocrx_word' id='word_1_574' title='bbox 1525 4640 1902 4695; x_wconf 70' lang='lat' dir='ltr'><strong>refrzenabat?</strong></span> 
     </span>
    </p>
   </div>
   <div class='ocr_carea' id='block_1_76' title="bbox 324 4729 1904 4802">
    <p class='ocr_par' dir='ltr' id='par_1_76' title="bbox 324 4729 1904 4802">
     <span class='ocr_line' id='line_1_76' title="bbox 324 4729 1904 4802; baseline -0.001 -16"><span class='ocrx_word' id='word_1_575' title='bbox 324 4749 439 4802; x_wconf 84' lang='lat' dir='ltr'><strong>qua</strong></span> <span class='ocrx_word' id='word_1_576' title='bbox 471 4748 530 4786; x_wconf 88' lang='lat' dir='ltr'><strong>re</strong></span> <span class='ocrx_word' id='word_1_577' title='bbox 577 4733 622 4786; x_wconf 92' lang='lat' dir='ltr'><strong>si</strong></span> <span class='ocrx_word' id='word_1_578' title='bbox 673 4747 821 4785; x_wconf 91' lang='lat' dir='ltr'><strong>nunc</strong></span> <span class='ocrx_word' id='word_1_579' title='bbox 857 4730 1224 4800; x_wconf 83' lang='lat' dir='ltr'><strong>privabimur,</strong></span> <span class='ocrx_word' id='word_1_580' title='bbox 1268 4745 1378 4799; x_wconf 87' lang='lat' dir='ltr'><strong>quo</strong></span> <span class='ocrx_word' id='word_1_581' title='bbox 1426 4729 1746 4800; x_wconf 71' lang='lat' dir='ltr'><strong>fugientes?</strong></span> <span class='ocrx_word' id='word_1_582' title='bbox 1781 4732 1904 4799; x_wconf 90' lang='lat' dir='ltr'><strong>qui-</strong></span> 
     </span>
    </p>
   </div>
   <div class='ocr_carea' id='block_1_77' title="bbox 325 4821 1903 4894">
    <p class='ocr_par' dir='ltr' id='par_1_77' title="bbox 325 4821 1903 4894">
     <span class='ocr_line' id='line_1_77' title="bbox 325 4821 1903 4894; baseline -0.001 -14"><span class='ocrx_word' id='word_1_583' title='bbox 325 4842 455 4880; x_wconf 84' lang='lat' dir='ltr'><strong>nam</strong></span> <span class='ocrx_word' id='word_1_584' title='bbox 488 4835 690 4879; x_wconf 75' lang='lat' dir='ltr'><strong>nostra:</strong></span> <span class='ocrx_word' id='word_1_585' title='bbox 736 4822 1068 4877; x_wconf 85' lang='lat' dir='ltr'><strong>calamitatis</strong></span> <span class='ocrx_word' id='word_1_586' title='bbox 1100 4821 1225 4877; x_wconf 86' lang='lat' dir='ltr'><strong>finis</strong></span> <span class='ocrx_word' id='word_1_587' title='bbox 1253 4823 1402 4877; x_wconf 87' lang='lat' dir='ltr'><strong>erit?</strong></span> <span class='ocrx_word' id='word_1_588' title='bbox 1451 4825 1579 4894; x_wconf 89' lang='lat' dir='ltr'><strong>quis</strong></span> <span class='ocrx_word' id='word_1_589' title='bbox 1630 4824 1903 4880; x_wconf 87' lang='lat' dir='ltr'><strong>malorum</strong></span> 
     </span>
    </p>
   </div>
   <div class='ocr_carea' id='block_1_78' title="bbox 321 4914 1906 4984">
    <p class='ocr_par' dir='ltr' id='par_1_78' title="bbox 321 4914 1906 4984">
     <span class='ocr_line' id='line_1_78' title="bbox 321 4914 1906 4984; baseline -0.001 -11"><span class='ocrx_word' id='word_1_590' title='bbox 321 4921 554 4974; x_wconf 68' lang='lat' dir='ltr'><strong>cattus“!</strong></span> <span class='ocrx_word' id='word_1_591' title='bbox 583 4917 650 4971; x_wconf 88' lang='lat' dir='ltr'><strong>Et</strong></span> <span class='ocrx_word' id='word_1_592' title='bbox 676 4918 720 4971; x_wconf 89' lang='lat' dir='ltr'><strong>si</strong></span> <span class='ocrx_word' id='word_1_593' title='bbox 748 4930 936 4970; x_wconf 84' lang='lat' dir='ltr'><strong>errare</strong></span> <span class='ocrx_word' id='word_1_594' title='bbox 968 4914 1190 4984; x_wconf 89' lang='lat' dir='ltr'><strong>quidem</strong></span> <span class='ocrx_word' id='word_1_595' title='bbox 1229 4914 1477 4983; x_wconf 85' lang='lat' dir='ltr'><strong>Latinos,</strong></span> <span class='ocrx_word' id='word_1_596' title='bbox 1515 4927 1571 4971; x_wconf 90' lang='lat' dir='ltr'><strong>et</strong></span> <span class='ocrx_word' id='word_1_597' title='bbox 1607 4933 1634 4972; x_wconf 87' lang='lat' dir='ltr'><strong>a</strong></span> <span class='ocrx_word' id='word_1_598' title='bbox 1666 4918 1906 4972; x_wconf 82' lang='lat' dir='ltr'><strong>veritate</strong></span> 
     </span>
    </p>
   </div>
   <div class='ocr_carea' id='block_1_79' title="bbox 322 5005 1908 5079">
    <p class='ocr_par' dir='ltr' id='par_1_79' title="bbox 322 5005 1908 5079">
     <span class='ocr_line' id='line_1_79' title="bbox 322 5005 1908 5079; baseline 0.001 -18"><span class='ocrx_word' id='word_1_599' title='bbox 322 5019 578 5061; x_wconf 80' lang='lat' dir='ltr'><strong>atcrtcre</strong></span> <span class='ocrx_word' id='word_1_600' title='bbox 640 5005 1230 5074; x_wconf 83' lang='lat' dir='ltr'><strong>deprehendissemus,</strong></span> <span class='ocrx_word' id='word_1_601' title='bbox 1297 5021 1405 5062; x_wconf 89' lang='lat' dir='ltr'><strong>nec</strong></span> <span class='ocrx_word' id='word_1_602' title='bbox 1464 5008 1584 5078; x_wconf 88' lang='lat' dir='ltr'><strong>ipse</strong></span> <span class='ocrx_word' id='word_1_603' title='bbox 1650 5009 1908 5079; x_wconf 84' lang='lat' dir='ltr'><strong>profecto</strong></span> 
     </span>
    </p>
   </div>
   <div class='ocr_carea' id='block_1_80' title="bbox 324 5099 1905 5167">
    <p class='ocr_par' dir='ltr' id='par_1_80' title="bbox 324 5099 1905 5167">
     <span class='ocr_line' id='line_1_80' title="bbox 324 5099 1905 5167; baseline 0.004 -15"><span class='ocrx_word' id='word_1_604' title='bbox 324 5101 491 5154; x_wconf 71' lang='lat' dir='ltr'><strong>Vobis</strong></span> <span class='ocrx_word' id='word_1_605' title='bbox 538 5099 936 5154; x_wconf 86' lang='lat' dir='ltr'><strong>consuluissem</strong></span> <span class='ocrx_word' id='word_1_606' title='bbox 977 5100 1060 5153; x_wconf 86' lang='lat' dir='ltr'><strong>eis</strong></span> <span class='ocrx_word' id='word_1_607' title='bbox 1106 5099 1181 5153; x_wconf 86' lang='lat' dir='ltr'><strong>ita</strong></span> <span class='ocrx_word' id='word_1_608' title='bbox 1245 5114 1304 5155; x_wconf 86' lang='lat' dir='ltr'><strong>se</strong></span> <span class='ocrx_word' id='word_1_609' title='bbox 1345 5099 1685 5158; x_wconf 84' lang='lat' dir='ltr'><strong>habentibus</strong></span> <span class='ocrx_word' id='word_1_610' title='bbox 1735 5103 1905 5167; x_wconf 82' lang='lat' dir='ltr'><strong>uniri,</strong></span> 
     </span>
    </p>
   </div>
   <div class='ocr_carea' id='block_1_81' title="bbox 327 5191 1905 5266">
    <p class='ocr_par' dir='ltr' id='par_1_81' title="bbox 327 5191 1905 5266">
     <span class='ocr_line' id='line_1_81' title="bbox 327 5191 1905 5266; baseline 0 -18"><span class='ocrx_word' id='word_1_611' title='bbox 327 5191 716 5259; x_wconf 75' lang='lat' dir='ltr'><strong>temporalium</strong></span> <span class='ocrx_word' id='word_1_612' title='bbox 776 5191 1074 5246; x_wconf 80' lang='lat' dir='ltr'><strong>amissione</strong></span> <span class='ocrx_word' id='word_1_613' title='bbox 1134 5192 1466 5257; x_wconf 80' lang='lat' dir='ltr'><strong>deterritos,</strong></span> <span class='ocrx_word' id='word_1_614' title='bbox 1535 5203 1608 5248; x_wconf 80' lang='lat' dir='ltr'><strong>et</strong></span> <span class='ocrx_word' id='word_1_615' title='bbox 1676 5193 1905 5266; x_wconf 77' lang='lat' dir='ltr'><strong>majoris</strong></span> 
     </span>
    </p>
   </div>
   <div class='ocr_carea' id='block_1_82' title="bbox 326 5283 1906 5358">
    <p class='ocr_par' dir='ltr' id='par_1_82' title="bbox 326 5283 1906 5358">
     <span class='ocr_line' id='line_1_82' title="bbox 326 5283 1906 5358; baseline 0.003 -20"><span class='ocrx_word' id='word_1_616' title='bbox 326 5285 622 5358; x_wconf 62' lang='lat' dir='ltr'><strong>praesentia</strong></span> <span class='ocrx_word' id='word_1_617' title='bbox 671 5299 837 5354; x_wconf 86' lang='lat' dir='ltr'><strong>quam</strong></span> <span class='ocrx_word' id='word_1_618' title='bbox 884 5283 1091 5350; x_wconf 84' lang='lat' dir='ltr'><strong>futura,</strong></span> <span class='ocrx_word' id='word_1_619' title='bbox 1133 5301 1434 5357; x_wconf 88' lang='lat' dir='ltr'><strong>corporum</strong></span> <span class='ocrx_word' id='word_1_620' title='bbox 1478 5303 1642 5358; x_wconf 87' lang='lat' dir='ltr'><strong>quam</strong></span> <span class='ocrx_word' id='word_1_621' title='bbox 1693 5291 1906 5343; x_wconf 81' lang='lat' dir='ltr'><strong>anima-</strong></span> 
     </span>
    </p>
   </div>
   <div class='ocr_carea' id='block_1_83' title="bbox 324 5377 1904 5447">
    <p class='ocr_par' dir='ltr' id='par_1_83' title="bbox 324 5377 1904 5447">
     <span class='ocr_line' id='line_1_83' title="bbox 324 5377 1904 5447; baseline 0.004 -15"><span class='ocrx_word' id='word_1_622' title='bbox 324 5395 451 5434; x_wconf 87' lang='lat' dir='ltr'><strong>rum</strong></span> <span class='ocrx_word' id='word_1_623' title='bbox 501 5377 888 5433; x_wconf 82' lang='lat' dir='ltr'><strong>liberationem</strong></span> <span class='ocrx_word' id='word_1_624' title='bbox 938 5379 1121 5434; x_wconf 86' lang='lat' dir='ltr'><strong>facere</strong></span> <span class='ocrx_word' id='word_1_625' title='bbox 1170 5379 1426 5436; x_wconf 75' lang='lat' dir='ltr'><strong>hortatus</strong></span> <span class='ocrx_word' id='word_1_626' title='bbox 1471 5381 1723 5447; x_wconf 84' lang='lat' dir='ltr'><strong>fuissem,</strong></span> <span class='ocrx_word' id='word_1_627' title='bbox 1793 5384 1904 5438; x_wconf 90' lang='lat' dir='ltr'><strong>imo</strong></span> 
     </span>
    </p>
   </div>
   <div class='ocr_carea' id='block_1_84' title="bbox 322 5474 1904 5548">
    <p class='ocr_par' dir='ltr' id='par_1_84' title="bbox 322 5474 1904 5548">
     <span class='ocr_line' id='line_1_84' title="bbox 322 5474 1904 5548; baseline 0.005 -21"><span class='ocrx_word' id='word_1_628' title='bbox 322 5490 461 5529; x_wconf 63' lang='lat' dir='ltr'><strong>vero</strong></span> <span class='ocrx_word' id='word_1_629' title='bbox 487 5485 545 5529; x_wconf 88' lang='lat' dir='ltr'><strong>et</strong></span> <span class='ocrx_word' id='word_1_630' title='bbox 579 5474 694 5546; x_wconf 80' lang='lat' dir='ltr'><strong>ipse</strong></span> <span class='ocrx_word' id='word_1_631' title='bbox 727 5474 910 5528; x_wconf 84' lang='lat' dir='ltr'><strong>omnia</strong></span> <span class='ocrx_word' id='word_1_632' title='bbox 939 5489 1284 5547; x_wconf 66' lang='lat' dir='ltr'><strong>quaecunque</strong></span> <span class='ocrx_word' id='word_1_633' title='bbox 1315 5479 1512 5534; x_wconf 87' lang='lat' dir='ltr'><strong>acerba</strong></span> <span class='ocrx_word' id='word_1_634' title='bbox 1561 5480 1748 5548; x_wconf 86' lang='lat' dir='ltr'><strong>potius</strong></span> <span class='ocrx_word' id='word_1_635' title='bbox 1781 5495 1904 5535; x_wconf 89' lang='lat' dir='ltr'><strong>sus-</strong></span> 
     </span>
    </p>
   </div>
   <div class='ocr_carea' id='block_1_85' title="bbox 326 5568 1908 5640">
    <p class='ocr_par' dir='ltr' id='par_1_85' title="bbox 326 5568 1908 5640">
     <span class='ocr_line' id='line_1_85' title="bbox 326 5568 1908 5640; baseline 0.004 -19"><span class='ocrx_word' id='word_1_636' title='bbox 326 5568 645 5634; x_wconf 79' lang='lat' dir='ltr'><strong>tmuissem,</strong></span> <span class='ocrx_word' id='word_1_637' title='bbox 671 5578 729 5623; x_wconf 90' lang='lat' dir='ltr'><strong>et</strong></span> <span class='ocrx_word' id='word_1_638' title='bbox 777 5569 952 5634; x_wconf 86' lang='lat' dir='ltr'><strong>vobis,</strong></span> <span class='ocrx_word' id='word_1_639' title='bbox 997 5580 1055 5624; x_wconf 91' lang='lat' dir='ltr'><strong>ut</strong></span> <span class='ocrx_word' id='word_1_640' title='bbox 1098 5573 1241 5640; x_wconf 87' lang='lat' dir='ltr'><strong>passi</strong></span> <span class='ocrx_word' id='word_1_641' title='bbox 1274 5571 1542 5637; x_wconf 78' lang='lat' dir='ltr'><strong>fuissetis,</strong></span> <span class='ocrx_word' id='word_1_642' title='bbox 1591 5573 1908 5628; x_wconf 84' lang='lat' dir='ltr'><strong>consuluis-</strong></span> 
     </span>
    </p>
   </div>
   <div class='ocr_carea' id='block_1_86' title="bbox 324 5661 1902 5733">
    <p class='ocr_par' dir='ltr' id='par_1_86' title="bbox 324 5661 1902 5733">
     <span class='ocr_line' id='line_1_86' title="bbox 324 5661 1902 5733; baseline 0.005 -21"><span class='ocrx_word' id='word_1_643' title='bbox 324 5676 470 5723; x_wconf 71' lang='lat' dir='ltr'><strong>sem,</strong></span> <span class='ocrx_word' id='word_1_644' title='bbox 507 5676 671 5732; x_wconf 88' lang='lat' dir='ltr'><strong>quam</strong></span> <span class='ocrx_word' id='word_1_645' title='bbox 703 5676 827 5715; x_wconf 89' lang='lat' dir='ltr'><strong>cum</strong></span> <span class='ocrx_word' id='word_1_646' title='bbox 869 5661 952 5715; x_wconf 84' lang='lat' dir='ltr'><strong>eis</strong></span> <span class='ocrx_word' id='word_1_647' title='bbox 987 5663 1132 5715; x_wconf 81' lang='lat' dir='ltr'><strong>uniri</strong></span> <span class='ocrx_word' id='word_1_648' title='bbox 1167 5679 1274 5716; x_wconf 90' lang='lat' dir='ltr'><strong>non</strong></span> <span class='ocrx_word' id='word_1_649' title='bbox 1330 5674 1476 5719; x_wconf 83' lang='lat' dir='ltr'><strong>recte</strong></span> <span class='ocrx_word' id='word_1_650' title='bbox 1529 5666 1902 5733; x_wconf 76' lang='lat' dir='ltr'><strong>sapientibus.</strong></span> 
     </span>
    </p>
   </div>
   <div class='ocr_carea' id='block_1_87' title="bbox 326 5752 1877 5824">
    <p class='ocr_par' dir='ltr' id='par_1_87' title="bbox 326 5752 1877 5824">
     <span class='ocr_line' id='line_1_87' title="bbox 326 5752 1877 5824; baseline 0.006 -20"><span class='ocrx_word' id='word_1_651' title='bbox 326 5752 485 5815; x_wconf 57' lang='lat' dir='ltr'><strong>ﬁunt:</strong></span> <span class='ocrx_word' id='word_1_652' title='bbox 524 5769 654 5809; x_wconf 90' lang='lat' dir='ltr'><strong>vero</strong></span> <span class='ocrx_word' id='word_1_653' title='bbox 688 5755 990 5808; x_wconf 85' lang='lat' dir='ltr'><strong>timendum</strong></span> <span class='ocrx_word' id='word_1_654' title='bbox 1038 5765 1142 5820; x_wconf 85' lang='lat' dir='ltr'><strong>est,</strong></span> <span class='ocrx_word' id='word_1_655' title='bbox 1175 5768 1232 5808; x_wconf 90' lang='lat' dir='ltr'><strong>et</strong></span> <span class='ocrx_word' id='word_1_656' title='bbox 1263 5757 1486 5824; x_wconf 80' lang='lat' dir='ltr'><strong>quidem</strong></span> <span class='ocrx_word' id='word_1_657' title='bbox 1520 5759 1877 5814; x_wconf 71' lang='lat' dir='ltr'><strong>vehementer</strong></span> 
     </span>
    </p>
   </div>
   <div class='ocr_carea' id='block_1_88' title="bbox 572 5857 1242 5921">
    <p class='ocr_par' dir='ltr' id='par_1_88' title="bbox 572 5857 1242 5921">
     <span class='ocr_line' id='line_1_88' title="bbox 572 5857 1242 5921; baseline -0.001 -4"><span class='ocrx_word' id='word_1_658' title='bbox 572 5857 840 5919; x_wconf 67' lang='lat' dir='ltr'><strong>l’arnoc.</strong></span> <span class='ocrx_word' id='word_1_659' title='bbox 886 5864 1000 5921; x_wconf 58' lang='grc' dir='ltr'><strong>(ἐκ.</strong></span> <span class='ocrx_word' id='word_1_660' title='bbox 1041 5860 1242 5920; x_wconf 71' lang='lat' dir='ltr'><strong>CLXI.</strong></span> 
     </span>
    </p>
   </div>
   <div class='ocr_carea' id='block_1_89' title="bbox 1885 5939 1958 5948">
    <p class='ocr_par' dir='ltr' id='par_1_89' title="bbox 1885 5939 1958 5948">
     <span class='ocr_line' id='line_1_89' title="bbox 1885 5939 1958 5948; baseline 0 -3"><span class='ocrx_word' id='word_1_661' title='bbox 1885 5939 1958 5948; x_wconf 48' lang='grc' dir='ltr'><strong>..ν</strong></span> 
     </span>
    </p>
   </div>
   <div class='ocr_carea' id='block_1_90' title="bbox 2015 3247 3592 3325">
    <p class='ocr_par' dir='ltr' id='par_1_90' title="bbox 2015 3247 3592 3325">
     <span class='ocr_line' id='line_1_90' title="bbox 2015 3247 3592 3325; baseline 0.001 -16"><span class='ocrx_word' id='word_1_662' title='bbox 2015 3271 2084 3310; x_wconf 92' lang='lat' dir='ltr'><strong>ne</strong></span> <span class='ocrx_word' id='word_1_663' title='bbox 2121 3251 2372 3325; x_wconf 83' lang='lat' dir='ltr'><strong>corporis</strong></span> <span class='ocrx_word' id='word_1_664' title='bbox 2405 3270 2627 3325; x_wconf 86' lang='lat' dir='ltr'><strong>quoque</strong></span> <span class='ocrx_word' id='word_1_665' title='bbox 2679 3247 2909 3308; x_wconf 85' lang='lat' dir='ltr'><strong>exitium</strong></span> <span class='ocrx_word' id='word_1_666' title='bbox 2944 3268 3051 3308; x_wconf 89' lang='lat' dir='ltr'><strong>una</strong></span> <span class='ocrx_word' id='word_1_667' title='bbox 3083 3265 3210 3310; x_wconf 87' lang='lat' dir='ltr'><strong>cum</strong></span> <span class='ocrx_word' id='word_1_668' title='bbox 3240 3255 3412 3309; x_wconf 87' lang='lat' dir='ltr'><strong>animi</strong></span> <span class='ocrx_word' id='word_1_669' title='bbox 3450 3256 3592 3310; x_wconf 89' lang='lat' dir='ltr'><strong>inte-</strong></span> 
     </span>
    </p>
   </div>
   <div class='ocr_carea' id='block_1_91' title="bbox 2017 3344 3591 3417">
    <p class='ocr_par' dir='ltr' id='par_1_91' title="bbox 2017 3344 3591 3417">
     <span class='ocr_line' id='line_1_91' title="bbox 2017 3344 3591 3417; baseline 0.002 -19"><span class='ocrx_word' id='word_1_670' title='bbox 2017 3345 2126 3398; x_wconf 91' lang='lat' dir='ltr'><strong>ritu</strong></span> <span class='ocrx_word' id='word_1_671' title='bbox 2155 3344 2322 3399; x_wconf 88' lang='lat' dir='ltr'><strong>etiam</strong></span> <span class='ocrx_word' id='word_1_672' title='bbox 2351 3345 2646 3414; x_wconf 75' lang='lat' dir='ltr'><strong>eligamus,</strong></span> <span class='ocrx_word' id='word_1_673' title='bbox 2701 3344 2976 3414; x_wconf 89' lang='lat' dir='ltr'><strong>siquidem</strong></span> <span class='ocrx_word' id='word_1_674' title='bbox 3005 3359 3127 3414; x_wconf 61' lang='lat' dir='ltr'><strong>quae</strong></span> <span class='ocrx_word' id='word_1_675' title='bbox 3158 3359 3309 3411; x_wconf 88' lang='lat' dir='ltr'><strong>vera,</strong></span> <span class='ocrx_word' id='word_1_676' title='bbox 3349 3362 3472 3416; x_wconf 66' lang='lat' dir='ltr'><strong>qua:</strong></span> <span class='ocrx_word' id='word_1_677' title='bbox 3502 3349 3591 3417; x_wconf 87' lang='lat' dir='ltr'><strong>pia</strong></span> 
     </span>
    </p>
   </div>
   <div class='ocr_carea' id='block_1_92' title="bbox 2013 3419 3593 3510">
    <p class='ocr_par' dir='ltr' id='par_1_92' title="bbox 2013 3419 3593 3510">
     <span class='ocr_line' id='line_1_92' title="bbox 2013 3419 3593 3510; baseline 0.001 -19"><span class='ocrx_word' id='word_1_678' title='bbox 2013 3445 2165 3498; x_wconf 87' lang='lat' dir='ltr'><strong>sunt,</strong></span> <span class='ocrx_word' id='word_1_679' title='bbox 2193 3446 2247 3490; x_wconf 91' lang='lat' dir='ltr'><strong>et</strong></span> <span class='ocrx_word' id='word_1_680' title='bbox 2277 3437 2416 3490; x_wconf 89' lang='lat' dir='ltr'><strong>nihil</strong></span> <span class='ocrx_word' id='word_1_681' title='bbox 2445 3452 2740 3491; x_wconf 86' lang='lat' dir='ltr'><strong>erroneum</strong></span> <span class='ocrx_word' id='word_1_682' title='bbox 2767 3432 2980 3494; x_wconf 81' lang='lat' dir='ltr'><strong>Latinis</strong></span> <span class='ocrx_word' id='word_1_683' title='bbox 3008 3419 3376 3510; x_wconf 66' lang='lat' dir='ltr'><strong>sapientibus,</strong></span> <span class='ocrx_word' id='word_1_684' title='bbox 3399 3455 3593 3509; x_wconf 83' lang='lat' dir='ltr'><strong>quem-</strong></span> 
     </span>
    </p>
   </div>
   <div class='ocr_carea' id='block_1_93' title="bbox 2014 3525 3590 3600">
    <p class='ocr_par' dir='ltr' id='par_1_93' title="bbox 2014 3525 3590 3600">
     <span class='ocr_line' id='line_1_93' title="bbox 2014 3525 3590 3600; baseline 0.006 -20"><span class='ocrx_word' id='word_1_685' title='bbox 2014 3525 2309 3582; x_wconf 85' lang='lat' dir='ltr'><strong>admodum</strong></span> <span class='ocrx_word' id='word_1_686' title='bbox 2360 3529 2554 3585; x_wconf 84' lang='lat' dir='ltr'><strong>Patres</strong></span> <span class='ocrx_word' id='word_1_687' title='bbox 2600 3545 2796 3586; x_wconf 90' lang='lat' dir='ltr'><strong>eorum</strong></span> <span class='ocrx_word' id='word_1_688' title='bbox 2845 3537 2901 3588; x_wconf 83' lang='lat' dir='ltr'><strong>et</strong></span> <span class='ocrx_word' id='word_1_689' title='bbox 2957 3533 3152 3600; x_wconf 89' lang='lat' dir='ltr'><strong>nostri,</strong></span> <span class='ocrx_word' id='word_1_690' title='bbox 3207 3533 3590 3591; x_wconf 72' lang='lat' dir='ltr'><strong>Occidentales</strong></span> 
     </span>
    </p>
   </div>
   <div class='ocr_carea' id='block_1_94' title="bbox 2013 3621 3590 3689">
    <p class='ocr_par' dir='ltr' id='par_1_94' title="bbox 2013 3621 3590 3689">
     <span class='ocr_line' id='line_1_94' title="bbox 2013 3621 3590 3689; baseline 0.008 -16"><span class='ocrx_word' id='word_1_691' title='bbox 2013 3621 2273 3676; x_wconf 86' lang='lat' dir='ltr'><strong>videlicet</strong></span> <span class='ocrx_word' id='word_1_692' title='bbox 2315 3621 2598 3689; x_wconf 87' lang='lat' dir='ltr'><strong>doctores,</strong></span> <span class='ocrx_word' id='word_1_693' title='bbox 2652 3638 2716 3678; x_wconf 90' lang='lat' dir='ltr'><strong>ac</strong></span> <span class='ocrx_word' id='word_1_694' title='bbox 2770 3624 3152 3682; x_wconf 85' lang='lat' dir='ltr'><strong>Orientalibus</strong></span> <span class='ocrx_word' id='word_1_695' title='bbox 3200 3631 3590 3685; x_wconf 78' lang='lat' dir='ltr'><strong>communibus</strong></span> 
     </span>
    </p>
   </div>
   <div class='ocr_carea' id='block_1_95' title="bbox 2013 3714 3591 3792">
    <p class='ocr_par' dir='ltr' id='par_1_95' title="bbox 2013 3714 3591 3792">
     <span class='ocr_line' id='line_1_95' title="bbox 2013 3714 3591 3792; baseline 0.008 -23"><span class='ocrx_word' id='word_1_696' title='bbox 2013 3714 2270 3771; x_wconf 76' lang='lat' dir='ltr'><strong>Patrihus</strong></span> <span class='ocrx_word' id='word_1_697' title='bbox 2313 3715 2506 3769; x_wconf 85' lang='lat' dir='ltr'><strong>eadem</strong></span> <span class='ocrx_word' id='word_1_698' title='bbox 2554 3724 2610 3770; x_wconf 92' lang='lat' dir='ltr'><strong>et</strong></span> <span class='ocrx_word' id='word_1_699' title='bbox 2659 3727 3034 3775; x_wconf 87' lang='lat' dir='ltr'><strong>consentanea</strong></span> <span class='ocrx_word' id='word_1_700' title='bbox 3089 3720 3423 3792; x_wconf 85' lang='lat' dir='ltr'><strong>dicentibus,</strong></span> <span class='ocrx_word' id='word_1_701' title='bbox 3490 3741 3591 3781; x_wconf 91' lang='lat' dir='ltr'><strong>nos</strong></span> 
     </span>
    </p>
   </div>
   <div class='ocr_carea' id='block_1_96' title="bbox 2015 3807 3587 3881">
    <p class='ocr_par' dir='ltr' id='par_1_96' title="bbox 2015 3807 3587 3881">
     <span class='ocr_line' id='line_1_96' title="bbox 2015 3807 3587 3881; baseline 0.01 -22"><span class='ocrx_word' id='word_1_702' title='bbox 2015 3807 2238 3878; x_wconf 85' lang='lat' dir='ltr'><strong>proprio</strong></span> <span class='ocrx_word' id='word_1_703' title='bbox 2285 3817 2479 3862; x_wconf 84' lang='lat' dir='ltr'><strong>nostro</strong></span> <span class='ocrx_word' id='word_1_704' title='bbox 2513 3809 2658 3864; x_wconf 90' lang='lat' dir='ltr'><strong>malo</strong></span> <span class='ocrx_word' id='word_1_705' title='bbox 2708 3810 2919 3881; x_wconf 87' lang='lat' dir='ltr'><strong>absque</strong></span> <span class='ocrx_word' id='word_1_706' title='bbox 2972 3815 3081 3868; x_wconf 87' lang='lat' dir='ltr'><strong>ulla</strong></span> <span class='ocrx_word' id='word_1_707' title='bbox 3117 3814 3331 3873; x_wconf 83' lang='lat' dir='ltr'><strong>ratione</strong></span> <span class='ocrx_word' id='word_1_708' title='bbox 3382 3820 3451 3875; x_wconf 91' lang='lat' dir='ltr'><strong>ab</strong></span> <span class='ocrx_word' id='word_1_709' title='bbox 3502 3821 3587 3876; x_wconf 90' lang='lat' dir='ltr'><strong>eis</strong></span> 
     </span>
    </p>
   </div>
   <div class='ocr_carea' id='block_1_97' title="bbox 2012 3899 3589 3972">
    <p class='ocr_par' dir='ltr' id='par_1_97' title="bbox 2012 3899 3589 3972">
     <span class='ocr_line' id='line_1_97' title="bbox 2012 3899 3589 3972; baseline 0.008 -19"><span class='ocrx_word' id='word_1_710' title='bbox 2012 3899 2182 3953; x_wconf 77' lang='lat' dir='ltr'><strong>dividi</strong></span> <span class='ocrx_word' id='word_1_711' title='bbox 2231 3899 2518 3954; x_wconf 83' lang='lat' dir='ltr'><strong>vellemus.</strong></span> <span class='ocrx_word' id='word_1_712' title='bbox 2560 3899 2716 3966; x_wconf 87' lang='lat' dir='ltr'><strong>Quod</strong></span> <span class='ocrx_word' id='word_1_713' title='bbox 2758 3903 2904 3956; x_wconf 84' lang='lat' dir='ltr'><strong>enim</strong></span> <span class='ocrx_word' id='word_1_714' title='bbox 2935 3904 3042 3972; x_wconf 90' lang='lat' dir='ltr'><strong>ipsi</strong></span> <span class='ocrx_word' id='word_1_715' title='bbox 3069 3903 3451 3966; x_wconf 90' lang='lat' dir='ltr'><strong>Occidentales</strong></span> <span class='ocrx_word' id='word_1_716' title='bbox 3487 3909 3589 3965; x_wconf 84' lang='lat' dir='ltr'><strong>Pa-</strong></span> 
     </span>
    </p>
   </div>
   <div class='ocr_carea' id='block_1_98' title="bbox 2016 3994 3582 4064">
    <p class='ocr_par' dir='ltr' id='par_1_98' title="bbox 2016 3994 3582 4064">
     <span class='ocr_line' id='line_1_98' title="bbox 2016 3994 3582 4064; baseline 0.009 -20"><span class='ocrx_word' id='word_1_717' title='bbox 2016 4000 2128 4045; x_wconf 87' lang='lat' dir='ltr'><strong>tres</strong></span> <span class='ocrx_word' id='word_1_718' title='bbox 2161 3999 2494 4060; x_wconf 84' lang='lat' dir='ltr'><strong>sequuntur,</strong></span> <span class='ocrx_word' id='word_1_719' title='bbox 2531 4007 2631 4046; x_wconf 87' lang='lat' dir='ltr'><strong>vos</strong></span> <span class='ocrx_word' id='word_1_720' title='bbox 2679 4002 2902 4063; x_wconf 88' lang='lat' dir='ltr'><strong>quoque</strong></span> <span class='ocrx_word' id='word_1_721' title='bbox 2933 3994 3150 4050; x_wconf 88' lang='lat' dir='ltr'><strong>dicetis.</strong></span> <span class='ocrx_word' id='word_1_722' title='bbox 3187 3995 3345 4064; x_wconf 86' lang='lat' dir='ltr'><strong>Quod</strong></span> <span class='ocrx_word' id='word_1_723' title='bbox 3396 4013 3582 4058; x_wconf 82' lang='lat' dir='ltr'><strong>autem</strong></span> 
     </span>
    </p>
   </div>
   <div class='ocr_carea' id='block_1_99' title="bbox 2014 4082 3590 4158">
    <p class='ocr_par' dir='ltr' id='par_1_99' title="bbox 2014 4082 3590 4158">
     <span class='ocr_line' id='line_1_99' title="bbox 2014 4082 3590 4158; baseline 0.01 -22"><span class='ocrx_word' id='word_1_724' title='bbox 2014 4083 2093 4137; x_wconf 86' lang='lat' dir='ltr'><strong>illi</strong></span> <span class='ocrx_word' id='word_1_725' title='bbox 2126 4083 2321 4139; x_wconf 86' lang='lat' dir='ltr'><strong>eadem</strong></span> <span class='ocrx_word' id='word_1_726' title='bbox 2361 4098 2489 4138; x_wconf 87' lang='lat' dir='ltr'><strong>cum</strong></span> <span class='ocrx_word' id='word_1_727' title='bbox 2525 4082 2904 4141; x_wconf 85' lang='lat' dir='ltr'><strong>Orientalibus</strong></span> <span class='ocrx_word' id='word_1_728' title='bbox 2935 4088 3172 4158; x_wconf 83' lang='lat' dir='ltr'><strong>sapiant,</strong></span> <span class='ocrx_word' id='word_1_729' title='bbox 3207 4091 3308 4147; x_wconf 87' lang='lat' dir='ltr'><strong>hac</strong></span> <span class='ocrx_word' id='word_1_730' title='bbox 3354 4095 3410 4148; x_wconf 90' lang='lat' dir='ltr'><strong>in</strong></span> <span class='ocrx_word' id='word_1_731' title='bbox 3465 4111 3590 4151; x_wconf 89' lang='lat' dir='ltr'><strong>ora-</strong></span> 
     </span>
    </p>
   </div>
   <div class='ocr_carea' id='block_1_100' title="bbox 2016 4175 3590 4253">
    <p class='ocr_par' dir='ltr' id='par_1_100' title="bbox 2016 4175 3590 4253">
     <span class='ocr_line' id='line_1_100' title="bbox 2016 4175 3590 4253; baseline 0.01 -24"><span class='ocrx_word' id='word_1_732' title='bbox 2016 4176 2166 4232; x_wconf 91' lang='lat' dir='ltr'><strong>tione</strong></span> <span class='ocrx_word' id='word_1_733' title='bbox 2196 4177 2442 4232; x_wconf 83' lang='lat' dir='ltr'><strong>bre’viter</strong></span> <span class='ocrx_word' id='word_1_734' title='bbox 2468 4188 2524 4231; x_wconf 92' lang='lat' dir='ltr'><strong>et</strong></span> <span class='ocrx_word' id='word_1_735' title='bbox 2553 4175 2902 4235; x_wconf 78' lang='lat' dir='ltr'><strong>sufﬁcienter</strong></span> <span class='ocrx_word' id='word_1_736' title='bbox 2929 4182 3223 4249; x_wconf 88' lang='lat' dir='ltr'><strong>probatum</strong></span> <span class='ocrx_word' id='word_1_737' title='bbox 3256 4198 3364 4253; x_wconf 90' lang='lat' dir='ltr'><strong>est,</strong></span> <span class='ocrx_word' id='word_1_738' title='bbox 3422 4187 3494 4243; x_wconf 91' lang='lat' dir='ltr'><strong>ita</strong></span> <span class='ocrx_word' id='word_1_739' title='bbox 3532 4201 3590 4245; x_wconf 83' lang='lat' dir='ltr'><strong>ut.</strong></span> 
     </span>
    </p>
   </div>
   <div class='ocr_carea' id='block_1_101' title="bbox 2013 4263 3585 4347">
    <p class='ocr_par' dir='ltr' id='par_1_101' title="bbox 2013 4263 3585 4347">
     <span class='ocr_line' id='line_1_101' title="bbox 2013 4263 3585 4347; baseline 0.008 -22"><span class='ocrx_word' id='word_1_740' title='bbox 2013 4269 2269 4326; x_wconf 75' lang='lat' dir='ltr'><strong>omnibus</strong></span> <span class='ocrx_word' id='word_1_741' title='bbox 2312 4263 2666 4327; x_wconf 78' lang='lat' dir='ltr'><strong>manifestum</strong></span> <span class='ocrx_word' id='word_1_742' title='bbox 2703 4272 2772 4324; x_wconf 86' lang='lat' dir='ltr'><strong>sit</strong></span> <span class='ocrx_word' id='word_1_743' title='bbox 2818 4272 3044 4331; x_wconf 88' lang='lat' dir='ltr'><strong>Latinos</strong></span> <span class='ocrx_word' id='word_1_744' title='bbox 3074 4291 3286 4347; x_wconf 91' lang='lat' dir='ltr'><strong>omnes,</strong></span> <span class='ocrx_word' id='word_1_745' title='bbox 3339 4288 3452 4334; x_wconf 89' lang='lat' dir='ltr'><strong>tum</strong></span> <span class='ocrx_word' id='word_1_746' title='bbox 3482 4281 3585 4338; x_wconf 90' lang='lat' dir='ltr'><strong>Oc-</strong></span> 
     </span>
    </p>
   </div>
   <div class='ocr_carea' id='block_1_102' title="bbox 2013 4361 3590 4446">
    <p class='ocr_par' dir='ltr' id='par_1_102' title="bbox 2013 4361 3590 4446">
     <span class='ocr_line' id='line_1_102' title="bbox 2013 4361 3590 4446; baseline 0.008 -28"><span class='ocrx_word' id='word_1_747' title='bbox 2013 4361 2340 4429; x_wconf 87' lang='lat' dir='ltr'><strong>cidentales,</strong></span> <span class='ocrx_word' id='word_1_748' title='bbox 2413 4373 2527 4418; x_wconf 88' lang='lat' dir='ltr'><strong>tum</strong></span> <span class='ocrx_word' id='word_1_749' title='bbox 2596 4364 2909 4422; x_wconf 79' lang='lat' dir='ltr'><strong>Orientales</strong></span> <span class='ocrx_word' id='word_1_750' title='bbox 2971 4365 3162 4426; x_wconf 86' lang='lat' dir='ltr'><strong>Patres</strong></span> <span class='ocrx_word' id='word_1_751' title='bbox 3232 4374 3428 4442; x_wconf 88' lang='lat' dir='ltr'><strong>sequi,</strong></span> <span class='ocrx_word' id='word_1_752' title='bbox 3489 4378 3590 4446; x_wconf 89' lang='lat' dir='ltr'><strong>qui</strong></span> 
     </span>
    </p>
   </div>
   <div class='ocr_carea' id='block_1_103' title="bbox 2015 4458 3586 4534">
    <p class='ocr_par' dir='ltr' id='par_1_103' title="bbox 2015 4458 3586 4534">
     <span class='ocr_line' id='line_1_103' title="bbox 2015 4458 3586 4534; baseline 0.007 -24"><span class='ocrx_word' id='word_1_753' title='bbox 2015 4469 2338 4510; x_wconf 87' lang='lat' dir='ltr'><strong>communes</strong></span> <span class='ocrx_word' id='word_1_754' title='bbox 2383 4458 2632 4526; x_wconf 85' lang='lat' dir='ltr'><strong>utrisque</strong></span> <span class='ocrx_word' id='word_1_755' title='bbox 2667 4458 2926 4514; x_wconf 85' lang='lat' dir='ltr'><strong>doctores</strong></span> <span class='ocrx_word' id='word_1_756' title='bbox 2967 4469 3024 4514; x_wconf 89' lang='lat' dir='ltr'><strong>et</strong></span> <span class='ocrx_word' id='word_1_757' title='bbox 3061 4460 3252 4517; x_wconf 87' lang='lat' dir='ltr'><strong>Patres</strong></span> <span class='ocrx_word' id='word_1_758' title='bbox 3283 4475 3435 4520; x_wconf 90' lang='lat' dir='ltr'><strong>sunt.</strong></span> <span class='ocrx_word' id='word_1_759' title='bbox 3469 4468 3586 4534; x_wconf 66' lang='lat' dir='ltr'><strong>Qua</strong></span> 
     </span>
    </p>
   </div>
   <div class='ocr_carea' id='block_1_104' title="bbox 2017 4547 3582 4626">
    <p class='ocr_par' dir='ltr' id='par_1_104' title="bbox 2017 4547 3582 4626">
     <span class='ocr_line' id='line_1_104' title="bbox 2017 4547 3582 4626; baseline 0.01 -26"><span class='ocrx_word' id='word_1_760' title='bbox 2017 4547 2184 4617; x_wconf 77' lang='lat' dir='ltr'><strong>igitur</strong></span> <span class='ocrx_word' id='word_1_761' title='bbox 2219 4549 2436 4604; x_wconf 85' lang='lat' dir='ltr'><strong>ratione</strong></span> <span class='ocrx_word' id='word_1_762' title='bbox 2462 4564 2492 4603; x_wconf 91' lang='lat' dir='ltr'><strong>a</strong></span> <span class='ocrx_word' id='word_1_763' title='bbox 2525 4548 2727 4604; x_wconf 87' lang='lat' dir='ltr'><strong>talibus</strong></span> <span class='ocrx_word' id='word_1_764' title='bbox 2759 4550 2894 4606; x_wconf 87' lang='lat' dir='ltr'><strong>viris</strong></span> <span class='ocrx_word' id='word_1_765' title='bbox 2921 4551 3357 4613; x_wconf 84' lang='lat' dir='ltr'><strong>dissidebimus?</strong></span> <span class='ocrx_word' id='word_1_766' title='bbox 3408 4559 3582 4626; x_wconf 87' lang='lat' dir='ltr'><strong>Quam</strong></span> 
     </span>
    </p>
   </div>
   <div class='ocr_carea' id='block_1_105' title="bbox 2013 4640 3590 4712">
    <p class='ocr_par' dir='ltr' id='par_1_105' title="bbox 2013 4640 3590 4712">
     <span class='ocr_line' id='line_1_105' title="bbox 2013 4640 3590 4712; baseline 0.009 -16"><span class='ocrx_word' id='word_1_767' title='bbox 2013 4641 2426 4696; x_wconf 78' lang='lat' dir='ltr'><strong>excusationem</strong></span> <span class='ocrx_word' id='word_1_768' title='bbox 2477 4640 2676 4697; x_wconf 72' lang='lat' dir='ltr'><strong>allerre</strong></span> <span class='ocrx_word' id='word_1_769' title='bbox 2729 4644 3052 4712; x_wconf 85' lang='lat' dir='ltr'><strong>poterimus,</strong></span> <span class='ocrx_word' id='word_1_770' title='bbox 3107 4663 3207 4703; x_wconf 90' lang='lat' dir='ltr'><strong>cur</strong></span> <span class='ocrx_word' id='word_1_771' title='bbox 3256 4651 3340 4706; x_wconf 89' lang='lat' dir='ltr'><strong>eis</strong></span> <span class='ocrx_word' id='word_1_772' title='bbox 3391 4668 3590 4710; x_wconf 86' lang='lat' dir='ltr'><strong>conve-</strong></span> 
     </span>
    </p>
   </div>
   <div class='ocr_carea' id='block_1_106' title="bbox 2014 4732 3582 4812">
    <p class='ocr_par' dir='ltr' id='par_1_106' title="bbox 2014 4732 3582 4812">
     <span class='ocr_line' id='line_1_106' title="bbox 2014 4732 3582 4812; baseline 0.008 -27"><span class='ocrx_word' id='word_1_773' title='bbox 2014 4734 2132 4788; x_wconf 84' lang='lat' dir='ltr'><strong>nire</strong></span> <span class='ocrx_word' id='word_1_774' title='bbox 2167 4732 2445 4787; x_wconf 87' lang='lat' dir='ltr'><strong>nolimus?</strong></span> <span class='ocrx_word' id='word_1_775' title='bbox 2471 4732 2604 4799; x_wconf 74' lang='lat' dir='ltr'><strong>Qua:</strong></span> <span class='ocrx_word' id='word_1_776' title='bbox 2640 4734 2800 4788; x_wconf 84' lang='lat' dir='ltr'><strong>nobis</strong></span> <span class='ocrx_word' id='word_1_777' title='bbox 2846 4735 3199 4804; x_wconf 88' lang='lat' dir='ltr'><strong>relinquetur</strong></span> <span class='ocrx_word' id='word_1_778' title='bbox 3228 4743 3373 4812; x_wconf 86' lang='lat' dir='ltr'><strong>apud</strong></span> <span class='ocrx_word' id='word_1_779' title='bbox 3412 4746 3582 4800; x_wconf 90' lang='lat' dir='ltr'><strong>Deum</strong></span> 
     </span>
    </p>
   </div>
   <div class='ocr_carea' id='block_1_107' title="bbox 2015 4826 3588 4908">
    <p class='ocr_par' dir='ltr' id='par_1_107' title="bbox 2015 4826 3588 4908">
     <span class='ocr_line' id='line_1_107' title="bbox 2015 4826 3588 4908; baseline 0.008 -29"><span class='ocrx_word' id='word_1_780' title='bbox 2015 4826 2320 4894; x_wconf 89' lang='lat' dir='ltr'><strong>responsio,</strong></span> <span class='ocrx_word' id='word_1_781' title='bbox 2353 4841 2531 4896; x_wconf 81' lang='lat' dir='ltr'><strong>quare</strong></span> <span class='ocrx_word' id='word_1_782' title='bbox 2563 4841 2593 4879; x_wconf 83' lang='lat' dir='ltr'><strong>a</strong></span> <span class='ocrx_word' id='word_1_783' title='bbox 2623 4826 2892 4884; x_wconf 88' lang='lat' dir='ltr'><strong>fratribus</strong></span> <span class='ocrx_word' id='word_1_784' title='bbox 2922 4828 3086 4886; x_wconf 86' lang='lat' dir='ltr'><strong>divisi</strong></span> <span class='ocrx_word' id='word_1_785' title='bbox 3118 4831 3411 4900; x_wconf 79' lang='lat' dir='ltr'><strong>fuerimus,</strong></span> <span class='ocrx_word' id='word_1_786' title='bbox 3445 4854 3588 4908; x_wconf 82' lang='lat' dir='ltr'><strong>quos</strong></span> 
     </span>
    </p>
   </div>
   <div class='ocr_carea' id='block_1_108' title="bbox 2014 4917 3590 4998">
    <p class='ocr_par' dir='ltr' id='par_1_108' title="bbox 2014 4917 3590 4998">
     <span class='ocr_line' id='line_1_108' title="bbox 2014 4917 3590 4998; baseline 0.01 -26"><span class='ocrx_word' id='word_1_787' title='bbox 2014 4929 2073 4972; x_wconf 90' lang='lat' dir='ltr'><strong>ut</strong></span> <span class='ocrx_word' id='word_1_788' title='bbox 2118 4919 2323 4985; x_wconf 90' lang='lat' dir='ltr'><strong>uniret,</strong></span> <span class='ocrx_word' id='word_1_789' title='bbox 2369 4927 2426 4972; x_wconf 88' lang='lat' dir='ltr'><strong>et</strong></span> <span class='ocrx_word' id='word_1_790' title='bbox 2459 4917 2525 4972; x_wconf 84' lang='lat' dir='ltr'><strong>ad</strong></span> <span class='ocrx_word' id='word_1_791' title='bbox 2561 4935 2731 4974; x_wconf 87' lang='lat' dir='ltr'><strong>unum</strong></span> <span class='ocrx_word' id='word_1_792' title='bbox 2779 4921 2925 4977; x_wconf 86' lang='lat' dir='ltr'><strong>ovile</strong></span> <span class='ocrx_word' id='word_1_793' title='bbox 2977 4923 3275 4996; x_wconf 82' lang='lat' dir='ltr'><strong>redigeret,</strong></span> <span class='ocrx_word' id='word_1_794' title='bbox 3312 4928 3431 4998; x_wconf 91' lang='lat' dir='ltr'><strong>ipse</strong></span> <span class='ocrx_word' id='word_1_795' title='bbox 3488 4932 3590 4987; x_wconf 87' lang='lat' dir='ltr'><strong>de-</strong></span> 
     </span>
    </p>
   </div>
   <div class='ocr_carea' id='block_1_109' title="bbox 2011 5008 3588 5081">
    <p class='ocr_par' dir='ltr' id='par_1_109' title="bbox 2011 5008 3588 5081">
     <span class='ocr_line' id='line_1_109' title="bbox 2011 5008 3588 5081; baseline 0.006 -16"><span class='ocrx_word' id='word_1_796' title='bbox 2011 5012 2228 5068; x_wconf 81' lang='lat' dir='ltr'><strong>scendit</strong></span> <span class='ocrx_word' id='word_1_797' title='bbox 2274 5014 2343 5067; x_wconf 89' lang='lat' dir='ltr'><strong>de</strong></span> <span class='ocrx_word' id='word_1_798' title='bbox 2377 5008 2965 5081; x_wconf 70' lang='lat' dir='ltr'><strong>.cmlis,‘incarnatus,</strong></span> <span class='ocrx_word' id='word_1_799' title='bbox 3007 5026 3065 5072; x_wconf 89' lang='lat' dir='ltr'><strong>et</strong></span> <span class='ocrx_word' id='word_1_800' title='bbox 3111 5019 3408 5077; x_wconf 78' lang='lat' dir='ltr'><strong>crucifixus</strong></span> <span class='ocrx_word' id='word_1_801' title='bbox 3463 5025 3588 5079; x_wconf 87' lang='lat' dir='ltr'><strong>est?</strong></span> 
     </span>
    </p>
   </div>
   <div class='ocr_carea' id='block_1_110' title="bbox 2012 5103 3585 5176">
    <p class='ocr_par' dir='ltr' id='par_1_110' title="bbox 2012 5103 3585 5176">
     <span class='ocr_line' id='line_1_110' title="bbox 2012 5103 3585 5176; baseline 0.006 -19"><span class='ocrx_word' id='word_1_802' title='bbox 2012 5105 2145 5170; x_wconf 73' lang='lat' dir='ltr'><strong>Qua:</strong></span> <span class='ocrx_word' id='word_1_803' title='bbox 2177 5115 2367 5159; x_wconf 88' lang='lat' dir='ltr'><strong>nostra</strong></span> <span class='ocrx_word' id='word_1_804' title='bbox 2404 5103 2657 5159; x_wconf 90' lang='lat' dir='ltr'><strong>defensio</strong></span> <span class='ocrx_word' id='word_1_805' title='bbox 2699 5106 2846 5175; x_wconf 88' lang='lat' dir='ltr'><strong>apud</strong></span> <span class='ocrx_word' id='word_1_806' title='bbox 2895 5116 3150 5176; x_wconf 86' lang='lat' dir='ltr'><strong>posteros</strong></span> <span class='ocrx_word' id='word_1_807' title='bbox 3181 5115 3436 5169; x_wconf 87' lang='lat' dir='ltr'><strong>nostros?</strong></span> <span class='ocrx_word' id='word_1_808' title='bbox 3473 5115 3585 5170; x_wconf 66' lang='lat' dir='ltr'><strong>imi.</strong></span> 
     </span>
    </p>
   </div>
   <div class='ocr_carea' id='block_1_111' title="bbox 2013 5199 3588 5268">
    <p class='ocr_par' dir='ltr' id='par_1_111' title="bbox 2013 5199 3588 5268">
     <span class='ocr_line' id='line_1_111' title="bbox 2013 5199 3588 5268; baseline 0.009 -16"><span class='ocrx_word' id='word_1_809' title='bbox 2013 5215 2144 5253; x_wconf 84' lang='lat' dir='ltr'><strong>vero</strong></span> <span class='ocrx_word' id='word_1_810' title='bbox 2195 5199 2338 5268; x_wconf 84' lang='lat' dir='ltr'><strong>apud</strong></span> <span class='ocrx_word' id='word_1_811' title='bbox 2398 5207 2702 5266; x_wconf 71' lang='lat' dir='ltr'><strong>prtesentes</strong></span> <span class='ocrx_word' id='word_1_812' title='bbox 2761 5199 3016 5256; x_wconf 85' lang='lat' dir='ltr'><strong>homines</strong></span> <span class='ocrx_word' id='word_1_813' title='bbox 3070 5205 3335 5259; x_wconf 85' lang='lat' dir='ltr'><strong>nostros?</strong></span> <span class='ocrx_word' id='word_1_814' title='bbox 3387 5207 3588 5265; x_wconf 78' lang='lat' dir='ltr'><strong>Nescio</strong></span> 
     </span>
    </p>
   </div>
   <div class='ocr_carea' id='block_1_112' title="bbox 2012 5291 3584 5362">
    <p class='ocr_par' dir='ltr' id='par_1_112' title="bbox 2012 5291 3584 5362">
     <span class='ocr_line' id='line_1_112' title="bbox 2012 5291 3584 5362; baseline 0.006 -13"><span class='ocrx_word' id='word_1_815' title='bbox 2012 5293 2184 5357; x_wconf 91' lang='lat' dir='ltr'><strong>cnim,</strong></span> <span class='ocrx_word' id='word_1_816' title='bbox 2218 5308 2285 5346; x_wconf 89' lang='lat' dir='ltr'><strong>an</strong></span> <span class='ocrx_word' id='word_1_817' title='bbox 2319 5291 2506 5361; x_wconf 85' lang='lat' dir='ltr'><strong>aliqua</strong></span> <span class='ocrx_word' id='word_1_818' title='bbox 2541 5300 2731 5346; x_wconf 89' lang='lat' dir='ltr'><strong>nostra</strong></span> <span class='ocrx_word' id='word_1_819' title='bbox 2761 5295 3058 5362; x_wconf 88' lang='lat' dir='ltr'><strong>posteritas</strong></span> <span class='ocrx_word' id='word_1_820' title='bbox 3087 5296 3194 5351; x_wconf 91' lang='lat' dir='ltr'><strong>erit</strong></span> <span class='ocrx_word' id='word_1_821' title='bbox 3231 5297 3300 5354; x_wconf 85' lang='lat' dir='ltr'><strong>de</strong></span> <span class='ocrx_word' id='word_1_822' title='bbox 3329 5309 3439 5355; x_wconf 76' lang='lat' dir='ltr'><strong>tam</strong></span> <span class='ocrx_word' id='word_1_823' title='bbox 3469 5317 3584 5358; x_wconf 91' lang='lat' dir='ltr'><strong>ma-</strong></span> 
     </span>
    </p>
   </div>
   <div class='ocr_carea' id='block_1_113' title="bbox 2012 5380 3588 5460">
    <p class='ocr_par' dir='ltr' id='par_1_113' title="bbox 2012 5380 3588 5460">
     <span class='ocr_line' id='line_1_113' title="bbox 2012 5380 3588 5460; baseline 0.013 -33"><span class='ocrx_word' id='word_1_824' title='bbox 2012 5398 2136 5453; x_wconf 68' lang='lat' dir='ltr'><strong>gna,</strong></span> <span class='ocrx_word' id='word_1_825' title='bbox 2174 5392 2282 5437; x_wconf 84' lang='lat' dir='ltr'><strong>tant</strong></span> <span class='ocrx_word' id='word_1_826' title='bbox 2317 5384 2468 5450; x_wconf 75' lang='lat' dir='ltr'><strong>gravi</strong></span> <span class='ocrx_word' id='word_1_827' title='bbox 2520 5380 2856 5448; x_wconf 84' lang='lat' dir='ltr'><strong>calamitate,</strong></span> <span class='ocrx_word' id='word_1_828' title='bbox 2896 5391 2978 5438; x_wconf 84' lang='lat' dir='ltr'><strong>tot</strong></span> <span class='ocrx_word' id='word_1_829' title='bbox 3024 5386 3311 5457; x_wconf 87' lang='lat' dir='ltr'><strong>periculis,</strong></span> <span class='ocrx_word' id='word_1_830' title='bbox 3347 5407 3470 5460; x_wconf 70' lang='lat' dir='ltr'><strong>quae</strong></span> <span class='ocrx_word' id='word_1_831' title='bbox 3504 5394 3588 5450; x_wconf 88' lang='lat' dir='ltr'><strong>eis</strong></span> 
     </span>
    </p>
   </div>
   <div class='ocr_carea' id='block_1_114' title="bbox 2014 5473 3581 5553">
    <p class='ocr_par' dir='ltr' id='par_1_114' title="bbox 2014 5473 3581 5553">
     <span class='ocr_line' id='line_1_114' title="bbox 2014 5473 3581 5553; baseline 0.008 -25"><span class='ocrx_word' id='word_1_832' title='bbox 2014 5474 2336 5545; x_wconf 73' lang='lat' dir='ltr'><strong>ingerimus.</strong></span> <span class='ocrx_word' id='word_1_833' title='bbox 2365 5473 2484 5528; x_wconf 82' lang='lat' dir='ltr'><strong>Non</strong></span> <span class='ocrx_word' id='word_1_834' title='bbox 2518 5473 2794 5544; x_wconf 86' lang='lat' dir='ltr'><strong>patiamur</strong></span> <span class='ocrx_word' id='word_1_835' title='bbox 2824 5475 2961 5544; x_wconf 67' lang='lat' dir='ltr'><strong>haec,</strong></span> <span class='ocrx_word' id='word_1_836' title='bbox 2985 5475 3180 5535; x_wconf 85' lang='lat' dir='ltr'><strong>Patres</strong></span> <span class='ocrx_word' id='word_1_837' title='bbox 3201 5483 3397 5553; x_wconf 88' lang='lat' dir='ltr'><strong>optimi</strong></span> <span class='ocrx_word' id='word_1_838' title='bbox 3426 5500 3442 5538; x_wconf 87' lang='lat'><strong>:</strong></span> <span class='ocrx_word' id='word_1_839' title='bbox 3471 5501 3581 5541; x_wconf 90' lang='lat' dir='ltr'><strong>non</strong></span> 
     </span>
    </p>
   </div>
   <div class='ocr_carea' id='block_1_115' title="bbox 2015 5565 3585 5633">
    <p class='ocr_par' dir='ltr' id='par_1_115' title="bbox 2015 5565 3585 5633">
     <span class='ocr_line' id='line_1_115' title="bbox 2015 5565 3585 5633; baseline 0.007 -13"><span class='ocrx_word' id='word_1_840' title='bbox 2015 5568 2318 5621; x_wconf 88' lang='lat' dir='ltr'><strong>habeamus</strong></span> <span class='ocrx_word' id='word_1_841' title='bbox 2349 5565 2492 5619; x_wconf 88' lang='lat' dir='ltr'><strong>hanc</strong></span> <span class='ocrx_word' id='word_1_842' title='bbox 2538 5565 2872 5622; x_wconf 87' lang='lat' dir='ltr'><strong>sententiam</strong></span> <span class='ocrx_word' id='word_1_843' title='bbox 2904 5585 2917 5620; x_wconf 88' lang='lat'><strong>:</strong></span> <span class='ocrx_word' id='word_1_844' title='bbox 2953 5584 3064 5626; x_wconf 91' lang='lat' dir='ltr'><strong>non</strong></span> <span class='ocrx_word' id='word_1_845' title='bbox 3097 5573 3173 5626; x_wconf 86' lang='lat' dir='ltr'><strong>ita</strong></span> <span class='ocrx_word' id='word_1_846' title='bbox 3225 5576 3366 5630; x_wconf 84' lang='lat' dir='ltr'><strong>male</strong></span> <span class='ocrx_word' id='word_1_847' title='bbox 3413 5579 3585 5633; x_wconf 79' lang='lat' dir='ltr'><strong>nobis</strong></span> 
     </span>
    </p>
   </div>
   <div class='ocr_carea' id='block_1_116' title="bbox 2013 5659 3590 5741">
    <p class='ocr_par' dir='ltr' id='par_1_116' title="bbox 2013 5659 3590 5741">
     <span class='ocr_line' id='line_1_116' title="bbox 2013 5659 3590 5741; baseline 0.004 -23"><span class='ocrx_word' id='word_1_848' title='bbox 2013 5661 2365 5718; x_wconf 87' lang='lat' dir='ltr'><strong>consulamus</strong></span> <span class='ocrx_word' id='word_1_849' title='bbox 2402 5667 2459 5712; x_wconf 81' lang='lat' dir='ltr'><strong>et</strong></span> <span class='ocrx_word' id='word_1_850' title='bbox 2487 5659 2695 5714; x_wconf 86' lang='lat' dir='ltr'><strong>nostris</strong></span> <span class='ocrx_word' id='word_1_851' title='bbox 2724 5677 2735 5712; x_wconf 92' lang='lat'><strong>:</strong></span> <span class='ocrx_word' id='word_1_852' title='bbox 2786 5660 3048 5727; x_wconf 35' lang='lat' dir='ltr'><strong>nolimus.</strong></span> <span class='ocrx_word' id='word_1_853' title='bbox 3075 5665 3190 5736; x_wconf 91' lang='lat' dir='ltr'><strong>lupi</strong></span> <span class='ocrx_word' id='word_1_854' title='bbox 3226 5683 3324 5738; x_wconf 91' lang='lat' dir='ltr'><strong>pro</strong></span> <span class='ocrx_word' id='word_1_855' title='bbox 3352 5673 3590 5741; x_wconf 87' lang='lat' dir='ltr'><strong>pastori—</strong></span> 
     </span>
    </p>
   </div>
   <div class='ocr_carea' id='block_1_117' title="bbox 2017 5749 3588 5826">
    <p class='ocr_par' dir='ltr' id='par_1_117' title="bbox 2017 5749 3588 5826">
     <span class='ocr_line' id='line_1_117' title="bbox 2017 5749 3588 5826; baseline 0.002 -10"><span class='ocrx_word' id='word_1_856' title='bbox 2017 5762 2118 5816; x_wconf 89' lang='lat' dir='ltr'><strong>bus</strong></span> <span class='ocrx_word' id='word_1_857' title='bbox 2173 5755 2279 5810; x_wconf 86' lang='lat' dir='ltr'><strong>illis</strong></span> <span class='ocrx_word' id='word_1_858' title='bbox 2323 5754 2464 5819; x_wconf 83' lang='lat' dir='ltr'><strong>lieri,</strong></span> <span class='ocrx_word' id='word_1_859' title='bbox 2512 5751 2607 5822; x_wconf 89' lang='lat' dir='ltr'><strong>qui</strong></span> <span class='ocrx_word' id='word_1_860' title='bbox 2658 5751 2724 5806; x_wconf 87' lang='lat' dir='ltr'><strong>ad</strong></span> <span class='ocrx_word' id='word_1_861' title='bbox 2777 5768 2877 5808; x_wconf 92' lang='lat' dir='ltr'><strong>nos</strong></span> <span class='ocrx_word' id='word_1_862' title='bbox 2934 5758 3280 5826; x_wconf 86' lang='lat' dir='ltr'><strong>respiciunt:</strong></span> <span class='ocrx_word' id='word_1_863' title='bbox 3333 5749 3445 5818; x_wconf 86' lang='lat' dir='ltr'><strong>non</strong></span> <span class='ocrx_word' id='word_1_864' title='bbox 3494 5779 3588 5820; x_wconf 83' lang='lat' dir='ltr'><strong>eos</strong></span> 
     </span>
    </p>
   </div>
   <div class='ocr_carea' id='block_1_118' title="bbox 3079 5851 3153 5912">
    <p class='ocr_par' dir='ltr' id='par_1_118' title="bbox 3079 5851 3153 5912">
     <span class='ocr_line' id='line_1_118' title="bbox 3079 5851 3153 5912; baseline 0.027 -2"><span class='ocrx_word' id='word_1_865' title='bbox 3079 5851 3153 5912; x_wconf 75' lang='lat'><strong>20</strong></span> 
     </span>
    </p>
   </div>
  </div>
