3880 6220
406 365 523 430 ⁷623

1391 357 1682 428 ORATIO
1731 359 2170 428 DOGMATICA
2216 367 2363 428 PRO
2409 369 2700 430 UN-[ONE

3570 377 3677 440 sit
3750 453 3758 459 _

415 489 574 553 deus,
637 500 700 539 eo
754 485 883 554 quia
928 485 992 536 ad
1044 483 1262 538 Grmros
1316 485 1601 553 loquebar,
1659 487 1858 556 quibus
1904 486 1996 540 illa
2031 495 2070 549 Α
2104 503 2257 541 rores
2286 488 2430 540 illius
2455 488 2920 552 anathematizat';
2947 496 3180 558 quorum
3219 489 3272 543 in
3306 505 3452 544 nono
3485 503 3676 548 contra

417 591 542 633 nota
573 586 775 632 erant:
825 575 1140 639 sciendum,
1178 575 1324 644 quod
1361 590 1486 629 cum
1518 575 1775 630 doctores
1807 577 1996 631 dicant

413 670 687 742 Spiritum
740 677 990 727 sanctum
1023 684 1090 724 ex
1134 669 1293 724 Patre
1328 684 1427 739 per
1460 669 1658 723 Filium
1696 671 1998 740 procedere

411 762 504 818 vel
535 760 836 832 proﬂuere,
879 769 936 815 et
985 769 1182 815 cmtera
1215 760 1450 826 similia;
1482 771 1537 814 et
1564 767 1630 814 et
1683 761 1788 815 hoc
1832 775 1999 832 appa-

416 861 537 909 reat
589 853 793 908 Filium
847 866 1070 922 quoque
1132 851 1379 921 Spiritus
1446 847 1782 922 principium
1837 867 1995 918 esse,

413 946 566 1018 quod
615 955 808 1001 contra
848 959 947 999 eos
989 943 1158 1008 facit;
1209 943 1295 998 his
1345 954 1586 1014 quatuor
1637 944 1999 999 evasionibus

414 1043 562 1098 hanc
588 1039 886 1095 veritatem
917 1036 1158 1091 evadere
1175 1045 1470 1090 conantur.
1509 1033 1698 1090 Primo
1724 1050 1994 1105 namque,

407 1151 542 1190 eum
579 1132 868 1188 rarissime
897 1130 1088 1187 dicant
1115 1129 1399 1193 doctores,
1430 1127 1701 1198 Spiritum
1743 1139 1996 1183 sanctum

405 1242 482 1282 ex
541 1226 704 1282 Patre
763 1239 862 1293 per
908 1222 1109 1277 Filium
1149 1220 1468 1289 procedere,
1513 1220 1816 1289 saepissime
1867 1234 1998 1273 vero

418 1317 587 1381 mitti,
627 1315 929 1386 proﬂuere,
965 1312 1210 1384 prodire,
1245 1327 1525 1376 emanare,
1559 1312 1854 1376 scaturire,
1886 1311 1996 1366 ori-

407 1408 487 1469 ri.
533 1417 590 1463 et
633 1404 981 1478 hujusntodi,
1007 1404 1264 1458 fecerunt.
1314 1403 1418 1467 sibi
1454 1403 1594 1460 hanc
1628 1404 1998 1459 voluntariam

414 1500 856 1561 distinctionem,
913 1489 1063 1566 quod
1105 1489 1365 1549 videlicet
1421 1489 1649 1550 verbum
1691 1496 1997 1565 procedere

415 1594 688 1648 duntaxat
731 1587 1072 1660 signiﬁcaret
1113 1586 1512 1658 hypostaticam
1544 1595 1600 1641 et
1647 1587 1996 1657 personaietu

415 1684 654 1754 Spiritus
686 1681 866 1736 sancti
894 1679 1301 1735 emanationem
1328 1691 1346 1732 ἐ
1378 1687 1580 1734 eastern
1637 1687 1774 1734 vero
1830 1689 1998 1734 voca-

417 1775 569 1839 bula,
609 1772 1008 1828 charismatum
1053 1780 1110 1826 et
1162 1771 1437 1823 donorum
1471 1770 1723 1840 ejusdem
1775 1770 1833 1825 in
1893 1784 1996 1825 nos

2104 577 2341 632 Nestorii
2407 593 2680 644 errorem,
2720 578 2812 648 qui
2878 577 3291 646 blasphemabat
3345 580 3542 635 Filium
3585 584 3677 638 Dei

2094 683 2298 738 purum
2353 669 2634 724 hominem
2668 684 2808 731 esse.
2870 669 3110 738 Spiritus
3145 671 3318 726 sancti
3357 674 3530 743 gratia
3584 691 3682 744 per

2102 760 2582 830 participationem
2629 759 3072 826 sanctiﬁcatum;
3107 760 3253 816 idem
3304 773 3528 819 sanctus
3572 764 3680 834 Cy-

2101 853 2258 908 rilius
2302 852 2563 923 Spiritum
2621 864 2870 909 sanctum
2932 852 3198 923 Spiritum
3259 853 3382 908 Filii
3431 864 3488 909 et
3553 872 3680 925 pro-

2104 943 2282 1014 prium
2319 943 2445 998 Filii
2479 958 2601 998 esse
2649 943 2804 998 dicit.
2843 944 2972 998 Post
3014 943 3129 999 haec
3169 945 3395 1014 quidam
3429 945 3685 1000 Theodo-

2104 1039 2259 1086 retus
2284 1030 2412 1102 Cyri
2461 1031 2785 1102 cpiscopus,
2821 1031 2902 1084 vi‘r
2953 1032 3173 1100 quidem
3224 1033 3679 1098 litteratissimus,

2103 1122 2356 1177 humana:
2395 1133 2577 1177 tamen
2619 1123 2901 1194 fragilitati
2953 1124 3252 1195 subjectus,
3285 1128 3682 1197 superveniens

2101 1211 2158 1266 in
2215 1211 2486 1282 synodum
2561 1225 2686 1266 sero
2758 1227 2884 1265 cum
2961 1213 3276 1282 patriarcha
3340 1216 3684 1270 Antiocheno

2099 1299 2330 1371 Joanne,
2364 1321 2489 1361 cum
2537 1305 2869 1376 reperissent
2912 1306 3026 1378 jam
3056 1307 3368 1363 Nestorium
3415 1311 3682 1367 condem-

2097 1407 2311 1463 natum,
2365 1408 2423 1454 et
2480 1413 2579 1468 pro
2613 1399 2904 1454 denter-itis
2961 1399 3081 1456 suis
3139 1400 3272 1456 sede
3323 1403 3680 1472 patriarcltali

2097 1490 2717 1562 Constantinopolitana
2754 1493 3054 1562 privatum,
3098 1493 3363 1566 indignati
3419 1498 3567 1566 quod
3599 1499 3682 1552 eis

2101 1601 2212 1641 non
2267 1585 2594 1655 expectatis
2650 1586 2968 1642 conclusum
3036 1585 3250 1654 fuerat,
3306 1587 3680 1648 defensionem

2098 1675 2336 1732 Nestorii
2371 1686 2760 1747 susceperunt.
2785 1677 3168 1734 Theodoretus
3195 1680 3384 1750 igitur,
3419 1689 3678 1752 tanquam

2099 1767 2183 1822 vir
2205 1767 2559 1824 doctissimus
2581 1809 2596 1831 ,
2635 1779 2828 1823 contra
2852 1767 3142 1824 duodecim
3179 1771 3681 1828 Anathematismos

416 1865 891 1928 distributionem,
940 1871 994 1916 et
1042 1861 1399 1930 temporalem
1457 1861 1512 1914 in
1559 1863 1824 1915 mundum
1877 1861 1998 1932 ejus
2033 1882 2073 1936 η
2101 1858 2292 1930 Cyrilii
2341 1859 2448 1914 alia
2504 1858 2798 1916 duodecim
2839 1860 3076 1929 capitula
3107 1861 3317 1928 edidit;
3354 1877 3590 1934 quorum
3624 1867 3678 1919 in

414 1958 756 2018 missionem,
809 1967 972 2022 quam
1018 1953 1187 2006 etiam
1237 1966 1336 2020 per
1366 1949 1567 2006 Filium
1621 1951 1737 2007 ﬁeri
1790 1967 1994 2007 conce-

412 2049 569 2105 dunt.
605 2045 866 2101 Secundo
901 2044 1114 2110 dicunt,
1150 2042 1298 2113 quod
1333 2041 1459 2098 ideo
1497 2043 1704 2099 dicitur
1733 2059 1800 2100 ex
1831 2045 1992 2100 Patre

414 2155 511 2210 per
539 2138 760 2202 Filium,
799 2153 906 2192 non
940 2137 1070 2206 quia
1109 2136 1280 2191 Filius
1320 2144 1406 2191 est
1442 2135 1781 2207 principium
1818 2138 1995 2208 Spiri-

414 2239 503 2284 tus
545 2229 744 2293 sancti,
786 2227 881 2282 sed
910 2229 1041 2298 quia
1076 2227 1240 2283 Pater
1266 2235 1320 2282 et
1367 2226 1543 2282 Filius
1591 2236 1722 2281 sunt
1767 2228 1992 2282 nomina

414 2321 643 2376 relativa
667 2338 680 2386 ;
710 2320 946 2374 alterum
971 2335 1103 2374 vero
1133 2317 1491 2374 relativorum
1515 2333 1626 2374 non
1655 2329 1838 2390 potest
1858 2320 1989 2383 dici,

411 2415 545 2485 quin
581 2413 924 2483 intelligatur
959 2413 1223 2477 alterum;
1260 2411 1384 2466 ideo
1416 2407 1672 2480 dicendﬁ,
1711 2412 1789 2466 Ex
1809 2413 1991 2476 Patre,

413 2523 639 2563 necesse
685 2516 770 2561 est
816 2506 982 2560 etiam
1035 2503 1232 2560 Filium
1283 2503 1577 2559 nominare
1621 2516 1849 2576 propter
1884 2506 1992 2559 vim

415 2599 590 2670 ipsius
609 2596 918 2653 relationis.
955 2595 1167 2658 Tertio,
1209 2594 1848 2656 consubstantialitatem
1891 2593 1995 2650 Pa-

415 2693 520 2747 tris
567 2699 621 2745 et
663 2689 787 2744 Filii
835 2703 1057 2744 causam
1093 2702 1219 2742 esse
1268 2687 1449 2753 aiunt,
1497 2695 1559 2741 ut
1603 2701 1670 2742 ex
1702 2686 1864 2741 Patre
1897 2703 1993 2756 per

410 2781 610 2837 Fiiium
647 2779 888 2850 Spiritus
931 2792 1054 2832 esse
1103 2777 1357 2832 dicatur:
1395 2791 1522 2832 cum
1551 2777 1700 2832 enim
1741 2775 1990 2846 ejusdem

413 2873 731 2928 substantia:
765 2865 875 2926 sint
921 2868 1086 2924 Pater
1137 2878 1193 2924 et
1233 2869 1432 2935 Filius,
1478 2852 1818 2934 necessario,
1865 2883 1991 2923 cum

413 2963 616 3018 dicitur
662 2978 730 3017 ex
773 2953 958 3024 Patre,
1022 2967 1242 3030 oportet
1289 2969 1351 3016 ut
1420 2958 1638 3014 dicatur
1697 2959 1863 3014 etiam
1925 2973 1995 3012 ex

409 3055 575 3111 Filio.
605 3055 836 3122 Quarto,
866 3052 994 3124 quia
1035 3067 1460 3123 nonnunquam,
1490 3051 1773 3106 rarissime
1805 3063 1988 3106 tamin

411 3159 468 3203 et
499 3147 642 3217 apud
697 3154 913 3216 poetas,
955 3144 1161 3216 quibus
1196 3145 1268 3198 ob
1300 3142 1612 3213 angustiam
1668 3142 1830 3197 metri
1863 3143 1993 3198 licet

2102 1967 2271 2018 nouo,
2314 1952 2404 2007 ubi
2433 1961 2659 2008 sanctus
2691 1952 2930 2023 Cyri-llus
2960 1953 3226 2024 Spiritum
3256 1965 3505 2012 sanctum
3532 1957 3680 2018 Filii.

2100 2053 2157 2100 et
2190 2044 2469 2115 proprium
2513 2043 2663 2107 Filii,
2706 2045 3014 2110 dicitesse,
3050 2046 3133 2102 bis
3165 2047 3348 2102 verbis
3373 2049 3486 2104 ait:
3524 2049 3681 2116 Quod

2099 2136 2146 2191 si
2172 2135 2410 2205 Cyrillus
2448 2135 2711 2207 Spiritum
2743 2147 2995 2192 sanctum
3024 2139 3316 2208 proprium
3350 2139 3477 2195 Filii
3507 2140 3668 2204 dicit.

2104 2236 2360 2297 tanquam
2409 2227 2933 2283 consubstantialem
2962 2229 3035 2293 ei,
3082 2229 3189 2283 hoc
3228 2244 3360 2286 vero
3422 2240 3677 2300 accepta-

2103 2336 2225 2374 mus
2259 2338 2273 2375 :
2315 2321 2459 2389 quod
2503 2321 2549 2374 si
2586 2329 2849 2390 tanquam
2891 2335 2961 2376 ex
3016 2321 3177 2384 Filio,
3215 2323 3298 2378 vel
3352 2337 3447 2392 per
3479 2324 3677 2378 Filium

2100 2427 2223 2468 esse
2251 2421 2306 2466 et
2352 2411 2731 2468 exsistentiam
2791 2412 3106 2479 habentem,
3167 2413 3273 2468 hoc
3313 2422 3374 2468 ut
3418 2414 3677 2484 blasphe-

2103 2505 2265 2557 miam
2293 2502 2564 2574 ejicimus.
2608 2501 2691 2556 Ad
2725 2502 2839 2558 haec
2883 2510 3057 2557 totum
3106 2503 3507 2560 tecumenicum
3543 2520 3677 2559 con-

2101 2595 2287 2650 cilium
2317 2595 2536 2651 tertium
2563 2593 2751 2660 tacuit,
2783 2608 2886 2650 nec
2914 2594 3218 2664 increpavit
3265 2595 3673 2652 Theodoretum

2104 2697 2363 2757 tanquam
2419 2687 2886 2743 maledicentem:
2944 2686 3181 2758 Cyrillus
3237 2698 3420 2744 tamen
3474 2689 3545 2744 ad
3607 2706 3672 2744 ea

2102 2779 2406 2847 respondit,
2459 2778 2754 2848 omniaque
2781 2792 2880 2834 sua
2916 2777 3156 2848 capitula
3198 2778 3323 2834 aliis
3382 2780 3675 2836 duodecim

2102 2871 2261 2925 novis
2317 2871 2572 2940 capitulis
2614 2869 2688 2925 ita
2741 2869 2924 2925 denuo
2975 2870 3246 2940 exponit,
3284 2882 3343 2926 ut
3402 2875 3676 2928 sententia

2101 2962 2238 3033 cjas,
2269 2962 2372 3017 etsi
2407 2977 2516 3016 non
2550 2961 2715 3016 nimis
2738 2962 2946 3031 apertis
2967 2963 3324 3028 verbis,clare
3358 2971 3542 3020 tamen
3571 2981 3676 3036 pro

2104 3055 2263 3110 uobis
2285 3069 2406 3110 esse
2430 3064 2710 3125 appareat.
2747 3054 2864 3109 Hoc
2894 3055 3128 3109 maxime
3151 3055 3371 3112 Graecos
3410 3057 3673 3122 oblectat,

2104 3147 2158 3200 in
2194 3145 2299 3200 hoc
2327 3146 2676 3215 potissimum
2713 3144 3020 3211 contidunt,
3065 3151 3168 3202 hoc
3213 3161 3312 3216 pro
3354 3150 3592 3204 maxime
3620 3162 3678 3204 et

415 3239 786 3312 metaphorice
824 3247 880 3294 et
910 3237 1139 3294 abusive
1166 3235 1455 3292 vocabulis
1487 3236 1588 3301 uti,
1629 3235 1983 3306 praepositio-
2014 3250 2058 3306 ο
2094 3239 2372 3294 insolubili
2401 3248 2725 3310 argumento
2766 3247 2988 3308 puta-nt,
3021 3238 3170 3309 quod
3204 3239 3550 3298 Theodoreto
3580 3259 3676 3297 nc-

412 3348 535 3388 nem
585 3348 677 3403 per
729 3329 1024 3400 aliquando
1075 3337 1404 3399 repererunt
1467 3326 1613 3380 idem
1678 3313 1992 3397 signiﬁcare

411 3425 559 3496 quod
601 3422 916 3493 praepositio
948 3437 1112 3486 cum;
1169 3421 1384 3478 dicunt.
1413 3418 1682 3488 Spiritum
1726 3428 1977 3473 sanctum

412 3517 538 3572 ideo
573 3513 681 3568 dici
713 3515 780 3568 ex
827 3511 987 3566 Patre
1018 3525 1115 3581 per
1146 3509 1348 3565 Filium
1385 3507 1713 3578 procedere,
1758 3507 1886 3578 quia
1921 3522 1989 3562 ex

411 3609 573 3664 Patre
607 3621 732 3661 cum
772 3603 912 3659 Filio
943 3603 1106 3658 simul
1135 3600 1429 3672 procedit:
1463 3610 1520 3656 et
1545 3600 1630 3654 bis
1665 3601 1841 3656 modis
1869 3614 1990 3654 om-

414 3716 515 3756 nes
566 3699 686 3754 illas
735 3699 1093 3754 auctoritates
1137 3701 1447 3764 exponunt,
1491 3693 1610 3748 sive
1642 3700 1988 3763 pervertunt.

417 3792 544 3848 Haec
574 3807 674 3847 nos
701 3806 767 3846 ex
809 3791 1041 3860 ipsamet
1101 3786 1495 3842 auctorilatum
1524 3786 1796 3840 sententia
1819 3794 1876 3840 et
1900 3799 1992 3838 ra-

415 3885 664 3940 tionibus
710 3881 1016 3938 verissimis
1053 3877 1489 3939 confutavimus.
1540 3877 1843 3946 probantes
1877 3877 1992 3932 hac

411 3993 526 4034 non
577 3990 738 4050 posse
783 3973 1106 4039 consistere,
1145 3987 1245 4028 nec
1291 3969 1652 4042 epinionibus
1699 3974 1758 4023 et
1809 3967 1992 4022 verbis

417 4079 732 4124 sanctorum
796 4067 1086 4122 doctorum
1134 4065 1434 4120 convenire
1466 4103 1483 4129 ,
1543 4070 1710 4132 prout
1749 4075 1815 4114 ex
1856 4059 1992 4128 ipsis

413 4163 601 4218 verbis
649 4161 853 4217 clarius
918 4158 1155 4212 videtur.
1225 4157 1498 4211 Praeterea
1544 4152 1832 4208 sciendum
1880 4159 1988 4214 est,

413 4257 560 4327 quod
593 4258 648 4314 in
679 4256 844 4312 tertio
882 4252 1228 4312 (ecumenico
1247 4251 1485 4308 concilio
1515 4257 1742 4306 satietas
1755 4247 1993 4318 Cyrillus

413 4361 607 4408 contra
635 4349 952 4407 Nestorium
973 4359 1030 4404 et
1077 4348 1200 4418 ejus
1233 4343 1487 4402 haeresim
1518 4345 1666 4399 inter
1691 4340 1798 4395 alia
1821 4339 1991 4395 multa

411 4458 535 4514 quze
563 4443 970 4514 sapientissime
1015 4439 1262 4510 scripsit,
1289 4435 1583 4493 duodecim
1626 4433 1798 4489 etiam
1843 4430 1993 4502 capi-

417 4535 530 4590 tula
574 4535 750 4591 edidit
807 4545 1002 4591 contra
1053 4531 1344 4588 haereticos
1404 4527 1645 4586 Nestorii
1703 4523 1989 4588 articulos,

413 4641 536 4696 qua:
566 4627 1069 4684 Anathematismos
1094 4622 1411 4694 appellavit,
1447 4635 1514 4676 eo
1540 4617 1689 4690 quod
1722 4617 1774 4672 in
1798 4616 1879 4670 eis
1904 4631 1994 4670 cr-

2103 3340 2262 3401 gante
2290 3330 2550 3400 Spiritum
2570 3347 2637 3386 ex
2665 3328 2827 3396 Filio,
2854 3332 2940 3387 vel
2972 3347 3068 3403 per
3094 3332 3292 3388 Filium
3330 3333 3532 3391 habere
3551 3352 3678 3391 esse

2100 3434 2154 3474 et
2207 3422 2638 3489 subsistentiam,
2687 3423 2984 3478 concilium
3034 3433 3210 3478 totum
3274 3427 3531 3492 tacuerit,
3573 3443 3676 3482 nec.

2099 3527 2225 3565 cum
2287 3512 2556 3567 mendacii
2610 3524 2667 3567 et
2727 3513 2935 3570 erroris
2997 3515 3384 3585 redarguerit;
3437 3514 3676 3587 Cyrillus

2101 3619 2316 3674 quoque
2343 3619 2452 3660 non
2479 3605 2552 3660 ita
2579 3617 2790 3676 aperte,
2815 3617 2874 3662 ut
2898 3617 3114 3678 putant.
3139 3608 3488 3680 responderit
3509 3626 3526 3676 ;
3547 3625 3672 3663 cum

2099 3705 2280 3776 tamen
2315 3701 2492 3754 sciant
2538 3697 2944 3755 Theodoretum
3005 3712 3295 3770 propterea
3342 3699 3678 3755 condemna-

2102 3800 2240 3853 tttm,
2274 3798 2330 3844 et
2365 3790 2432 3844 ab
2477 3789 2719 3852 Ecclesia
2769 3791 2954 3846 multis
2979 3791 3180 3846 abhinc
3208 3789 3372 3846 annis
3431 3791 3671 3860 ejectum

2096 3884 2288 3940 fuisse.
2319 3883 2402 3938 Ad
2437 3883 2550 3938 haec
2594 3883 2759 3953 igitur
2809 3893 3067 3952 tanquam
3102 3883 3391 3939 notissima
3447 3884 3672 3947 Graecis,

2102 3964 2209 4030 non
2267 3989 2330 4028 ea
2356 3974 2522 4028 latius
2559 3972 2903 4041 explicando,
2939 3980 3000 4024 ut
3035 3971 3090 4025 in
3122 3972 3376 4028 oratione
3429 3973 3670 4036 videtur,

2101 4065 2485 4135 respondetur.
2514 4062 2618 4118 Sed
2658 4077 2819 4117 nemo
2848 4062 2918 4116 de
2955 4062 3303 4121 Theodoreto
3326 4064 3446 4120 viro
3470 4065 3676 4121 doctis-

2101 4156 2241 4221 simo
2282 4154 2500 4220 doleat;
2543 4169 2702 4208 suum
2740 4154 2890 4208 enim
2942 4154 3260 4222 recognovit
3297 4170 3566 4220 errorem,
3617 4168 3673 4210 et

2101 4247 2156 4301 in
2195 4230 2394 4316 quarto
2419 4243 2851 4302 Cbalcedoncnsi
2904 4245 3142 4315 generali
3193 4245 3427 4302 concilio
3462 4246 3674 4316 (super-

2101 4338 2240 4392 vixit
2292 4352 2528 4409 namque
2562 4337 2628 4392 ad
2678 4335 2811 4391 illud
2843 4351 3017 4407 usque
3049 4337 3285 4408 tempus)
3317 4337 3492 4407 palam
3543 4353 3669 4392 eum

2101 4431 2422 4494 confessus,
2476 4447 2507 4483 a
2561 4439 2744 4484 sancta
2797 4429 3042 4501 synodo,
3104 4439 3363 4500 tanquam
3425 4431 3664 4485 honora-

2100 4523 2212 4576 bile
2254 4523 2558 4575 membrum
2613 4515 2890 4587 Ecclesiae,
2946 4531 3233 4590 susceptus
3279 4531 3334 4574 et
3379 4522 3668 4576 restitutus

2108 4612 2234 4665 fuit.
