3880 6220
243 304 352 372 615

1211 310 1716 373 BESSARIONIS
1758 314 1813 375 ὃ.
1860 314 1931 375 ll.
1965 312 2033 376 E.
2078 312 2539 373 CABDINALIS

3389 313 3491 375 016

1180 649 2585 829 BESSARIONIS
2759 650 2767 661 ’

978 974 2013 1095 CARDINALIS
2139 974 2777 1090 NlC/ENI

1697 1213 2054 1275 MONODIA

633 1397 760 1484 IN
840 1395 1215 1490 OBI'I‘U
1294 1396 1912 1489 MANUELIS
1985 1395 2709 1490 PALIEOLOGI
2796 1398 3048 1487 IMP.
3095 1328 3134 1411 ί

253 1590 475 1656 (Nicolao
506 1589 731 1654 Perotto,
765 1586 1135 1659 archiepiscopo
1179 1588 1439 1659 Sipontino
1470 1587 1762 1659 interprete.
1796 1588 1938 1659 Apud
1971 1587 2199 1659 ymviun}
2230 1587 2427 1659 Contin.
2452 1588 2629 1659 bona]:
2649 1589 2867 1659 _Baron.,
2903 1591 2963 1641 ad
2994 1604 3074 1639 an.
3116 1590 3252 1651 H72,
3280 1606 3332 1644 ιι.
3375 1592 3498 1653 LVI,

1072 1650 1241 1703 Grece
1278 1656 1447 1699 exstat
1478 1650 1527 1698 in
1552 1650 1851 1700 bibliOIheca
1885 1651 1939 1700 S.
1973 1650 2121 1700 Marci
2156 1651 2366 1712 Veneta,
2391 1650 2499 1701 cod.
2532 1651 2671 1715 535.)

323 1948 379 2003 Si
408 1948 539 2003 flere
565 1947 728 2002 etiam
771 1943 1068 2015 aliquando
1094 1942 1174 1998 fas
1200 1951 1285 1997 est
1307 1985 1320 2007 ,
1361 1949 1422 1996 ‘et
1458 1952 1695 1995 amaram
1727 1956 1820 1997 so-
1849 1947 1894 2003 Α
1926 1950 1979 1996 te
2007 1940 2133 1996 vitae
2168 1942 2491 2013 jucunditas
2539 1952 2743 2014 potest,
2782 1946 2869 2002 vel
2904 1948 3089 2018 potius
3114 1952 3392 2019 quomodo
3415 1953 3496 2007 vi-

250 2044 505 2095 cittatcm
535 2040 877 2094 constituere
916 2046 1114 2093 cantus
1141 2046 1309 2104 atque
1335 2035 1563 2101 doloris,
1604 2049 1714 2088 non
1745 2034 1825 2088 vi-

251 2136 354 2187 deo
404 2133 547 2203 quod
607 2143 825 2199 tempus
859 2128 989 2183 huic
1040 2128 1116 2182 rei
1167 2127 1573 2181 accommodari
1627 2126 1825 2181 melius

252 2225 456 2296 possit,
515 2238 678 2293 quam
734 2236 997 2291 praesens,
1049 2220 1102 2274 in
1155 2235 1264 2289 quo
1304 2218 1569 2289 quidquid
1614 2218 1823 2296 gaudii,

246 2318 449 2371 la-titim
501 2330 562 2369 ac
592 2313 892 2382 voluptatis
928 2320 1069 2376 erat,
1106 2311 1382 2365 sublatum
1421 2322 1585 2379 atque
1614 2311 1822 2364 exstin-

247 2418 394 2463 ctum
427 2416 528 2474 est,
596 2416 653 2460 et
687 2421 782 2475 pro
805 2404 892 2458 his
926 2403 1194 2459 successit
1222 2402 1397 2467 dolor,
1431 2402 1826 2473 mazstitia,ge-

249 2502 436 2556 initus.
492 2498 647 2566 Quod
695 2512 842 2553 nunc
881 2510 1002 2551 esse
1060 2496 1222 2550 nobis
1275 2495 1531 2550 solatium
1588 2496 1824 2566 amplius

247 2601 452 2663 potest,
515 2606 640 2661 qua:
688 2588 938 2644 melioris
980 2586 1214 2642 fortunae
1259 2603 1423 2657 spes,
1467 2587 1613 2653 quod
1661 2597 1825 2642 tanta:

249 2684 586 2740 infelicitatis
617 2682 923 2738 remedium
953 2682 976 2734 ?
1007 2680 1326 2735 Tondeatur
1347 2696 1492 2735 nunc
1524 2680 1676 2734 orbis
1715 2693 1824 2735 ter-

252 2794 459 2843 rarum,
491 2785 706 2832 mutent
746 2776 989 2831 universi
1025 2784 1258 2840 vestem,
1300 2773 1590 2843 lugubrem
1633 2787 1824 2827 onmes

250 2870 496 2925 habitum
526 2876 769 2935 sumant,
800 2875 856 2922 et
883 2876 992 2920 tam
1025 2865 1295 2935 insignem
1331 2865 1693 2919 calamitatem
1715 2876 1822 2915 una

249 2980 384 3018 voce
425 2962 734 3033 deplorent.
774 2959 964 3029 Neque
1003 2958 1150 3013 enim
1204 2956 1538 3011 mediocrem
1591 2955 1823 3009 ferimus

245 3058 542 3127 jacturam,
574 3067 677 3108 nec
698 3051 900 3105 malmu
936 3049 1081 3119 passi
1111 3063 1303 3103 sumus
1335 3051 1420 3102 cui
1453 3048 1706 3103 adhiberi
1736 3062 1823 3102 re-

252 3147 491 3201 medium
521 3144 714 3216 possit.
734 3143 964 3198 Ablatus
985 3141 1142 3197 nobis
1162 3151 1245 3196 est
1279 3151 1503 3211 repente
1540 3142 1699 3195 divus
1725 3140 1823 3195 im-

250 3248 495 3307 perator,
531 3235 699 3290 tetius
750 3232 904 3289 orbis
951 3244 1221 3287 terrarum
1268 3233 1623 3303 dccus;.qui
1676 3233 1823 3287 dono

249 3330 487 3401 quodam
522 3327 888 3383 Providentiae
936 3341 1121 3381 rerum
1155 3326 1522 3396 gubernacula
1569 3340 1825 3394 suscepe-

250 3431 356 3488 rat,
378 3435 437 3476 ut
461 3419 930 3489 tranquillitatem,
950 3418 1214 3488 quietem,
1237 3417 1549 3473 felicitatem
1570 3418 1825 3473 omnibus

252 3526 577 3585 praestaret;
621 3523 680 3568 ut
707 3514 1018 3567 communis
1051 3513 1298 3567 omnium
1353 3522 1509 3582 pater
1534 3524 1708 3579 esset;
1765 3523 1823 3567 ut

253 3626 341 3662 res
370 3608 623 3661 humanm
655 3606 922 3675 dignitate
956 3613 1011 3659 et
1046 3606 1219 3675 gloria
1260 3605 1539 3659 ﬂorerent.
1592 3604 1821 3675 Jamjam

249 3702 431 3755 munis
462 3705 681 3755 fortuna
715 3706 921 3751 mutata
945 3706 1029 3750 cst
1063 3697 1361 3750 :labuntur
1383 3696 1566 3749 omnia
1596 3697 1647 3750 in
1669 3698 1825 3766 pejus

248 3804 301 3845 et
326 3807 411 3846 res
441 3791 506 3843 all
544 3790 837 3858 pristinum
869 3796 1071 3841 statum
1112 3786 1369 3840 redeunt.
1400 3784 1482 3838 Me
1513 3784 1814 3838 miserum!

249 3895 515 3955 quantum
559 3881 723 3934 unius
753 3878 993 3933 hominis
1028 3879 1252 3932 interitu
1288 3880 1547 3933 damnum
1580 3894 1665 3932 res
1707 3878 1779 3931 hu
1807 3908 1822 3935 ε

251 3989 426 4029 nmine
473 3972 756 4025 fecerunt!
790 3969 942 4023 Abiit
986 3969 1076 4022 ille
1119 3978 1283 4038 atque
1318 3969 1555 4023 cxceSsit
1599 3982 1630 4022 e
1661 3971 1770 4021 vita
1806 3986 1819 4021 :

257 4069 416 4123 nobis
475 4065 609 4118 nihil
652 4072 851 4133 praeter
890 4062 1147 4131 suspiria,
1201 4071 1256 4115 et
1299 4062 1528 4127 luctum,
1562 4071 1616 4116 et
1648 4063 1823 4131 lacry-

258 4179 372 4214 mas
413 4158 659 4227 reliquit.
716 4155 961 4233 Abstulit
1014 4141 1062 4208 θ’
1090 4155 1251 4208 nobis
1289 4167 1508 4206 omnem
1547 4153 1819 4218 laetitiam,

254 4252 483 4305 abstult
534 4247 873 4312 felicitatem,
929 4242 1162 4298 abstulit
1215 4242 1641 4306 libertatem,et
1675 4239 1822 4309 quod

252 4339 501 4392 nuinium
528 4336 958 4406 pulcherrimum
976 4340 1116 4399 erat,
1141 4331 1381 4401 seipsum
1400 4329 1645 4384 abstulit.
1664 4329 1780 4384 llcu
1805 4330 1818 4381 l

251 4431 377 4500 quis
410 4429 547 4482 adeo
583 4435 864 4492 constans,
894 4424 980 4479 vel
1008 4422 1183 4477 durus
1214 4421 1417 4493 potius,
1453 4431 1508 4476 et
1529 4435 1660 4475 vere
1698 4418 1825 4474 ada-

255 4519 535 4574 mantinus
558 4528 661 4585 est,
694 4516 789 4587 qui
821 4525 1125 4585 temperare
1147 4529 1177 4567 a
1207 4512 1467 4583 lacrymis
1498 4513 1705 4582 possit;
1730 4513 1824 4583 qui

252 4632 359 4669 non
409 4625 466 4669 et
504 4614 690 4667 animo
722 4618 1157 4676 commoveatur,
1190 4618 1247 4663 et
1280 4616 1394 4661 leto
1442 4621 1676 4676 corpore
1700 4607 1826 4675 per-

1926 2045 2053 2087 vere
2083 2034 2201 2088 sine
2234 2043 2285 2089 te
2314 2037 2550 2106 amplius
2584 2053 2895 2107 possumus,
2939 2044 3094 2110 quasi
3121 2057 3353 2112 corpora
3373 2047 3497 2114 qui-

1925 2126 2027 2179 bus
2067 2126 2345 2180 sublatum
2386 2127 2458 2182 sit
2495 2130 2700 2198 caput?
2744 2129 2942 2185 Mortui
2981 2132 3128 2186 enim
3157 2135 3266 2203 jam
3300 2150 3497 2190 omnes

1923 2216 2195 2284 videmur,
2249 2227 2303 2272 et
2354 2219 2422 2273 ad
2454 2219 2688 2274 nihilum
2730 2222 2936 2277 redacti
2978 2238 3190 2279 sumus.
3244 2225 3357 2293 Sol,
3402 2228 3496 2296 qui

1926 2315 2195 2361 terrarum
2244 2323 2414 2408 Opera
2462 2310 2800 2381 fulgentibus
2847 2315 3019 2370 radiis
3071 2317 3294 2382 lustras,
3346 2317 3494 2373 hcul

1924 2415 2087 2469 quam
2120 2400 2426 2457 inlaus‘lum
2462 2413 2629 2473 atque
2662 2404 2940 2461 infelicem
2976 2408 3118 2461 hunc
3149 2407 3295 2461 diem
3336 2408 3497 2461 nobis

1925 2490 2248 2546 illucescere
2294 2486 2507 2562 fecistil
2566 2492 2728 2548 Heu!
2791 2511 2953 2565 quam
3006 2497 3285 2563 acerbum,
3352 2498 3498 2551 indi-

1924 2598 2091 2653 gnum
2127 2598 2191 2637 ac
2223 2584 2539 2642 miserabile
2564 2589 2944 2656 spectaculum
2976 2588 3093 2659 ipse
3119 2590 3304 2645 vidisti
3332 2593 3344 2644 !
3380 2592 3493 2646 Me-

1924 2674 2032 2728 lius
2063 2687 2214 2730 certe
2246 2676 2447 2745 fuerat,
2490 2688 2541 2733 te
2575 2679 2679 2734 sub
2707 2684 2871 2737 terris
2898 2681 3165 2739 duntaxat
3195 2696 3491 2750 errantem,

1924 2765 1980 2821 in
2011 2769 2294 2838 perpetuis
2319 2771 2713 2831 nos,,tcnebris
2752 2774 3084 2845 relinquere,
3118 2792 3279 2846 quam
3315 2777 3492 2831 radio-

1926 2877 2048 2915 rum
2086 2873 2309 2918 tuorum
2337 2865 2635 2935 splendore
2663 2868 2941 2925 illustrare
2973 2872 3292 2940 superiores
3312 2872 3496 2942 plagas

1927 2964 1988 3007 ut
2024 2954 2343 3011 infelicibus
2371 2959 2549 3014 oculis
2589 2959 2813 3015 bustum
2841 2962 2947 3016 hoc
2980 2978 3336 3017 cerneremus
3361 2962 3494 3033 regii

1924 3048 2191 3114 corporis,
2225 3048 2374 3117 quod
2423 3058 2501 3104 tot
2526 3064 2626 3119 pro
2666 3052 2829 3107 nobis
2865 3053 3102 3120 labores,
3140 3062 3219 3107 tot
3255 3055 3491 3124 vigilias,

1927 3148 2006 3192 tot
2037 3141 2278 3208 perieula
2309 3156 2452 3211 saape
2484 3143 2747 3198 subierat.
2792 3145 2835 3199 Ο
2878 3147 3070 3214 quales
3135 3147 3315 3200 radios
3341 3149 3487 3202 oeci-

1926 3231 2088 3297 dens,
2128 3233 2319 3301 quales
2342 3244 2533 3289 rursus
2559 3235 2748 3291 oriens
2776 3236 3041 3292 emisisti!
3074 3236 3375 3308 Correptus
3415 3252 3495 3293 est
3562 3259 3569 3265 '

1926 3323 2119 3375 morbo
2137 3323 2382 3391 optimus
2406 3324 2724 3394 imperator,
2746 3342 2947 3396 corpus
2970 3330 3088 3399 ejus
3118 3330 3189 3383 ita
3209 3346 3316 3383 non
3336 3333 3496 3388 modo

1927 3419 2108 3477 a'tate,
2162 3414 2256 3466 sed
2299 3414 2469 3468 variis
2504 3415 2686 3482 etiam,
2727 3418 3031 3486 laboribus,
3078 3420 3392 3487 confectum
3436 3438 3500 3476 ac

1924 3504 2264 3560 debilitatum
2296 3518 2436 3574 erat,
2474 3519 2533 3562 ut
2557 3510 2828 3579 suspicari
2858 3528 2981 3567 mox
3011 3529 3202 3570 omnes
3225 3518 3496 3585 coeperint

1926 3596 2312 3664 quodcvenlt,
2380 3608 2677 3669 tantusque
2720 3604 2934 3657 animos
2984 3606 3232 3659 omnium
3271 3620 3497 3676 repente

1927 3699 2107 3743 metus
2152 3691 2373 3757 invasit,
2425 3700 2484 3748 ut
2529 3693 2672 3746 nihil
2719 3693 2998 3765 indignius
3043 3713 3166 3752 esse
3209 3698 3495 3753 ferendum

1925 3782 2222 3837 videretur.

1997 3874 2111 3928 lleu
2138 3875 2150 3927 l
2182 3885 2331 3945 quotv
2345 3890 2557 3946 preces,
2581 3886 2715 3947 quot
2740 3879 3188 3949 supplicationes,
3216 3894 3348 3952 quot
3372 3895 3490 3938 vota

1925 3975 2026 4031 pro
2064 3962 2209 4017 illius
2245 3966 2441 4031 salute,
2470 3965 2550 4020 vel
2594 3966 2778 4035 potius
2806 3984 2904 4036 pro
2936 3973 3105 4024 totius
3139 3974 3290 4026 orbis
3329 3984 3494 4027 terra-

1928 4068 2047 4105 rum
2079 4054 2457 4111 incolumitate
2486 4060 2733 4113 omnium
2770 4074 3055 4129 generum,
3081 4074 3326 4129 anatum,
3352 4067 3496 4119 ordi-

1928 4160 2058 4199 num
2099 4146 2287 4202 fuere!
2318 4148 2492 4204 Nemo
2516 4152 2746 4220 eratqui
2784 4155 2922 4207 mori
2958 4158 3143 4225 potius
3175 4159 3267 4211 illo
3302 4176 3491 4228 super-

1929 4237 2099 4304 stite,
2151 4254 2314 4309 quam
2382 4252 2601 4295 mortuo
2647 4242 2739 4297 illo
2792 4246 2978 4301 vivere
3028 4248 3263 4318 amplius
3312 4253 3491 4309 vellet.

1931 4328 2172 4385 Salutem
2196 4333 2340 4387 illius
2361 4348 2473 4387 sua:
2493 4335 2724 4405 quisque
2749 4337 2909 4392 saluti
2929 4338 3328 4411 anteponebat:
3355 4348 3495 4399 scic-

1928 4422 2063 4477 bant
2117 4440 2353 4494 namque
2395 4426 2598 4497 singuli
2650 4428 2882 4484 salutem
2932 4447 3084 4486 suam
3125 4435 3192 4488 ad
3249 4437 3493 4507 singulos

1930 4514 2184 4569 homines
2262 4518 2588 4585 pertinere,
2656 4520 2807 4576 illius
2876 4537 3006 4578 vero
3061 4526 3492 4582 incolumitatem

1929 4605 2175 4659 omnium
2211 4607 2522 4661 mortalium
2559 4617 2614 4662 et
2656 4609 2825 4665 totius
2869 4612 3023 4667 orbis
3069 4624 3338 4669 terrarum
3380 4634 3499 4672 esse

252 4708 517 4769 horreat;
546 4705 641 4774 qui
681 4718 792 4758 non
822 4702 1079 4773 qureritet
1105 4699 1448 4767 defunctum,
1490 4714 1555 4755 ac
1589 4698 1817 4769 gemitu,
1853 4675 1868 4730 ⁴

1933 4697 2420 4752 υυωιηυιιειιι.11ἰυ
2462 4699 2608 4753 enim
2642 4702 2955 4757 universum
2990 4706 3174 4760 orbem
3214 4709 3367 4776 quasi
3397 4712 3486 4761 lir-

249 4817 293 4854 si
328 4800 446 4853 fieri
482 4798 681 4868 possit,
721 4811 985 4851 revocare
1044 4794 1099 4848 in
1148 4793 1314 4847 vitam
1346 4792 1683 4863 contendat?
1711 4790 1822 4846 Cur

1925 4788 2172 4843 missima
2215 4790 2464 4858 quaedam
2505 4789 2759 4845 columna
2805 4795 3131 4861 sustinebat,
3162 4812 3261 4851 nec
3300 4800 3497 4852 labefa-

248 4911 276 4943 ει
310 4891 470 4944 nobis
484 4889 611 4945 1am
654 4896 884 4957 repente
908 4886 1161 4952 evolasti,
1202 4885 1450 4955 piissime
1483 4885 1825 4953 imperatori
1922 4877 2312 4945 ctari,vexari,
2334 4879 2510 4934 everti
2528 4881 2638 4935 ullo
2653 4883 2903 4951 procellae
2927 4899 3127 4954 genere
3154 4886 3494 4956 patiebatur;

249 4984 358 5036 Cur
386 4996 606 5036 manere
644 4980 933 5035 nobiscum
965 4978 1177 5032 diutius
1222 4977 1490 5031 noluisti?
1521 4975 1634 5030 Cur
1672 4976 1824 5045 regio

250 5078 344 5127 illo
378 5076 642 5127 virtutum
670 5085 887 5125 tuarum
919 5078 1191 5125 concentu
1220 5069 1329 5124 frui
1365 5068 1526 5123 nobis
1545 5068 1690 5122 ultra
1717 5084 1824 5121 non

251 5167 446 5220 lauit?
478 5150 781 5235 Suscepisti
816 5165 883 5217 de
922 5163 1079 5217 nobis
1112 5161 1377 5216 hactenus
1400 5176 1619 5216 omnem
1642 5175 1828 5215 curam

251 5277 303 5315 et
340 5273 397 5315 ut
440 5261 544 5331 ipsi
591 5260 696 5313 tuti
742 5274 804 5311 ac
842 5256 1050 5310 laboris
1102 5264 1358 5324 expertes
1391 5254 1725 5319 viveremus,
1764 5263 1819 5307 tu

167 5341 173 5346 ’
252 5354 403 5406 solus
451 5354 685 5405 maxime
732 5363 951 5418 semper
1007 5345 1323 5401 elaborasti.
1373 5344 1671 5401 'l‘cstantur
1721 5347 1824 5398 hoc

252 5446 437 5515 populi
476 5461 701 5510 onmes;
753 5450 1028 5496 testantur
1074 5453 1267 5494 omnes
1302 5437 1634 5504 provinciae;
1677 5444 1823 5491 terra

254 5537 430 5598 omnis
469 5548 524 5589 et
569 5540 738 5589 maria
764 5535 949 5588 omnia
986 5540 1280 5587 testantur.
1317 5530 1473 5585 Nunc
1517 5544 1646 5583 vero
1677 5528 1823 5582 bona

254 5631 432 5683 onmia
463 5641 642 5683 tecum
668 5629 848 5682 ferens
866 5628 1075 5681 abiisti.
1100 5624 1229 5690 Qua:
1247 5626 1358 5693 jam
1387 5624 1545 5677 nobis
1562 5637 1682 5677 esse
1703 5623 1821 5677 sine

1924 4968 2020 5022 sed
2049 4985 2209 5038 aequo
2233 4971 2505 5024 virtutum
2529 4975 2800 5037 omnium,
2828 4975 3030 5043 quibus
3056 4977 3321 5046 praditus
3356 4992 3493 5045 erat,

1929 5074 2366 5134 temperamento
2399 5066 2614 5121 firmum
2648 5083 2711 5122 ac
2742 5070 2996 5126 stabilem
3029 5075 3083 5127 in
3117 5076 3299 5129 medio
3349 5092 3501 5147 rege.

1930 5156 2043 5209 bat.
2082 5154 2127 5209 0
2161 5156 2361 5224 quibus
2393 5158 2629 5225 artibus,
2674 5175 2786 5229 quo
2826 5162 3015 5217 labore
3052 5164 3304 5219 fundavit
3334 5168 3498 5237 impc-

1934 5264 2098 5315 rium,
2130 5264 2239 5318 qua
2269 5251 2473 5305 virtute
2508 5251 2747 5305 firmavit
2769 5270 2831 5309 ac
2864 5256 3135 5312 stabilivit
3163 5259 3494 5331 libertatem,

1932 5359 2041 5413 qua
2082 5343 2375 5399 clementia
2406 5345 2560 5399 auxit
2612 5348 2939 5416 populorum
2979 5364 3202 5402 suorum
3230 5350 3497 5413 fortunas,

1931 5437 2198 5505 quietem,
2234 5437 2553 5493 felicitatem
2587 5439 2599 5492 l
2633 5440 2677 5492 0
2713 5439 2931 5494 eximite
2958 5441 3225 5511 principis
3258 5443 3495 5497 admira-

1932 5529 2179 5598 bilesque
2199 5530 2450 5597 virtutes,
2472 5532 2675 5601 quibus
2696 5531 2952 5585 omnibus
2972 5548 3163 5588 onmes
3184 5535 3497 5603 superabat,

1934 5622 2227 5692 prudentia
2266 5622 2439 5678 fortes
2483 5624 2757 5690 vincebat,
2802 5624 3130 5680 fortitudine
3184 5627 3496 5694 prudentes,

311 5749 328 5766 '
352 5750 493 5794 .lnno
518 5718 896 5795 Hl9‘defuncti.
920 5739 1262 5804 Hacjuvenis
1296 5739 1451 5788 adhuc
1479 5740 1707 5791 Bessarlo
1752 5743 2021 5803 peroravit.
2066 5734 2306 5788 Manuelis
2331 5735 2512 5797 scripta
2545 5735 2843 5798 collegimus
2870 5738 2917 5785 in
2975 5742 3105 5786 torno
3149 5745 3317 5788 nostro
3340 5737 3497 5791 CLU-
