3880 6220
1522 264 1771 282 θὴς.-.

403 390 508 459 617

406 507 493 560 vel
525 514 589 560 ut
620 507 826 564 rectius
853 507 1069 581 loquar,
1093 517 1331 574 consilio
1359 521 1616 591 callidos,

406 597 602 690 hastos
659 599 927 655 anteibat.
970 603 1140 675 Atqui
1191 614 1556 680 temperantia
1591 630 1751 672 nemo
1794 618 1846 674 ei
1881 635 1983 690 par

414 689 542 781 fuit.
571 688 795 747 .lustitia
822 694 1101 765 omnibus,
1132 698 1228 768 qui
1258 715 1501 774 unquam
1535 705 1784 763 Romano
1808 688 1983 781 impe-

404 780 490 835 rio
552 783 917 852 praefuerunt.
978 788 1203 848 habitus
1260 804 1345 850 est
1406 800 1780 868 praestantior.
1841 780 1982 873 Quid

404 877 566 971 fidem
610 880 731 951 ejus
779 890 1256 967 commemorem?
1278 893 1411 963 quid
1437 894 1805 954 facilitatem?
1849 900 1983 971 quid

402 969 687 1041 ingenium
704 972 731 1028 ?
754 975 886 1046 quid
909 978 1166 1036 eximiam
1194 998 1379 1040 rerum
1398 988 1646 1043 omnium
1669 969 1985 1047 scientiam?

298 1086 305 1103 ι
400 1064 533 1157 quid
561 1065 1138 1144 liheralitatem?quid
1165 1077 1335 1132 animi
1356 1080 1788 1152 magnitudinem
1811 1085 1983 1157 ?quid

399 1154 825 1227 humanitatem,
852 1167 1359 1237 mansuetudinem,
1383 1173 1704 1232 comitatem
1729 1178 1753 1233 ?
1774 1154 1984 1235 Metui-

400 1250 618 1304 serum!
659 1251 733 1307 ita
757 1252 1016 1327 lacrymis
1054 1273 1120 1315 ac
1153 1260 1344 1319 dolore
1367 1263 1647 1333 debilitor,
1670 1279 1728 1324 ut
1749 1284 1860 1338 pra:
1892 1273 1981 1328 ni-

399 1342 509 1396 mio
543 1359 779 1401 maerore
798 1348 1005 1408 referre
1023 1352 1293 1411 virtutum
1314 1358 1434 1429 ejus
1462 1361 1840 1419 excellentiam
1870 1380 1981 1421 non

398 1436 626 1504 possim.
664 1437 761 1495 His
820 1444 1083 1501 omnibus
1125 1464 1275 1504 nunc
1306 1450 1669 1508 infelicissimi
1694 1453 1982 1513 hominum

396 1526 594 1596 privati
606 1547 822 1623 sumus.
838 1533 957 1591 Heu
977 1538 992 1593 l
1011 1548 1268 1609 quantam
1280 1542 1551 1613 jacturam
1567 1563 1676 1602 non
1699 1563 1806 1604 una
1821 1565 1981 1623 gens,

398 1632 500 1673 nec
528 1620 694 1678 unius
728 1624 970 1683 civitatis
1003 1630 1274 1700 populus,
1305 1634 1401 1689 sed
1446 1649 1611 1692 omne
1638 1620 1985 1698 Christiano-

398 1727 520 1766 rum
546 1729 717 1784 genus
752 1716 807 1772 in
843 1722 1135 1790 praesentia
1165 1722 1329 1781 fecit!
1370 1727 1412 1780 Ο
1446 1729 1647 1785 misera
1695 1728 1982 1789 hominum

398 1805 679 1863 conditio!
719 1825 754 1865 o
789 1812 1167 1881 spesinanes!
1206 1831 1239 1872 ο
1272 1816 1432 1875 dulce
1464 1822 1743 1891 quondam
1773 1839 1976 1883 nomen

399 1898 647 1969 imperii!
679 1917 713 1956 ο
755 1905 921 1961 toties
954 1906 1269 1966 desiderata
1297 1919 1353 1967 et
1386 1913 1690 1984 aliquando
1718 1917 1979 1976 restituta
2011 1891 2058 1951 Β

394 1991 601 2051 Grtecis
644 1995 909 2055 libertas!
937 2014 971 2054 ο
1013 2001 1106 2073 jus
1156 2001 1476 2061 inviolabile
1516 2018 1571 2063 et
1618 2010 1982 2068 sanctissimae

394 2086 579 2158 leges!
612 2089 845 2147 hoccine
881 2093 1099 2150 tandem
1127 2097 1311 2152 omnia
1335 2098 1648 2160 recidistis?
1678 2101 1841 2157 hem!
1872 2120 1982 2175 quo

394 2182 788 2249 pervenimus?
818 2185 945 2240 hem
972 2186 987 2241 !
1018 2202 1130 2258 quo
1182 2188 1532 2247 miseriarum
1564 2200 1620 2248 et
1651 2194 1982 2252 calamitatis

395 2272 602 2329 redacti
627 2278 858 2332 sumus?
889 2278 1067 2351 Luget
1099 2297 1250 2338 nunc
1276 2292 1524 2350 senatus,
1556 2296 1797 2343 moerent
1829 2289 1981 2357 prin-

395 2366 569 2437 cipes,
620 2367 919 2439 provincia:
946 2387 1141 2429 omnes
1168 2384 1503 2444 queruntur,
1531 2378 1754 2448 plorant
1789 2381 1977 2448 urbes,

396 2456 531 2514 ﬂent
556 2460 875 2531 municipia,
912 2462 1169 2532 squalent
1199 2464 1453 2531 coloniae,
1488 2464 1689 2543 domus
1719 2466 1982 2523 aﬂlictan—

398 2560 508 2617 tur,
532 2552 647 2623 agri
670 2552 911 2627 denique
944 2556 1046 2626 ipsi
1080 2566 1189 2613 tam
1236 2567 1612 2625 mansuetum,
1653 2568 1760 2614 tam
1806 2561 1978 2631 pium,

399 2655 507 2700 tam
534 2646 841 2707 salutarem
866 2649 1178 2721 principem
1217 2651 1498 2719 suspiriis,
1530 2659 1584 2708 et
1614 2652 1896 2724 lacrymis,
1926 2664 1982 2709 et

397 2735 527 2792 fletu
554 2741 817 2811 prosequi
846 2740 1129 2797 videntur.
1154 2739 1201 2805 Ο
1225 2746 1472 2814 tempus!
1499 2744 1706 2803 siccine
1733 2747 1983 2816 superio-

334 2852 342 2858 ε
395 2830 551 2885 ribus
572 2832 751 2900 malis,
790 2833 1048 2897 ultimum
1086 2834 1212 2902 hoc,
1260 2845 1321 2896 et
1351 2836 1625 2903 omnium,
1659 2852 1781 2906 quin
1833 2838 1982 2908 passi

398 2937 637 2991 unquam
681 2922 908 2993 fuimus,
960 2926 1258 2982 maximum
1312 2935 1479 2998 atque
1535 2926 1982 2998 indignissimum

395 3014 599 3073 addere
649 3015 937 3073 debebas?
971 3019 1176 3074 siccine
1218 3028 1543 3076 caeterorum
1590 3021 1861 3077 malorum
1905 3023 1984 3078 fa-

398 3125 541 3169 mam
590 3126 654 3171 ac
708 3112 1158 3169 recordationem
1198 3114 1466 3184 postremi
1512 3114 1681 3187 hujus
1710 3116 1984 3187 magnitu-

396 3205 526 3259 dine
553 3204 850 3262 obsturare
868 3208 892 3261 ?
911 3207 1130 3263 Etenim
1160 3223 1507 3279 quaecunque
1534 3208 1697 3264 nobis
1730 3217 1859 3264 ante
1880 3209 1984 3264 ltoc

396 3298 625 3355 adversa
683 3301 1103 3375 contingebant,
1190 3310 1383 3371 utpote
1430 3301 1596 3368 bella,
1670 3299 1982 3367 conflictus,

398 3391 599 3458 caedes,
622 3394 799 3464 spolia
830 3405 884 3449 et
914 3395 1022 3450 alia
1052 3410 1174 3465 quas
1201 3410 1270 3451 ex
1310 3395 1379 3451 iis
1401 3395 1557 3465 sequi
1579 3402 1988 3450 consueverunt

397 3487 585 3542 divina
612 3487 701 3541 illa
732 3470 1082 3557 imperatoris
1111 3488 1380 3556 sapientia
1412 3486 1851 3542 emendabantur
1930 3486 1987 3541 in

400 3580 619 3635 melius.
679 3579 840 3635 Nunc
890 3588 1073 3635 autem
1105 3579 1174 3634 ab
1219 3579 1314 3639 illo
1356 3578 1556 3646 relicti,
1605 3593 1771 3649 quem
1814 3577 1985 3632 alium

401 3673 677 3728 habemus
704 3672 771 3728 ad
802 3688 966 3743 quem
1001 3672 1326 3744 confugere,
1370 3687 1536 3743 quem
1562 3671 1871 3743 appellare,
1895 3685 1989 3725 cu-

396 3768 489 3839 jus
517 3766 832 3837 praesidium
870 3767 1165 3836 implorare
1181 3766 1532 3837 possumus?
1565 3765 1868 3821 Deventum
1900 3772 1989 3821 est

401 3859 471 3913 ad
517 3869 764 3912 extrema
796 3858 1068 3912 malorunt
1115 3858 1392 3923 omnium,
1423 3856 1556 3912 facti
1605 3871 1800 3912 sumus
1829 3854 1986 3927 quasi

403 3950 597 4019 pupilli
631 3950 813 4005 orbati
850 3957 1028 4020 patre,
1058 3965 1088 4005 a
1116 3964 1227 4021 quo
1259 3958 1456 4005 nostro
1483 3950 1667 4005 omnis
1700 3949 1810 4005 vita
1852 3964 1984 4019 pcn-

402 4042 593 4109 debat,
635 4043 797 4113 cujus
837 4042 1064 4115 assiduo
1098 4040 1293 4097 labore
1323 4041 1506 4097 omnis
1533 4056 1636 4095 nos
1660 4040 1866 4097 laboris
1885 4056 1986 4096 ex-

403 4146 592 4207 pertes
622 4134 788 4191 vitam
837 4134 1179 4192 dueebamus
1206 4125 1656 4190 amtenissimam.
1688 4134 1807 4191 Jatn
1855 4149 1986 4189 vero

404 4228 565 4299 longe
588 4227 749 4283 nobis
768 4227 943 4282 emori
969 4234 1274 4297 prastaret,
1304 4241 1465 4295 quam
1493 4225 1548 4280 in
1581 4233 1730 4282 tanta
1762 4225 1987 4281 calami-

406 4333 516 4380 tate
568 4332 625 4379 et
671 4322 896 4378 miseria
952 4323 1161 4377 vivere.
1213 4320 1430 4376 Etenim
1481 4320 1624 4376 male
1668 4321 1880 4384 vivere,
1927 4329 1987 4377 ut

404 4429 565 4487 poeta
593 4415 796 4486 inquit.
827 4415 1103 4471 laboriosa
1152 4429 1243 4470 res
1292 4424 1400 4470 est.
1438 4412 1484 4470 0
1522 4429 1782 4485 magnum
1821 4424 1987 4484 atque

403 4509 814 4565 intolerabilem
853 4508 1131 4575 dolorem,
1163 4509 1260 4578 qui
1283 4523 1481 4564 omnes
1509 4509 1719 4579 pariter
1755 4497 2007 4575 invasit,‘

1189 406 1543 474 MONODLt
1584 413 1667 475 IN
1707 412 1945 478 OBITU
1988 419 2392 486 MANUELIS
2432 416 2901 495 mercemur.

3551 440 3662 504 618

1652 524 1867 622 viribus
1900 545 1992 585 ro-
2020 536 2068 593 Α
2100 540 2441 596 torrentibus
2472 540 2670 599 obruta
2695 545 2856 603 tellus
2874 545 3155 604 ferebatur
3181 548 3348 605 funus
3377 566 3668 622 procerum

2094 631 2372 688 manibus.
2409 634 2795 708 Undecunque
2849 654 2982 694 vero
3024 642 3227 698 civium
3257 651 3423 714 atque
3451 652 3671 702 extet-o-

2094 731 2216 774 rum
2250 721 2557 781 multitudo
2575 725 2915 795 conﬂuebat,
2946 731 3242 801 implentcs
3264 734 3382 791 vias
3403 744 3459 791 et
3498 737 3671 793 mise-

2094 809 2245 864 rabili
2277 812 2485 882 gemitu
2519 831 2703 873 aerem
2727 832 2893 890 atque
2933 822 3140 879 aethera
3165 826 3528 895 complentes.
3551 828 3670 885 Una

2092 900 2342 957 omnium
2382 919 2510 973 vox,
2556 923 2698 964 unus
2748 911 2992 980 clamor,
3040 930 3188 970 unus
3242 917 3481 986 gemitus
3525 930 3670 991 erat.
3710 924 3719 961 ι

2091 991 2199 1085 iste
2227 1010 2359 1054 vero
2388 998 2559 1056 silens
2577 1016 2642 1058 ac
2672 1017 2923 1060 mortuus
2946 1007 3187 1078 jaeebat,
3226 1025 3330 1065 nec
3361 1026 3483 1080 quae
3513 1027 3672 1085 gere-
3714 1029 3720 1035 ’

2092 1084 2296 1143 bantur
2312 1090 2579 1160 sentiens,
2607 1109 2710 1150 nec
2735 1088 3019 1153 hominum
3035 1100 3306 1156 clamores
3332 1102 3668 1173 intelligens.

2090 1177 2239 1237 Nihil
2301 1194 2504 1254 preter
2560 1185 2724 1243 inane
2773 1192 3014 1245 cadaver
3086 1193 3561 1265 conspiciebatur,
3616 1207 3674 1251 et

2090 1273 2251 1340 quasi
2308 1286 2471 1332 natus
2510 1294 2755 1351 unquam
2798 1296 2909 1336 non
2977 1283 3195 1352 fuisset,
3246 1297 3343 1341 aut
3387 1280 3673 1357 nunquam

2091 1362 2439 1436 imperasset,
2503 1380 2601 1425 aut
2654 1380 2734 1427 tot
2782 1387 2960 1430 annos
2998 1390 3109 1429 nou
3159 1376 3411 1443 vixisset,
3446 1382 3674 1447 prursus

2091 1457 2247 1514 omni
2281 1474 2449 1517 sensu
2491 1471 2612 1517 erat
2642 1462 2970 1522 destitutus.
3002 1466 3299 1523 Petebatur
3326 1468 3553 1539 quidem
3602 1472 3672 1526 ab

2091 1561 2157 1602 eo
2181 1546 2322 1603 ratio
2362 1565 2463 1606 cur
2498 1567 2601 1607 nos
2631 1551 2888 1609 deserere
2924 1556 3225 1621 voluisset;
3275 1575 3374 1628 pro
3407 1576 3674 1630 responso

2090 1637 2372 1696 silentium
2410 1654 2551 1699 erat.
2594 1643 2639 1700 Ο
2686 1647 3121 1704 taciturnitatem
3156 1650 3386 1710 invisam
3419 1664 3474 1707 et
3505 1668 3536 1706 ι
3570 1670 3669 1707 ttu-

2092 1730 2177 1786 bis
2210 1731 2436 1790 minime
2480 1740 2889 1806 exspectatam!
2930 1739 3031 1796 Ubi
3083 1751 3169 1795 est
3202 1743 3389 1813 lingua
3434 1743 3523 1798 illa
3564 1752 3672 1799 tam

2089 1822 2331 1889 erudita,
2384 1833 2493 1879 tam
2530 1827 2742 1893 suavis,
2783 1844 2851 1884 ex
2909 1846 3018 1900 qua
3062 1831 3225 1887 melle
3268 1832 3484 1889 dulcior
3516 1833 3673 1888 exire

2085 1914 2268 1971 oratio
2305 1918 2543 1987 solebat,
2576 1921 2737 1993 cujus
2772 1931 2924 1979 motu
2966 1922 3152 1998 omnia
3190 1933 3380 1979 tonare
3409 1924 3673 1998 videban-

2086 2015 2198 2075 tur,
2230 2009 2390 2081 cujus
2421 2001 2648 2069 ube‘rtas
2697 2029 2917 2071 onmem
2950 1990 3239 2086 aperiebat
3286 2014 3679 2085 quaestionem,-

2084 2114 2247 2155 omne
2280 2099 2511 2157 dubium
2544 2102 2833 2170 solvebat,
2884 2106 2961 2160 ita
2996 2120 3130 2161 vero
3178 2105 3415 2161 docebat
3452 2114 3673 2164 cuncta.

2084 2189 2159 2245 ita
2209 2206 2592 2262 saepenumero
2645 2196 2934 2252 auditores
2963 2198 3241 2255 excitabat
3267 2238 3282 2261 ,
3322 2205 3383 2255 ut
3417 2211 3531 2257 non
3565 2208 3674 2252 tatu

2082 2282 2319 2339 suadere
2349 2300 2517 2354 quant
2564 2302 2680 2341 rem
2708 2296 2836 2345 ante
2872 2289 3067 2344 oculos
3113 2303 3343 2359 ponere.
3402 2302 3504 2344 nec
3563 2296 3672 2340 tam

2083 2373 2556 2447 accenderealios
2579 2390 2746 2444 quam
2788 2376 2905 2446 ipse
2938 2377 3131 2431 ardere
3161 2376 3483 2437 videretur?
3517 2373 3673 2430 Unde

2086 2478 2233 2518 nunc
2270 2474 2380 2521 tam
2412 2468 2767 2536 repentinum
2803 2452 3129 2524 silentium?
3159 2467 3316 2532 Unde
3353 2477 3463 2523 tam
3489 2468 3673 2526 subita

2087 2556 2367 2610 mutatio?
2401 2557 2484 2611 An
2526 2568 2578 2611 te
2620 2573 2866 2628 quoque,
2901 2560 3113 2631 optime
3150 2559 3468 2629 imperator,
3505 2576 3673 2628 sopo-

2083 2661 2209 2701 rare
2238 2648 2432 2707 mortis
2462 2649 2671 2704 smvitia
2707 2651 2922 2720 potuit,
2959 2667 3123 2722 quem
3151 2652 3486 2709 Atlanticum
3519 2652 3672 2724 pela-

2084 2753 2184 2807 gus
2234 2754 2333 2807 pro
2382 2740 2543 2796 nobis
2593 2742 3001 2810 periclitantem
3057 2742 3233 2809 vidit,
3292 2758 3456 2812 quem
3518 2742 3673 2799 ltalia

2084 2832 2317 2901 aspexit,
2348 2841 2404 2887 et
2435 2849 2556 2904 qua:
2585 2833 2728 2888 ultra
2762 2832 2969 2889 Italiam
2999 2843 3131 2889 sunt
3159 2832 3406 2890 occiduae
3436 2834 3674 2904 gentes?

2083 2921 2165 2987 Ad
2192 2938 2331 2992 quas
2358 2930 2485 2977 ‘cutn
2525 2923 2752 2992 petendi
2801 2924 3069 2982 adversus
3120 2925 3393 2982 Barbaros
3430 2925 3673 2995 praesidii

2083 3014 2255 3086 gratia
2288 3016 2570 3087 profectus
2596 3017 2817 3084 fuisses,
2845 3018 3087 3075 maximo
3118 3018 3173 3073 in
3199 3020 3413 3073 honore
3450 3018 3673 3074 habitus

2085 3106 2264 3163 fuisti.
2286 3109 2362 3163 Ex
2395 3125 2504 3179 quo
2536 3109 2702 3165 facile
2750 3113 3138 3181 perspeximus
3169 3128 3279 3166 non
3312 3112 3671 3183 pecuniarum

2010 3236 2062 3296 Ο
2087 3196 2468 3266 multitudine,
2506 3216 2615 3255 non
2653 3194 2941 3270 cupiarum
2973 3217 3208 3257 numero
3244 3203 3414 3258 robur
3453 3202 3672 3273 imperii

2090 3291 2391 3355 contineri,
2432 3293 2528 3348 sed
2586 3296 2819 3359 virtute,
2868 3294 3247 3351 moderatione
3283 3311 3347 3351 ac
3402 3296 3671 3365 sapientia

2089 3384 2379 3455 principis.
2426 3385 2471 3441 Ο
2518 3386 2812 3455 prudentia
2863 3386 3199 3458 singularis,
3262 3402 3425 3457 quam
3489 3386 3669 3441 Latini

2090 3475 2364 3541 homines,
2391 3486 2447 3531 et
2476 3486 2673 3531 natura
2696 3488 2752 3533 et
2777 3479 3080 3534 multarttm
3113 3495 3301 3534 rerum
3324 3479 3671 3548 experientia

2088 3569 2546 3639 prudentissimi,
2584 3570 2848 3626 admirari
2886 3587 2950 3629 ac
2983 3581 3209 3644 stutere
3243 3572 3529 3636 solebant,
3562 3588 3669 3643 qua

2087 3659 2351 3716 adhibitis
2401 3662 2737 3733 eloquentia:
2769 3681 2883 3721 sua:
2928 3666 3137 3731 nervis,
3189 3664 3348 3719 facile
3400 3662 3587 3720 Medos
3618 3671 3669 3718 ct

2088 3752 2285 3808 Persas
2314 3754 2553 3816 induxit.
2592 3764 2652 3811 ut
2681 3756 2948 3812 adversus
2996 3756 3225 3826 impium
3271 3755 3426 3810 illum
3464 3752 3668 3809 Turca¢

2089 3862 2210 3900 rum
2257 3848 2650 3917 imperatorem
2702 3865 2855 3903 arma
2902 3858 3294 3919 capesserent,
3350 3847 3554 3918 quibus
3586 3847 3675 3903 ilio

2088 3954 2259 4010 parvo
2286 3940 2586 4011 iuterjecto
2620 3949 2895 4011 tempore,
2924 3940 3104 3994 victus
3133 3955 3197 3994 ac
3231 3938 3551 4010 profligatus
3579 3938 3676 3993 de-

2088 4031 2233 4086 bitas
2273 4032 2547 4087 scelerum
2582 4046 2813 4086 suorum
2866 4045 3058 4101 pmnas
3088 4030 3427 4085 luit..'l'aceo
3457 4031 3678 4099 quories
3762 4031 3777 4038 '

2089 4129 2210 4184 sine
2244 4126 2458 4191 armis,
2515 4124 2632 4182 sola
2668 4125 3004 4181 auctoritate
3052 4134 3110 4181 et
3156 4122 3472 4194 prudentia,
3527 4123 3674 4191 quod

2088 4219 2531 4299 pulcherrimum
2554 4218 2799 4275 victoria:
2821 4231 2997 4287 genus
3028 4224 3134 4282 est,
3165 4217 3348 4271 hostes
3369 4214 3674 4284 superavit,

2090 4330 2368 4386 quamque
2400 4314 2572 4368 armis
2604 4327 2823 4382 quoque
2856 4307 3079 4379 quando
3112 4323 3200 4363 res
3230 4308 3422 4369 ferret,
3454 4307 3526 4361 ita
3554 4314 3673 4360 ulc-

2088 4405 2254 4461 batur
2282 4444 2300 4470 ,
2363 4411 2424 4458 ut
2472 4403 2672 4458 merito
2705 4410 2761 4456 et
2810 4399 3150 4455 fortissimus
3197 4408 3253 4452 et
3295 4397 3372 4451 rei
3424 4396 3678 4450 militaris

2089 4497 2463 4568 peritissimus
2518 4495 2838 4552 haberetur.
2894 4491 3040 4559 Quot
3090 4491 3256 4550 urbes
3306 4506 3503 4563 nuper,
3541 4500 3679 4563 quot

403 4614 460 4656 ct
507 4602 787 4657 neminem
822 4600 1052 4671 reliquit
1108 4599 1412 4665 intactum;
1458 4615 1583 4654 non
1615 4599 1819 4667 virum,
1876 4614 1985 4660 non

2097 4589 2323 4660 Oppida,
2355 4598 2412 4644 et
2438 4589 2547 4644 situ
2583 4596 2639 4642 et
2670 4596 2865 4641 natura
2892 4586 3140 4642 locorum
3185 4583 3579 4647 munitissima,
3623 4584 3678 4634 in

372 4748 383 4759 ,
408 4697 723 4761 mulierem,
755 4711 865 4749 non
888 4695 1174 4766 juvenem,
1213 4708 1327 4768 non
1357 4694 1586 4749 senem!
1619 4690 1664 4749 0
1694 4692 1986 4763 lugubrem

406 4789 553 4842 illam
594 4788 794 4842 famam
816 4802 883 4841 ac
915 4785 1140 4839 minime
1170 4783 1471 4855 aptabilem
1492 4801 1615 4856 quae
1641 4784 1842 4855 passim
1863 4800 1991 4854 per-

406 4888 603 4949 vagata
644 4893 842 4933 omnes
876 4876 944 4932 ad
982 4876 1154 4932 funus
1180 4876 1420 4946 piissimi
1459 4876 1808 4945 imperatoris
1836 4875 1992 4929 exei-

408 4970 591 5024 tabat!
625 4986 658 5023 o
682 4968 1055 5025 infelicissima
1089 4983 1242 5053 mqrs
1264 4968 1413 5024 illius
1443 4969 1602 5040 cujus
1626 4968 1682 5023 in
1709 4968 1816 5023 vita
1839 4968 1992 5022 salus

407 5064 562 5119 orbis
621 5073 902 5118 terrarum
933 5062 1220 5137 nitebatur
1246 5063 1260 5115 !
1289 5059 1337 5116 Ο
1360 5061 1622 5130 suspiria,
1655 5075 1688 5115 ο
1711 5060 1987 5132 iacrymte,

407 5174 440 5209 o
471 5156 769 5224 singultus,
801 5168 1016 5209 ovoccs
1045 5152 1440 5218 acerbissimae,
1476 5166 1509 5206 ο
1529 5150 1857 5206 atuarissimi
1878 5150 1992 5206 cla-

410 5263 611 5310 mores,
642 5262 676 5301 o
702 5246 961 5313 gemitus,
987 5259 1023 5299 ο
1052 5244 1233 5311 fletus,
1296 5260 1330 5298 ο
1368 5243 1550 5299 luctus
1589 5243 1771 5298 omnis
1801 5259 1986 5310 sexus,

408 5338 609 5399 aetatis,
629 5334 861 5399 ordinis,
895 5333 1267 5389 conditionis!
1295 5334 1400 5388 Alii
1434 5332 1661 5403 quidem
1706 5334 1991 5390 dominum

409 5429 751 5498 quaebant.
786 5428 882 5483 alii
918 5434 1129 5493 patrem
1174 5425 1389 5498 patriae.
1432 5426 1524 5482 alii
1575 5426 1989 5497 imperatorem,

410 5521 505 5574 alii
544 5529 860 5587 patronum,
898 5518 991 5574 alii
1022 5517 1377 5589 magistrum,
1407 5517 1499 5573 alii
1535 5517 1684 5588 juris
1719 5525 1776 5572 et
1805 5517 1992 5588 legum

411 5613 779 5678 conditorem,
819 5627 1014 5667 omnes
1068 5627 1200 5667 vero
1224 5626 1375 5678 eum,
1425 5612 1519 5681 qui
1563 5627 1661 5680 pro
1702 5611 1988 5678 omnibus,

415 5715 474 5759 ut
508 5705 599 5761 ille
640 5706 844 5776 inquit,
882 5705 1072 5760 omnia
1115 5703 1294 5758 factus
1351 5715 1492 5758 erat.
1525 5703 1570 5759 Ο
1602 5704 1784 5774 gravis
1827 5712 1992 5772 atque

414 5814 610 5867 aspera
652 5799 796 5857 inter
845 5814 942 5854 eos
971 5799 1067 5868 qui
1111 5797 1343 5856 aderant
1384 5797 1700 5858 contentio!
1742 5795 2001 5859 certabat,

414 5891 650 5964 quisque
674 5902 731 5946 ut
761 5890 890 5947 lletu
921 5888 1175 5959 superior
1206 5888 1503 5944 videretur.
1548 5886 1589 5943 0
1622 5888 1988 5960 lacrymarutu

2099 4680 2480 4751 Peloponneso
2502 4678 2745 4751 recepit!
2773 4676 2969 4732 Nonne
2996 4678 3164 4730 etiam
3189 4674 3483 4729 maximam
3506 4674 3679 4728 Thes-

2099 4770 2248 4827 saliae
2283 4780 2489 4843 partem
2522 4770 2755 4840 imperio
2800 4783 2903 4823 suo
2942 4766 3183 4838 adjecit?
3213 4767 3360 4821 Idem
3411 4774 3469 4821 et
3510 4766 3680 4819 armis

2098 4874 2358 4920 strenuus
2382 4873 2524 4927 erat,
2562 4872 2617 4917 et
2647 4860 2885 4917 consilio
2916 4859 3185 4929 providus
3213 4877 3226 4923 ;
3257 4856 3499 4912 habebat
3527 4857 3675 4910 enim

2100 4957 2477 5030 Thucydidem
2509 4972 2719 5019 secum,
2754 4966 2810 5010 et
2849 4952 3310 5022 Xenophmdcm,
3360 4958 3416 5005 et
3463 4950 3507 5005 si
3552 4952 3680 5019 quis

2100 5048 2189 5103 his
2218 5048 2419 5103 similis
2446 5057 2585 5110 erat,
2615 5061 2854 5116 quorum
2899 5042 3133 5101 consilio
3179 5041 3446 5096 continuo
3489 5040 3677 5093 ιιιυιιίι-

2102 5151 2237 5196 tur:
2280 5155 2345 5194 ex
2391 5154 2501 5215 quo
2544 5139 2709 5192 fiebat
2751 5148 2830 5197 ut.
2863 5134 3329 5208 quemadmodum
3360 5132 3538 5201 inquit
3566 5130 3677 5184 ιι.»-

2101 5241 2391 5299 ιιιετυς,,ει
2423 5247 2516 5289 rex
2541 5230 2785 5299 optimus
2813 5236 2962 5283 esset
2989 5235 3046 5281 et
3070 5224 3303 5279 bellator
3324 5222 3677 5278 fortissimus.

2100 5335 2157 5381 et
2188 5324 2335 5395 quod
2391 5338 2490 5380 nos
2541 5321 2821 5385 adiimus,
2876 5315 3312 5372 facundissimus
3346 5323 3557 5369 orator.
3611 5313 3682 5368 At

2102 5419 2197 5477 ubi
2238 5432 2384 5472 nunc
2451 5416 2566 5471 lucc
2602 5415 2783 5470 omnia
2817 5410 2984 5466 sunt?
3020 5409 3122 5465 Ubi
3162 5408 3407 5479 plausus.
3447 5414 3505 5461 et
3545 5420 3680 5483 prsc-

2100 5513 2284 5573 conia.
2329 5519 2388 5566 et
2437 5507 2668 5564 laudes?
2721 5505 2815 5560 ubi
2856 5501 3189 5574 populorum
3242 5498 3539 5563 inell‘abilis
3587 5494 3681 5552 illa

2099 5608 2375 5677 voluptas,
2411 5617 2575 5673 quant
2607 5616 2672 5655 ex
2715 5595 2985 5669 principis
3022 5594 3252 5658 virtute,
3278 5590 3679 5649 moderatione.

2101 5687 2415 5758 clementia,
2451 5703 2657 5750 tantam
2691 5689 3093 5762 percipiebaut,
3131 5697 3223 5749 ut,
3262 5686 3356 5741 illo
3390 5684 3678 5752 imperium

2102 5800 2351 5859 regente,
2378 5785 2685 5841 beatissimi
2721 5784 2822 5839 sibi
2853 5798 2975 5837 esse
3014 5779 3371 5835 viderentur?
3396 5776 3439 5832 Ο
3468 5789 3681 5830 summa

2103 5898 2289 5940 rerum
2324 5879 2587 5951 tranquill
2615 5876 2727 5933 tas!
2770 5873 2864 5930 lilo
2916 5872 3020 5943 pro‘
3052 5870 3211 5926 nobis
3245 5869 3550 5925 laborante.
3589 5876 3683 5916 sc-
