3880 6220
207 292 312 359 619

1174 295 1681 365 BESSARIONIS
1715 296 1772 356 S.
1807 291 1978 354 liaE.
2021 295 2487 356 CARDINALIS

3363 289 3468 355 620

209 411 328 466 curi
372 411 488 466 otio
521 409 864 466 fruebamur.
892 409 1026 480 Quis
1057 410 1218 465 nobis
1270 409 1439 465 modo
1489 410 1787 482 imperato-
1820 419 1859 471 Α
1893 407 2061 463 decus
2091 409 2222 464 illud
2262 419 2424 478 atque
2458 414 2866 462 ornamentum.
2899 401 3044 474 quod
3071 402 3314 460 omnium
3349 407 3468 476 pul-

215 519 328 558 rem
379 503 590 570 reddet,
642 503 768 573 quis
818 513 1054 572 patrem,
1113 503 1239 571 quis
1289 512 1604 573 patronum,
1665 501 1788 572 quis

211 605 680 665 propugnatorem
710 635 725 660 ,
770 595 894 664 quis
937 611 1153 650 morum
1184 607 1239 652 et
1266 597 1392 652 vitae
1440 595 1782 666 magistrum,

209 689 334 756 quis
385 687 667 742 dominum
703 697 813 742 tam
851 687 1160 742 beneficum
1199 699 1255 745 et
1289 689 1627 744 salutarem?
1671 689 1780 744 Luc

143 807 153 820 -
213 788 339 848 gest
378 794 526 833 nune
554 776 868 834 Christiana
895 779 1236 849 respublica,
1259 781 1418 850 cuius
1444 757 1784 851 splendidis-

210 869 385 922 simus
420 867 611 922 oculus
639 870 950 924 exstinctus
973 878 1077 925 est.
1111 869 1346 940 Incipiat
1377 871 1489 938 iam
1520 879 1664 926 terra
1691 871 1787 926 tle-

208 959 377 1014 bilcm
441 971 698 1026 cantum;
756 960 1012 1016 columna
1054 961 1264 1016 corruit
1322 977 1427 1033 qua
1484 963 1782 1019 sustentari

205 1051 436 1106 solebat.
485 1050 692 1108 Omnes
741 1069 887 1108 nunc
928 1068 1150 1108 saccum
1209 1053 1439 1108 induant
1491 1065 1547 1109 et
1597 1055 1783 1116 cinere

209 1153 560 1213 spargantur.
602 1143 928 1198 Remedium
975 1159 1085 1199 non
1138 1145 1303 1200 habet
1344 1144 1448 1202 ista
1475 1147 1780 1202 calamitas.

205 1235 339 1301 Quis
387 1249 536 1290 nunc
576 1233 761 1290 claves
813 1236 947 1291 tanti
995 1235 1214 1307 imperii
1254 1250 1480 1301 tenere,
1517 1240 1639 1302 quis
1671 1249 1781 1294 tra-

202 1338 355 1381 ctare
393 1326 562 1380 totius
593 1327 744 1381 orbis
777 1326 1156 1396 gubernacula
1211 1331 1406 1401 poterit
1428 1331 1451 1384 ?
1475 1330 1518 1386 Ο
1561 1331 1776 1388 litterae.

202 1417 412 1486 plurate
463 1419 730 1473 cultorem
773 1429 1042 1474 vestrum.
1093 1421 1265 1476 Periit
1311 1424 1403 1478 ille
1436 1423 1528 1492 qui
1569 1439 1668 1477 vos
1726 1424 1779 1477 in

199 1523 359 1562 emno
388 1517 444 1564 et
489 1509 756 1566 sordibus
798 1510 1050 1582 iacentes
1081 1514 1260 1569 erexit
1301 1523 1354 1569 et
1387 1516 1540 1585 quasi
1571 1530 1601 1571 e
1632 1525 1783 1570 tene-

200 1601 314 1655 bris
341 1601 406 1656 ad
432 1601 612 1658 lucem
651 1605 969 1671 revocavit;
1001 1608 1095 1680 qui
1128 1615 1278 1661 tanto
1305 1622 1406 1662 vos
1436 1621 1626 1663 amore
1651 1623 1779 1678 pro-

198 1694 554 1762 sequebatur,
591 1706 652 1751 ut
699 1712 800 1752 nec
833 1696 1060 1767 publica
1111 1713 1214 1752 nec
1274 1699 1488 1769 privata
1537 1697 1771 1768 negotia,

197 1797 302 1837 nec
333 1798 480 1850 curae
529 1795 625 1841 aut
671 1787 1108 1854 sollicitudines,
1154 1805 1260 1845 nec
1297 1790 1552 1860 voluptas
1587 1789 1770 1860 aliqua
1801 1774 1842 1832 Β

197 1888 298 1928 nec
350 1891 578 1938 somnus
619 1879 934 1936 distrahere
989 1897 1116 1937 eum
1173 1899 1201 1939 a
1243 1891 1431 1958 vestro
1491 1887 1773 1940 consortio

197 1976 406 2032 posset.
452 1969 519 2024 Et
557 1970 1025 2040 quemadmodum
1067 1988 1167 2030 vos
1219 1974 1529 2036 incredibili
1590 1974 1774 2032 studio

197 2071 263 2112 ae
295 2058 578 2128 diligentia
616 2063 956 2132 sequebatur
983 2106 999 2132 ,
1045 2065 1118 2121 ita
1150 2075 1398 2133 caeteros,
1431 2075 1493 2122 ut
1521 2066 1666 2123 idem
1697 2067 1774 2122 fa-

198 2157 410 2217 cerent,
447 2151 763 2220 excitabat;
797 2170 901 2210 nec
938 2156 1323 2215 adolescentes
1350 2159 1639 2224 duntaxat,
1677 2176 1783 2213 ven.

197 2257 316 2294 rum
366 2243 533 2299 etiam
571 2260 734 2302 senes
780 2247 847 2302 ad
887 2249 1234 2320 disciplinam
1273 2251 1622 2308 hortabatur.
1656 2250 1776 2319 Quo

192 2335 398 2390 factum
434 2347 546 2414 est,
580 2347 642 2406 ut
668 2339 921 2410 plerique
966 2349 1200 2412 quorum
1237 2353 1370 2399 aetas
1425 2344 1538 2415 iam
1587 2344 1773 2414 ingra-

195 2444 421 2486 vescens
447 2440 587 2499 erat,
619 2433 874 2504 exemplo
903 2433 1098 2504 optimi
1131 2435 1482 2507 imperatoris
1509 2440 1770 2509 permoti,

191 2517 258 2572 ad
289 2521 624 2589 Optimarum
672 2523 874 2578 artium
907 2523 1092 2581 studia
1145 2540 1205 2581 se
1253 2527 1658 2584 transtulerint.
1685 2527 1775 2583 Sic

189 2611 338 2664 enim
365 2621 564 2668 natura
597 2624 976 2686 comparatum
1007 2626 1113 2692 est,
1150 2629 1211 2672 ut
1242 2619 1436 2688 quales
1457 2626 1587 2673 sunt
1624 2619 1774 2689 prin-

191 2702 362 2772 cipes,
401 2703 538 2760 tales
569 2707 733 2765 etiam
780 2707 987 2763 subditi
1023 2708 1194 2775 fiant;
1227 2710 1772 2779 etquemadmodum

189 2809 253 2848 ea
289 2810 320 2849 a
355 2796 559 2865 quibus
593 2798 872 2870 principes
901 2799 1222 2867 abhorrent,
1245 2801 1504 2857 omnibus
1535 2801 1775 2858 ludibrio

190 2897 344 2955 sunt,
376 2889 449 2948 ita
482 2906 602 2961 qua:
637 2891 715 2947 illi
763 2892 1060 2962 honorant,
1115 2894 1376 2949 coluntur
1405 2892 1474 2947 ab
1519 2895 1776 2950 erunibus

188 2988 242 3030 et
275 2978 328 3032 in
365 2981 545 3047 pretio
576 2980 868 3036 habentur.
898 2982 942 3038 0
978 2985 1148 3055 leges,
1184 3000 1224 3040 ο
1254 2985 1486 3055 iudices,
1516 2999 1548 3038 o
1573 2983 1769 3049 forum,

1893 505 2226 562 cherrimum
2261 506 2521 568 habebas.
2559 507 2660 564 Ubi
2710 519 2858 564 nunc
2891 515 2973 568 est
3015 514 3105 562 tua
3162 503 3254 561 illa
3303 518 3466 558 aurea

1891 599 2164 665 caesaries,
2191 600 2284 660 ubi
2323 600 2650 662 mortalibus
2679 598 2936 660 omnibus
2963 606 3152 668 gratus
3177 596 3468 667 aspectus?

1901 688 2054 748 ηειιί
2095 691 2283 761 quales
2314 691 2412 745 tibi
2448 690 2650 747 crines.
2679 688 2882 760 quibus
2907 687 3470 749 virtutibusintortos

1893 782 2057 852 impia
2100 798 2251 838 mors
2275 784 2504 840 evulsit!
2540 783 2756 856 qualem
2787 781 3008 844 oculum
3039 768 3290 843 abstulit,
3321 779 3465 850 quod

1895 885 2060 948 caput
2091 877 2350 946 abscidit,
2390 889 2443 933 et
2490 888 2540 932 te
2565 876 2894 932 seminecem
2927 864 2999 929 ad
3024 874 3462 938 semimortuam,

1889 965 2001 1027 imo
2042 982 2174 1028 vero
2216 979 2486 1026 mortuam
2520 982 2747 1040 prorsus
2772 976 2940 1040 atque
2966 963 3302 1026 immobilem
3339 962 3466 1016 reli—

1888 1058 2042 1126 quit!
2077 1058 2225 1122 Heu!
2280 1077 2443 1134 quam
2480 1061 2653 1115 latum
2688 1071 2745 1118 et
2780 1075 2943 1132 quam
2985 1057 3287 1132 spatiosum
3320 1070 3464 1110 eam-
3539 1103 3558 1114 ,

1887 1164 2016 1218 pum
2046 1149 2143 1205 tibi
2177 1151 2466 1224 proposuit
2495 1152 2859 1224 lacrymarum
2889 1159 2944 1206 et
2989 1149 3205 1215 luctus,
3241 1147 3462 1200 minime

1885 1243 2105 1310 quidem
2133 1243 2231 1298 tibi
2267 1244 2587 1313 optabilem.
2613 1243 3006 1301 Verumtamen
3029 1241 3101 1298 ita
3133 1240 3338 1293 factum
3359 1245 3456 1302 est,

1885 1340 1940 1383 et
1973 1342 2029 1386 tu
2071 1331 2169 1387 ista
2202 1335 2443 1406 pateris;
2481 1333 2613 1406 quid
2642 1334 2788 1389 enim
2823 1332 3007 1390 facere
3034 1339 3212 1407 potes,
3246 1329 3360 1382 Deo
3391 1327 3459 1380 ita

1880 1408 2155 1492 iubente!
2182 1424 2404 1481 Stamus
2438 1440 2583 1480 nunc
2629 1424 2705 1480 tui
2739 1423 2854 1492 ﬁlii,
2886 1421 3253 1486 miserabilem
3289 1419 3458 1474 induti

1887 1514 2132 1570 habitum
2159 1555 2174 1580 ,
2207 1525 2264 1572 et
2304 1515 2540 1582 ﬂebilem
2582 1526 2804 1577 cantum
2851 1514 3196 1572 inchoantes.
3229 1509 3274 1566 Ο
3326 1510 3458 1563 varii

1884 1607 2322 1678 multiplicesque
2351 1624 2636 1666 sermones
2678 1608 2736 1666 in
2769 1607 2953 1666 animo
2998 1605 3182 1670 illius,
3217 1603 3374 1672 quasi
3405 1602 3457 1654 in

1884 1696 2181 1750 venerabili
2207 1698 2440 1767 quedam
2469 1698 2774 1758 diversorio
2803 1695 3080 1774 dispositi,
3102 1704 3157 1750 et
3187 1693 3312 1756 inde
3346 1691 3458 1746 vel—

1880 1786 1958 1842 uti
1981 1803 2044 1840 ex
2079 1788 2556 1844 abundantissimo
2579 1788 2735 1844 fonte
2781 1789 3100 1846 manantes!
3137 1786 3200 1840 Hi
3237 1784 3455 1858 quidem

1879 1877 2065 1943 ﬁdem,
2107 1879 2392 1950 pietatem,
2441 1879 2762 1951 religionem
2811 1879 3185 1944 extollebant;
3218 1877 3291 1930 illi
3326 1887 3459 1930 tem-

1879 1969 1984 2038 pla,
2023 1971 2312 2039 sacrificia,
2346 1971 2467 2027 dies
2494 1971 2663 2028 festos
2687 1971 2996 2036 ornabant;
3026 1970 3118 2024 alii
3153 1969 3221 2026 de
3253 1968 3456 2022 virtute

1877 2073 1932 2115 et
1977 2061 2228 2118 moribus
2277 2062 2673 2134 disputabant;
2729 2064 2983 2119 nonnulli
3041 2064 3169 2129 vitia
3218 2062 3456 2116 insecta.

1879 2157 2114 2221 bantur;
2148 2155 2418 2225 plerique,
2454 2155 2587 2227 quid
2619 2157 2894 2227 agendum
2922 2197 2937 2220 ,
2987 2155 3118 2226 quid
3169 2156 3453 2218 vitandum

1878 2255 2047 2311 esset,
2084 2247 2390 2302 incredibili
2424 2247 2708 2315 facilitate,
2768 2247 3079 2318 splendore,
3112 2249 3308 2318 gratia,
3343 2246 3452 2300 dis-

1883 2339 2167 2394 serebant.
2201 2339 2394 2394 Testes
2415 2348 2565 2407 sunt,
2596 2341 2688 2410 qui
2717 2350 2934 2395 exstant
2964 2340 3107 2395 illius
3138 2339 3284 2406 libri,
3309 2355 3456 2394 sum-

1880 2449 2021 2486 mam
2052 2432 2382 2500 doctrinam,
2410 2432 2688 2503 singulare
2710 2433 2988 2504 ingenium
3018 2441 3073 2488 et
3101 2433 3334 2498 divinam
3366 2448 3456 2486 sa-

1878 2525 2144 2594 pientiam
2178 2540 2289 2595 pra:
2339 2539 2396 2580 se
2442 2523 2707 2594 ferentes,
2766 2541 3081 2595 quanquam
3143 2524 3457 2579 infelicibus

1879 2617 2041 2672 nobis
2068 2617 2230 2686 longe
2263 2625 2547 2686 priestaret
2575 2618 2764 2671 vivum
2803 2617 2981 2682 illum,
3014 2632 3079 2671 ac
3123 2615 3459 2670 concionan-

1879 2718 1989 2765 tem
2023 2708 2307 2775 admirari,
2345 2725 2508 2780 quam
2541 2718 2668 2780 post
2698 2709 2916 2765 cineres
2959 2725 3026 2764 ex
3055 2708 3202 2764 illius
3233 2708 3459 2777 scriptis

1878 2803 2024 2867 vitie,
2067 2811 2125 2858 et
2157 2803 2399 2870 virtutis,
2465 2811 2523 2858 et
2561 2819 2777 2859 morum
2834 2805 3019 2859 facere
3056 2804 3452 2875 coniecturam.

1877 2894 2121 2965 Magnam
2183 2903 2334 2949 certe
2371 2895 2642 2964 iacturam
2691 2910 2886 2950 omnes
2919 2894 3189 2958 fecerunt,
3225 2892 3321 2948 sed
3353 2908 3456 2948 nos

1881 2985 1932 3037 in
1989 2985 2180 3054 primis
2232 2985 2324 3053 qui
2367 2985 2550 3040 adhuc
2610 2985 2988 3041 adolescentes
3026 2986 3188 3040 talem
3239 2985 3452 3047 virum,

187 3085 219 3120 ο
249 3070 532 3138 subsellia,
558 3087 590 3127 ο
626 3073 942 3141 tribunalia,
991 3076 1170 3150 lugete
1203 3079 1535 3134 exstinctum
1573 3078 1843 3172 priuei-’c
1878 3077 2028 3144 prius
2055 3079 2168 3131 fere
2202 3093 2366 3147 quam
2399 3094 2560 3134 nosse
2613 3094 2932 3149 possumus,
2989 3079 3296 3133 amisimus.
3329 3077 3451 3132 Non

190 3177 312 3230 pem
364 3164 458 3232 qui
513 3165 671 3222 vobis
723 3167 997 3244 tribuerat
1051 3177 1110 3224 ut
1153 3180 1380 3240 propter
1422 3172 1652 3243 iustitiae
1710 3182 1769 3226 et

184 3255 460 3324 aequitatis
491 3257 1022 3320 administrationem
1064 3263 1178 3320 haec
1204 3264 1422 3319 nomina
1462 3265 1765 3335 iustissime

183 3348 567 3416 possideretis.
596 3349 640 3406 Ο
667 3352 816 3409 cives
849 3365 904 3409 et
942 3355 1158 3410 urbium
1185 3358 1500 3426 optimates,
1534 3365 1765 3415 niterete

183 3439 427 3496 ablatum
460 3443 617 3499 vobis
653 3446 1086 3514 imperatorem,
1121 3449 1213 3523 qui
1246 3457 1394 3506 tanta
1417 3449 1680 3505 facilitate
1709 3458 1764 3504 et

186 3533 476 3603 prudentia
507 3537 789 3593 vobiscum
817 3539 884 3594 de
917 3539 1082 3594 rebus
1109 3541 1368 3595 omnibus
1394 3541 1757 3612 loquebatur!

184 3626 230 3681 0
269 3643 558 3699 pauperes,
614 3629 740 3686 flete
780 3640 1074 3701 patronum
1124 3633 1224 3702 qui.
1260 3648 1359 3688 vos
1414 3635 1778 3705 protegebat,‘

182 3721 530 3788 sublevabat,
583 3708 799 3779 alebatl
850 3721 894 3780 Ο
942 3723 1211 3798 quidquid
1256 3725 1429 3782 Grmci
1475 3729 1760 3799 sanguinis

185 3831 415 3884 usquam
449 3825 552 3884 est,
590 3817 797 3885 omnia,
834 3826 896 3873 ut
927 3817 1125 3885 facitis,
1153 3819 1408 3892 lacrymis
1434 3837 1495 3876 ac
1520 3838 1758 3878 interere

180 3908 491 3984 complete,
533 3923 656 3965 cum
715 3921 900 3969 vestro
948 3911 1317 3984 gubernatore
1365 3914 1563 3984 privati
1613 3916 1751 3983 sitis,

182 4000 274 4064 qui
306 4015 402 4056 vos
429 4001 496 4056 ab
524 4001 670 4056 omni
707 4003 912 4074 impetu
943 4011 1001 4058 et.
1029 4005 1270 4075 procella
1301 4004 1532 4060 fortuna:
1562 4009 1755 4061 tueba-

181 4104 304 4154 tur,
358 4102 413 4146 et
461 4093 733 4152 minantes
777 4110 921 4164 szepe
959 4095 1228 4156 bellorum
1281 4097 1532 4152 turbines
1609 4113 1756 4152 nunc

179 4186 348 4240 annis
373 4195 426 4240 et
460 4186 622 4254 bello,
656 4203 802 4242 nunc
830 4188 944 4242 sola
979 4189 1268 4258 prudentia
1307 4198 1468 4258 atque
1514 4191 1754 4244 auctori-

180 4287 290 4331 tate
322 4279 527 4332 avertet
549 4287 625 4333 at.
672 4276 886 4332 Etenim
932 4278 1037 4332 hoc
1066 4279 1119 4332 in
1143 4278 1336 4350 primis
1362 4278 1761 4348 sapientissimi

179 4369 525 4438 imperatoris
547 4369 826 4446 prepriutn
848 4381 984 4438 erat,
1007 4387 1107 4426 nec
1126 4381 1360 4444 tempus,
1383 4387 1483 4426 nec
1505 4373 1748 4438 modum,

1876 3167 2031 3222 licuit
2065 3169 2228 3225 nobis
2257 3182 2506 3226 orantem
2559 3172 2757 3242 saepius
2788 3172 3016 3237 audire,
3069 3187 3178 3225 non
3231 3172 3453 3226 concio—

1873 3261 2027 3316 nanti
2061 3263 2314 3332 plausum
2357 3263 2608 3329 reddere,
2657 3280 2764 3318 non
2811 3264 2885 3318 illi
2925 3265 3241 3334 priusquam
3274 3279 3305 3318 e
3339 3266 3450 3317 vita

1873 3355 2203 3420 discederet,
2240 3355 2512 3426 primitias
2555 3357 2759 3426 ingenii
2810 3359 2984 3412 nostri
3037 3358 3450 3426 qualescunque

1870 3453 2073 3511 essent,
2107 3446 2325 3501 oﬂ'erre.
2357 3446 2514 3501 Nunc
2542 3461 2692 3509 vero,
2729 3462 2817 3501 me
2865 3447 3126 3502 miserum
3168 3456 3334 3517 atque
3368 3448 3450 3500 in-

1870 3533 2120 3589 felicem!
2163 3536 2420 3591 mmroris
2449 3548 2505 3592 et
2533 3537 2902 3609 lacrymarnm
2947 3548 3002 3593 et
3036 3542 3218 3593 luctus
3246 3539 3450 3593 offerre

1869 3625 2139 3694 primitias
2165 3627 2430 3696 cogimur.
2461 3625 2574 3681 Heu
2604 3628 2616 3680 l
2661 3626 2716 3682 in
2744 3644 2863 3698 qum
2893 3638 3137 3698 tempora
3187 3631 3446 3683 reservati

1867 3731 2080 3783 sumus,
2105 3732 2268 3786 quam
2288 3733 2535 3774 amarum
2559 3720 2718 3774 nobis
2733 3728 3036 3785 certamen,
3066 3736 3213 3776 mors
3238 3722 3447 3790 invida,

1866 3809 2203 3878 preposuisti
2228 3811 2242 3863 l
2263 3809 2332 3890 ‘0
2365 3810 2550 3866 clades
2577 3813 2839 3866 omnibus
2869 3827 2990 3883 qua:
3042 3829 3283 3880 unquam
3321 3814 3444 3870 fue-

1868 3909 1994 3954 runt
2022 3901 2271 3957 cladibus
2303 3904 2511 3974 maior!
2544 3905 2823 3974 quomodo
2852 3906 3044 3960 vivere
3075 3906 3314 3976 amplius
3349 3923 3446 3976 po-

1866 3991 2126 4046 terimusl
2163 3993 2441 4072 quomodo
2490 3993 2764 4052 infelicem
2808 3994 2950 4050 hanc
2977 3996 3239 4062 animam,
3269 4013 3445 4066 quan-

1867 4084 2266 4155 tulumcunque
2284 4087 2410 4140 vitae
2439 4087 2706 4156 supersit,
2746 4087 2799 4140 in
2844 4096 2996 4142 tanto
3023 4088 3174 4143 luctu
3208 4103 3271 4142 ac
3309 4103 3442 4143 mte-

1863 4191 1989 4232 rore
2043 4177 2362 4234 traduceret
2399 4179 2498 4234 Ubi
2539 4195 2684 4234 nunc
2709 4188 2793 4234 est
2822 4179 3007 4250 regius
3041 4179 3131 4234 ille
3153 4195 3250 4250 pro
3283 4180 3444 4234 nobis

1861 4283 2080 4338 semper
2131 4271 2361 4340 pervigil
2414 4271 2608 4326 oculus
2659 4285 2822 4340 quem
2882 4287 3161 4340 nunquam
3217 4273 3440 4325 vincere

1861 4374 2088 4414 somnus
2115 4371 2346 4429 poterat,
2369 4377 2576 4428 rerum,
2600 4370 2661 4415 ut
2684 4359 2958 4416 Homerus
2979 4363 3176 4432 inquit,
3193 4363 3438 4415 ontnium

180 4479 281 4518 nec
315 4474 462 4518 anes
502 4464 624 4518 pem
666 4476 722 4520 ει
770 4465 919 4536 pacis
975 4467 1247 4534 ignorare,
1301 4465 1459 4524 Hunc
1504 4468 1748 4538 profecto
1790 4471 1834 4526 ο
1862 4449 2123 4508 domitor.
2164 4453 2430 4524 Vigilabat
2462 4454 2551 4507 ille
2601 4466 2792 4510 noctes
2827 4464 3001 4517 totas,
3034 4463 3128 4508 aut
3168 4455 3442 4508 meditans

178 4556 376 4625 ιορῑιιυι·
420 4556 584 4610 etiam
631 4555 818 4612 hostes
867 4566 1030 4628 atque
1090 4557 1343 4612 inimicos
1390 4559 1516 4628 eius
1563 4573 1756 4627 magna

175 4665 240 4703 ex
283 4657 438 4719 parte
477 4649 774 4720 prosequi,
815 4664 878 4703 ac
910 4649 1189 4714 lamentis,
1229 4660 1286 4703 et
1332 4651 1387 4704 in
1447 4659 1554 4704 tam
1605 4649 1753 4718 gravi

176 4754 342 4814 atque
368 4743 570 4798 acerbo
613 4742 764 4798 luctu
797 4742 1080 4797 nobiscum
1117 4743 1361 4798 misceri.
1393 4741 1532 4798 Vicit
1565 4757 1758 4796 omnes

179 4835 446 4906 principis
474 4838 678 4900 virtus,
711 4837 869 4907 cuius
900 4843 1053 4892 tanta,
1090 4835 1176 4890 vis
1202 4846 1322 4899 est,
1373 4847 1433 4889 ut
1476 4834 1640 4888 etiam
1685 4834 1755 4891 ab

180 4927 429 4982 hostibus
455 4927 778 4983 honoretur.
809 4924 854 4982 Ο
883 4925 1222 4998 Byzantium,
1257 4925 1606 4997 Byzantium!
1639 4940 1756 4978 om-

182 5019 332 5074 nium
366 5019 583 5074 urbium
612 5019 976 5074 clarissimum
1024 5018 1232 5084 lumen,
1264 5017 1432 5072 decus
1468 5016 1620 5072 orbis
1647 5024 1754 5069 ter-

183 5126 389 5178 rarum,
415 5111 802 5184 naufragorum
830 5119 1043 5180 portus,
1069 5109 1397 5164 miserorum
1423 5106 1751 5177 perfugium,

184 5203 493 5271 praesidium
515 5204 760 5262 omnium
785 5203 1079 5264 bonorum.
1103 5203 1318 5272 qualem
1344 5200 1770 5268 imperatorem“
1810 5268 1820 5275 ν

181 5305 387 5362 quanta
418 5294 708 5364 sapientia,
746 5295 969 5364 pietate,
999 5294 1286 5350 clementia
1317 5291 1603 5362 praeditum
1629 5291 1754 5344 hac-

185 5398 344 5442 tenus
375 5387 647 5442 habuisti!
683 5390 778 5464 qui
813 5389 908 5444 tibi
943 5388 1225 5456 pristinatn
1267 5385 1574 5461 libertatein
1607 5425 1620 5446 ,
1673 5383 1753 5437 di-

186 5477 472 5543 gnitatem,
502 5483 770 5544 fortunas,
802 5481 1091 5549 imperium
1128 5478 1398 5542 restituit;
1429 5476 1520 5544 qtti
1569 5476 1753 5529 hostes

184 5582 308 5624 tuos
333 5572 605 5627 dominari
633 5582 793 5627 antea
831 5573 1021 5628 solitos
1045 5613 1057 5633 ,
1091 5572 1187 5625 tibi
1223 5570 1494 5639 subierit;
1529 5568 1622 5636 qui
1655 5582 1750 5634 ra-

183 5663 263 5716 cis
290 5662 373 5716 eis
405 5662 552 5731 leges
588 5673 782 5731 przetcr
815 5680 968 5730 spent
1021 5662 1264 5716 einnium
1311 5661 1479 5715 dedit.
1510 5659 1660 5712 l‘leul
1696 5657 1750 5711 in

183 5763 416 5826 quantas
449 5766 593 5806 nunc
633 5768 904 5811 aerumnas
954 5755 1230 5813 incidisti!
1261 5752 1482 5806 Infelix!
1520 5751 1748 5805 amisisti

1861 4543 2090 4614 aliquid,
2125 4554 2216 4599 aut
2265 4547 2484 4614 legens;
2516 4545 2636 4601 dies
2668 4546 2723 4600 in
2770 4546 3123 4601 sermonibus
3149 4558 3311 4616 atque
3341 4564 3438 4599 ue-

1861 4637 2022 4707 gotiis
2060 4639 2444 4694 consumebat.
2504 4641 2718 4709 Optime
2768 4640 3100 4710 imperator!
3159 4641 3437 4710 quomodo

1860 4729 2132 4784 sustinere
2167 4730 2269 4786 sub
2293 4731 2399 4785 hoc
2425 4746 2614 4786 amaro
2659 4731 2841 4800 lapide
2892 4741 3104 4786 tantum
3133 4734 3305 4786 otium
3338 4749 3432 4801 po-

1863 4824 2012 4890 teris,
2043 4823 2137 4892 qui
2166 4822 2322 4892 quasi
2357 4839 2564 4894 pennas
2597 4823 2829 4889 habens,
2878 4825 3322 4880 eireumrolitare
3355 4834 3434 4877 tu-

1862 4925 1975 4968 tum
2009 4917 2200 4970 orbem
2253 4915 2512 4972 solebas?
2541 4916 2832 4982 Quomodo
2859 4926 2967 4972 tam
2999 4905 3320 4971 diuturnum
3354 4917 3432 4970 si-

1857 5011 2089 5067 lentium
2121 5008 2265 5063 ferre.
2285 5049 2299 5073 ,
2323 5010 2481 5079 cuius
2509 5011 2707 5075 oratio,
2739 5011 2894 5080 quasi
2918 5021 3117 5088 cantus
3148 5010 3427 5073 Sirenum,

1858 5103 2205 5158 demulcebat
2238 5102 2522 5157 hominum
2555 5117 2739 5169 aures,
2761 5099 2838 5157 'et
2865 5106 3019 5168 quasi
3063 5119 3286 5172 magnes
3317 5104 3427 5157 ler-

1861 5212 2002 5262 rum,
2033 5209 2364 5264 quocunque
2398 5194 2599 5257 vellet,
2650 5210 2868 5262 semper
2911 5195 3194 5248 trahebat?
3227 5194 3426 5248 Verum

1861 5297 1914 5341 tu
1943 5287 2163 5356 quidem
2197 5286 2400 5348 abiisti,
2424 5294 2479 5339 et
2507 5287 2572 5339 ad
2602 5285 2829 5340 meliora
2859 5286 3167 5341 habitacula
3199 5298 3426 5341 vocatus

1860 5380 2102 5450 migrasti
2147 5382 2198 5432 in
2242 5379 2474 5440 coelum,
2533 5377 2627 5432 ubi
2694 5389 3015 5447 perpetuam
3067 5380 3252 5434 sedem
3299 5381 3420 5442 tide,

1865 5471 2150 5538 religione,
2195 5469 2399 5523 virtute
2441 5469 2538 5522 tibi
2577 5483 2892 5538 paraveras.
2943 5469 3054 5524 Nos
3091 5479 3272 5524 autem
3324 5487 3422 5524 cur

1860 5565 1909 5614 in
1947 5573 2098 5616 tanto
2133 5562 2281 5615 luctu
2330 5570 2386 5614 et
2434 5575 2692 5626 interere,
2729 5571 2782 5614 et
2815 5562 3068 5631 laerymis
3121 5563 3423 5631 reliquisti?

1854 5658 1966 5710 (iur
1999 5654 2292 5708 discedi-ns
2338 5668 2530 5706 omnes
2584 5668 2690 5706 non
2723 5654 2972 5706 vocasti?
3002 5654 3131 5706 Mori
3168 5657 3314 5707 enim
3346 5667 3416 5707 te-

1856 5766 1975 5804 cum
2014 5763 2174 5818 quam
2211 5746 2325 5800 sine
2356 5753 2405 5797 te
2439 5746 2617 5800 \irei'e
2655 5744 2989 5799 comumdius
3026 5747 3242 5800 fuisset!
