3880 6220
265 334 371 397 693
894 291 949 296 im
1222 338 1731 400 BESSARIONIS
1773 340 1833 397 S.
1880 338 1950 398 Β.
1995 339 2063 400 E.
2109 338 2569 399 CARDINALIS
3314 346 3317 349 ’
3414 334 3511 397 ὒὲί

1274 676 2566 831 BESSARIONIS

520 963 1067 1057 EPISCOPI
1168 964 1896 1085 TUSCULANI,
1973 937 2706 1055 C'ABDINALIS
2788 960 3243 1051 NICIENI

1182 1159 1286 1219 DE
1330 1160 1434 1219 EA
1477 1157 1740 1221 PARTE
1777 1156 2213 1219 EVANGELII
2260 1154 2597 1219 JOANNIS

1665 1323 1748 1363 UBI
1788 1321 2067 1363 SCRIBITUR
2106 1324 2119 1360 ε

384 1443 512 1499 Ἐὰν
551 1443 717 1502 αὐτὸν
747 1443 887 1499 θέλω
910 1445 1098 1516 μένειν
1138 1444 1241 1507 ἕως
1277 1445 1530 1516 ἔρχομαι,
1560 1444 1613 1496 τί
1638 1443 1777 1514 πρὸς
1810 1444 1867 1495 as‘
1895 1460 1909 1508 ;

1895 1460 1909 1508 ;
1959 1442 2019 1497 Si
2054 1459 2173 1497 eum
2204 1447 2317 1498 volo
2346 1460 2563 1498 manere
2590 1445 2761 1499 donec
2794 1444 3029 1512 veniam,
3069 1442 3195 1512 quid
3220 1449 3289 1497 ad
3322 1446 3416 1497 te?

956 1587 1341 1649 ERUDITA
1380 1588 1503 1648 ΕΤ
1536 1586 1811 1649 γΑιυΕ
1860 1587 2139 1649 UTILIS
2168 1576 2480 1650 ΒΙΞΟῈΡ

1300 1587 1341 1649 Α
1380 1588 1503 1648 ΕΤ
1536 1586 1811 1649 VALDE
1860 1587 2139 1649 UTILIS
2168 1576 2749 1650 DISC'FPTATIO
2778 1584 2832 1645 ⁸.

338 1888 665 1945 Reverendo
707 1901 771 1941 ac
804 1885 1025 1942 erudito
1061 1884 1207 1940 Patri
1244 1884 1307 1940 ι).
1341 1885 1647 1943 υιιυεηιειιο
1700 1866 1946 1950 FABRO,
1986 1887 2225 1943 coenobii
2309 1882 2576 1941 Dominiei
2608 1882 2858 1951 Sepuleri
2908 1880 2963 1936 in
3009 1878 3366 1934 Denkendorl’
3384 1893 3515 1949 prae-

267 1984 451 2048 posito
490 1981 815 2052 dignissimo
844 1993 900 2038 et
950 1990 1188 2052 patrono
1216 1996 1318 2036 suo
1375 1981 1442 2038 de
1478 1997 1537 2039 se
1568 1984 1707 2039 bene
1739 1983 1957 2049 merito,
2004 1982 2245 2039 Joannes
2287 1983 2611 2038 Anxur)th
2641 1975 3115 2037 BRASSICANUS
3148 1974 3496 2047 jureconsul-

275 2079 365 2126 lus
419 2071 476 2127 S.
512 2074 575 2127 Ι).
605 2072 667 2128 Ρ.
1031 2096 1040 2102 ·
1634 2122 1639 2125 -

340 2164 514 2220 Video
548 2165 813 2236 quosdam
840 2167 892 2222 in
925 2182 1046 2223 eam
1078 2168 1420 2239 opinionem,
1452 2177 1507 2223 et
1558 2168 1706 2223 illam
1755 2168 1976 2238 quidem
2009 2171 2146 2226 mire
2191 2184 2526 2240 perversam,
2571 2168 2838 2223 adductos
2871 2180 3013 2225 esse.
3045 2160 3252 2219 Prtesul
3286 2159 3525 2216 ornatis-

265 2260 425 2324 sime,
460 2269 519 2313 ut
570 2260 1006 2317 infelicissimum
1043 2272 1120 2318 tot
1150 2273 1426 2320 sectarum
1454 2274 1618 2336 atque
1641 2266 2018 2324 doctrinarum
2062 2280 2425 2340 proventum,
2460 2266 2663 2338 quibus
2690 2266 2838 2320 inter
2877 2278 2936 2318 se
2965 2262 3150 2314 minus
3172 2273 3335 2327 quam
3364 2257 3527 2309 horo-

264 2352 425 2422 logiis
455 2355 735 2421 convenit,
766 2356 873 2426 jam
915 2371 1027 2410 non
1061 2357 1114 2412 in
1150 2359 1366 2426 angulis
1412 2369 1647 2427 tantum,
1689 2362 1781 2432 qui

2000 2364 2283 2433 Ξομδυκῶν
2308 2380 2425 2418 mos
2456 2370 2562 2423 est.
2603 2359 2697 2415 sed
2758 2356 3045 2429 propalam
3088 2364 3140 2407 ει
3176 2352 3398 2421 Ρυωίοθ
3429 2363 3532 2418 β”σ

267 2458 522 2516 suggestu
557 2448 763 2504 Gracis
795 2449 997 2505 litteris
1030 2452 1329 2523 imputem.
1371 2453 1488 2521 Qua
1550 2471 1609 2510 re
1638 2456 1771 2524 quid
1824 2459 1911 2513 vel
1959 2458 2244 2529 indignius
2277 2459 2507 2530 cogitari
2559 2457 2646 2512 vel
2688 2456 2930 2524 ineptius
2968 2453 3135 2508 etiam
3187 2450 3295 2504 dici
3330 2447 3525 2515 possit,

264 2543 391 2611 quis
409 2559 476 2598 ex
522 2544 590 2600 iis
620 2548 714 2616 qui
752 2548 840 2601 vel
868 2547 1223 2605 mediocriter
1252 2552 1457 2619 eruditi
1496 2561 1625 2607 sunt
1658 2570 1766 2609 non
1800 2556 2103 2628 intelligit?
2139 2557 2229 2613 Sic
2255 2568 2310 2613 et
2338 2566 2501 2611 terra:
2535 2555 2728 2610 matris
2764 2551 3056 2612 beneﬁcia,
3098 2549 3143 2604 si
3180 2547 3285 2601 diis
3320 2547 3530 2615 placat.

264 2651 625 2705 accusemus;
659 2640 739 2694 sic
768 2641 1039 2697 elementa
1074 2643 1440 2712 damnemus;
1476 2647 1556 2704 sic
1586 2648 1848 2719 denique,
1884 2651 2059 2706 utille
2094 2650 2297 2721 inquit,
2336 2650 2475 2703 θεῶν
2505 2647 2767 2718 ἐρικυδέα
2816 2645 2965 2717 δῶρα
3007 2646 3062 2699 in
3097 2645 3187 2714 jus
3221 2644 3525 2711 rapiamus,

263 2739 385 2791 qua:
411 2726 594 2781 omnia
623 2736 677 2782 et
703 2729 977 2801 inculpata
1007 2743 1062 2788 et
1089 2734 1293 2788 nostris
1322 2736 1515 2791 usibus
1549 2737 1753 2807 ubique
1798 2742 2122 2804 servientia.
2154 2756 2256 2795 nos
2302 2742 2404 2811 ipsi
2440 2741 2530 2811 qui
2569 2740 2872 2800 abutimur.
2919 2738 3193 2791 deteriora
3232 2745 3287 2790 et
3330 2737 3529 2790 merito

268 2820 723 2888 reprehendenda
756 2823 1045 2881 eﬂicimus.
1083 2828 1350 2895 Quoniam
1382 2840 1586 2895 autem,
1629 2831 1854 2889 Ulriehe
1885 2836 2361 2903 prmstanlissime,
2396 2850 2520 2888 eum
2545 2832 2929 2902 superioribus
2960 2832 3156 2886 diebus
3181 2832 3235 2886 in
3270 2830 3529 2884 coenobio

266 2927 362 2967 tuo
389 2928 587 2982 essem,
616 2917 684 2971 de
715 2920 906 2976 eadem
946 2920 1035 2975 illa
1071 2935 1151 2987 re,
1182 2938 1307 2992 quae
1333 2930 1425 2978 tua
1455 2933 1539 2982 est
1564 2927 1782 2996 egregia
1816 2928 2060 2983 eruditio
2099 2944 2225 2983 cum
2261 2943 2475 2983 summa
2506 2926 2774 2982 modestia
2812 2926 3127 2996 conjuncta,
3160 2936 3217 2977 et
3248 2923 3528 2989 exquisita

266 3006 535 3060 suavitate
573 3007 888 3073 verborum,
921 3019 978 3065 et
999 3012 1272 3069 acerrimo
1301 3030 1425 3070 eum
1452 3015 1664 3085 judicio
1689 3018 2045 3086 dissertabas,
2065 3020 2362 3075 arbitratus
2398 3037 2521 3076 sum
2564 3036 2649 3076 me
2680 3035 2789 3074 non
2824 3020 3049 3089 vulgare
3075 3033 3257 3087 operm
3284 3016 3526 3086 pretium

267 3115 389 3153 esse
423 3100 715 3167 facturum,
753 3102 796 3157 si
832 3103 997 3160 simul
1022 3116 1079 3161 et
1112 3109 1190 3162 tui
1221 3109 1541 3166 demerendi
1576 3110 1783 3176 studio,
1820 3122 1877 3168 et
1916 3113 2067 3169 illius
2129 3125 2483 3184 praepostera:
2522 3114 2803 3184 opinionis
2850 3112 3201 3169 confutandae
3238 3125 3426 3174 causa,
3462 3108 3531 3163 ἰ).

274 3192 622 3248 llessarionis
662 3194 960 3251 cardinalis
1006 3197 1313 3256 doctissimi
1340 3203 1861 3282 commentariolum
1909 3204 1967 3259 in
2007 3206 2111 3261 hoc
2140 3186 2450 3276 argumenti
2499 3222 2701 3277 genere
2731 3206 3108 3261 doctissimum
3147 3203 3214 3258 ad
3256 3213 3307 3257 te
3340 3203 3532 3255 mitte-

268 3300 404 3341 rem.
437 3286 572 3340 Nam
612 3301 679 3342 ex
714 3286 831 3350 illo,
862 3288 1008 3357 quod
1032 3291 1179 3369 .alias
1214 3302 1268 3348 te
1304 3295 1691 3369 comprobasse
1724 3305 1874 3351 certo
1908 3296 2046 3361 seio,
2077 3298 2288 3366 liquido
2320 3297 2602 3368 intelligis,
2640 3298 2764 3368 quis
2804 3313 2937 3351 usus
2982 3296 3053 3350 sit
3094 3296 3409 3351 Grzccarum
3439 3295 3533 3347 lit-

271 3388 533 3444 terarum,
559 3384 860 3457 praesertim
892 3384 1123 3439 inlibris
1142 3387 1333 3451 sacris,
1365 3402 1486 3455 qua:
1503 3389 1826 3454 necessitas,
1854 3404 1975 3458 quae
2000 3387 2259 3460 dignitas,
2291 3403 2347 3448 et
2366 3408 2487 3462 qua:
2518 3391 2733 3446 tandem
2755 3390 2969 3445 illarum
2996 3389 3135 3443 ratio
3155 3387 3401 3442 habenda
3434 3386 3529 3439 sit.

269 3474 499 3538 Quando
520 3474 613 3544 qui
638 3475 742 3531 hoc
768 3477 1024 3546 praesidio
1050 3488 1262 3543 carent,
1280 3479 1517 3533 ﬁerinon
1545 3488 1741 3547 potest,
1769 3490 1953 3535 utnon
1973 3482 2257 3549 pueriliter
2278 3482 2703 3549 liallucinentur,
2732 3492 2791 3537 ut
2811 3498 2915 3537 non
2950 3481 3532 3553 graviterimpingant,

267 3578 327 3621 nt
355 3582 463 3623 non
493 3571 739 3625 omnium
773 3572 1010 3626 maximo
1042 3572 1185 3626 malo
1211 3572 1523 3626 excutiant.
1578 3571 1968 3643 Depreliendes
2004 3574 2191 3640 etiam,
2240 3575 2515 3643 quodnam
2578 3575 2843 3630 felicioris
2900 3575 3224 3643 interpretis
3258 3573 3532 3637 cilicium,

274 3680 396 3734 qua:
422 3681 577 3733 cura,
614 3683 737 3737 quae
768 3668 1050 3738 diligentia
1087 3683 1209 3723 esse
1236 3668 1457 3735 debeat,
1485 3684 1649 3739 quam
1680 3686 1791 3724 non
1820 3680 2029 3727 temere
2059 3671 2126 3726 de
2156 3672 2618 3727 translationibus
2644 3673 3005 3742 judicandum
3045 3672 3136 3726 sit.
3166 3670 3221 3724 Μ
3252 3671 3398 3738 quod
3427 3672 3537 3725 hac

274 3768 433 3815 :rtate
454 3763 730 3831 peculiare
762 3762 955 3816 vitium
988 3771 1091 3829 est,
1129 3764 1486 3832 interpretem
1525 3763 1784 3821 videlicet
1822 3766 1877 3819 in
1907 3765 2073 3836 hujus
2102 3766 2302 3835 linguae
2340 3766 2595 3821 versione
2626 3766 2908 3833 damnare,
2942 3767 2995 3820 in
3019 3781 3127 3833 qua
3161 3764 3250 3817 vix
3281 3763 3423 3815 ultra
3448 3763 3538 3816 al-

280 3846 575 3923 pl'mbetum
606 3871 931 3928 progressus
966 3856 1156 3911 fueris.
1195 3856 1364 3928 Cujus
1398 3856 1478 3912 rei
1504 3858 1589 3912 vel
1630 3860 1773 3913 un'us
1808 3859 1896 3914 ille
1924 3858 2274 3914 sedentarius
2313 3870 2490 3924 sutor,
2519 3876 2643 3914 cum
2682 3868 2874 3915 contra
2918 3858 3207 3913 Erasmum
3230 3856 3533 3925 scriberet,

274 3950 707 4019 pulcherrimum
734 3953 1013 4023 specimen
1045 3952 1219 4007 dedit.
1259 3953 1455 4007 insunt
1477 3962 1746 4023 praeterea
1779 3963 1833 4007 et
1860 3953 1966 4008 alia
1992 3953 2126 4007 huic
2149 3953 2335 4009 libello
2362 3955 2502 4010 lectu
2538 3955 2859 4025 dignissima
2897 3963 2952 4009 et
2986 3953 3115 4007 huic
3139 3953 3340 4007 steculo
3364 3952 3536 4021 quasi

273 4058 422 4114 nata,
450 4064 610 4119 quem
643 4062 724 4112 tu,
759 4050 929 4105 Veluti
964 4062 1231 4121 perpetuo
1271 4050 1634 4112 consuevisti.
1657 4065 1721 4104 eo
1749 4051 1933 4105 animo
1965 4050 2157 4120 accipe
2184 4066 2297 4120 quo
2334 4062 2436 4107 nos
2467 4052 2567 4107 tibi
2600 4050 3000 4106 dedieavimus.
3029 4050 3120 4105 Sic
3142 4059 3292 4105 certe
3318 4049 3538 4119 signiti-

272 4143 543 4195 eationem
576 4142 817 4211 aliquam
848 4143 981 4197 dare
1011 4144 1180 4207 volui,
1216 4152 1277 4197 ut
1310 4142 1402 4212 qui
1438 4143 1577 4196 nihil
1616 4158 1724 4197 non
1760 4143 1856 4198 tibi
1903 4141 2102 4208 debeo,
2154 4144 2239 4198 vel
2282 4145 2521 4215 aliquam
2560 4143 2894 4197 mediocrem
2946 4142 3264 4211 portionem
3320 4142 3538 4209 persol-

276 4235 420 4289 visse
467 4235 677 4300 videar,
721 4236 896 4289 donec
945 4250 1010 4287 cx
1041 4235 1191 4288 omni
1238 4243 1393 4304 parte
1447 4232 1711 4289 solvendo
1767 4248 1888 4287 esse
1944 4232 2173 4303 possim.
2232 4233 2381 4299 Vale,
2439 4233 2730 4304 praeposite
2764 4232 2990 4301 Optime,
3041 4246 3104 4285 ac
3162 4231 3338 4284 amice
3387 4230 3537 4284 cha-

272 4328 513 4382 rissime.

882 4417 1384 4485 ViennreAustrizr,
1418 4432 1564 4475 anno
1590 4433 1621 4479 a
1650 4427 1781 4472 nato
1818 4418 1947 4479 Jesu
1984 4421 2143 4487 155°},
2177 4419 2378 4474 mensis
2412 4419 2661 4475 Jmuarii
2699 4418 2786 4473 die
2820 4418 2873 4473 3.

2598 4548 2821 4557 mp

2321 4550 2427 4559 -..νη-.-
2434 4549 2595 4559 ιιι-ην...

756 4714 1808 4833 SAPIENTISSIMI
1900 4716 2034 4825 ι).
2124 4712 3047 4827 BESSARIONIS

1544 4904 1603 4958 S.
1636 4902 1701 4957 Β.
1738 4904 1799 4956 E.
1837 4900 2256 4957 CARDINALIS

276 5036 341 5094 1n
384 5030 535 5092 illud
576 5025 898 5106 Evangelii
931 5024 1293 5088 secundum
1323 5026 1675 5087 Joannem:
1738 5031 1808 5083 Ἐξ

2003 5031 2061 5082 δν
2091 5029 2228 5083 θέλω
2257 5029 2441 5100 μένειν
2472 5030 2576 5091 ἕως
2608 5028 2863 5100 ἔρχομαι,
2896 5027 2950 5080 τί
2984 5029 3121 5097 πρὸς
3155 5029 3249 5092 σέ;
3284 5020 3356 5081 Si
3390 5018 3530 5078 volo

1193 5147 1329 5189 cum
1362 5145 1609 5187 manere
1652 5125 1844 5186 donec
1870 5126 2136 5199 veniam,
2182 5126 2335 5204 quid
2373 5124 2452 5185 ad
2502 5134 2557 5184 te
2581 5127 2611 5185 ?

1820 4551 1998 4559 *—

2006 4551 2310 4559 m—

342 5394 479 5451 Cum
512 5406 690 5461 nuper
717 5403 934 5445 sacrum
961 5386 1315 5456 Evangelium
1346 5385 1572 5441 Joannis
1602 5383 1846 5456 Emuge-
1953 5386 2018 5441 de
2067 5386 2279 5441 Joanne
2336 5401 2608 5454 qua'reus,
2660 5384 2858 5453 inquit,
2916 5385 3011 5438 llic
3061 5396 3231 5439 αιιιειη
3271 5386 3439 5455 quid."
3468 5396 3524 5440 et

279 5490 413 5544 lista:
446 5486 500 5539 iu
540 5485 662 5554 ejus
706 5480 1001 5536 festivitate
1032 5478 1221 5533 Latine
1248 5476 1546 5547 legeretur,
1596 5486 1843 5530 ventum-
1951 5479 2217 5534 Dominus
2263 5477 2567 5547 respondit,
2603 5476 2759 5544 juxta
2808 5476 3009 5532 Grmcm
3065 5477 3288 5547 quidem
3325 5479 3520 5532 littera:

277 5598 381 5640 que
403 5590 551 5635 esset
583 5578 650 5631 ad
685 5592 805 5630 eam
863 5588 1073 5643 partem
1113 5570 1204 5625 ubi
1248 5572 1444 5625 Petrus
1493 5585 1521 5624 a
1567 5568 1843 5623 Salvatorc
1952 5568 2278 5624 veritatem:
2308 5568 2363 5622 Si
2408 5584 2526 5621 eum
2557 5568 2672 5621 volo
2709 5583 2918 5621 manere
2956 5568 3117 5621 donec
3146 5571 3371 5631 ueniant,
3400 5569 3522 5638 quid

338 5723 409 5777 fl)
445 5720 715 5779 llagetmm,
738 5732 812 5773 ap.
856 5717 995 5765 .lnan.
1036 5718 1294 5779 Seueriani
1328 5713 1665 5766 excudebatur
1705 5717 2094 5767 anuoallltristo
2137 5724 2248 5767 nato
2310 5715 2586 5771 Ml)X\.\'H.
2612 5730 2778 5764 mense
2809 5729 2923 5765 vero
2952 5716 3218 5765 l‘cbruariu
3266 5714 3434 5762 lixstat
3469 5726 3520 5767 tu

280 5778 577 5836 bllllzotheCa
607 5779 879 5831 Materiam
905 5779 993 5827 sub
1016 5792 1147 5831 nunt.
1178 5778 1363 5835 l|,6:’.i.
