3880 6220
335 333 442 399 625

1119 335 1202 396 IN
1251 337 1508 408 lLLUD,
1555 353 1571 386 ι
1621 341 1690 400 SI
1732 340 1894 400 EUM
1939 338 2131 399 VOLO
2169 341 2508 413 MANERE,
2553 354 2571 390 ³
2611 341 2770 402 ETC.‘

3472 343 3586 410 636

337 451 408 501 ad
439 447 533 502 te?
565 446 718 514 juxta
759 449 1010 505 Latinam
1055 467 1188 507 vero
1234 453 1784 523 interpretationem:
1825 453 1912 509 Sic
1942 457 1984 514 Α
2019 456 2468 514 incertitudinem
2495 459 2604 523 sui,
2633 474 2734 512 nec
2767 473 2890 512 eum
2923 455 3222 512 indicativo
3247 458 3475 516 omnino
3501 462 3584 514 af-

338 556 458 594 eum
488 540 606 595 volo
629 557 842 596 manere
879 544 1042 597 donec
1085 547 1313 613 ueniam,
1344 548 1472 618 quid
1504 547 1574 600 ad
1597 557 1644 602 te
1669 549 1682 579 ¹
1705 548 1728 602 ?
1755 546 1910 613 Que-

341 634 473 689 sivit
505 649 536 689 a
565 649 652 688 me
678 633 925 704 quidam,
950 652 1020 692 an
1044 648 1195 693 recte
1216 639 1496 710 interpres
1520 655 1641 694 eam
1674 639 1912 710 particuo

338 727 448 783 lam
486 727 541 782 in
569 727 826 783 Latinum
852 729 1146 786 vertisset?
1181 731 1282 787 Cui
1309 749 1411 804 ego
1443 751 1457 788 :
1487 735 1654 789 Recte
1687 732 1910 804 quidem

333 818 405 875 ab
448 810 608 874 initio
640 820 954 875 translatam
989 820 1160 878 fuisse
1192 822 1454 890 arbitror,
1483 834 1538 880 et
1567 827 1632 890 si,
1666 839 1775 878 non
1807 824 1908 888 sic,

341 909 410 964 ab
435 909 739 980 interprete
760 910 1024 981 scriptum
1055 915 1332 970 exStitisse
1358 931 1375 982 ;
1401 915 1494 970 sed
1525 924 1715 985 postea
1739 913 1910 984 (quod

337 998 592 1054 accidere
621 1000 943 1069 frequenter
982 1002 1144 1070 solet)
1183 1004 1321 1059 vitio
1363 1004 1714 1060 dormitantis
1738 996 1909 1060 libra-

337 1090 429 1157 rii,
463 1092 510 1146 si
539 1089 990 1162 conjunctionem
1024 1094 1080 1149 in
1115 1094 1442 1151 adverbium
1471 1098 1548 1150 sic
1581 1096 1754 1152 fuisse
1777 1110 1911 1152 con-

329 1197 569 1245 versam.
594 1197 706 1237 una
737 1181 917 1238 littera
949 1182 1156 1240 addita.
1186 1184 1388 1240 Facilis
1445 1197 1528 1242 est
1555 1186 1703 1242 enim
1731 1189 1802 1242 ad
1820 1202 1912 1243 er-

333 1288 516 1329 rorem
557 1273 765 1344 lapsus,
808 1275 1029 1345 quoties
1057 1275 1227 1332 dictio
1257 1276 1467 1348 aliquid
1509 1278 1828 1350 signiﬁcans
1852 1278 1910 1336 in

332 1361 631 1417 dictionem
658 1363 808 1419 aliud
843 1364 1273 1435 signiﬁcantem,
1298 1383 1413 1439 una
1443 1367 1908 1426 duntaxataddita

337 1453 424 1508 vel
463 1454 709 1510 detracta
747 1455 972 1522 littera,
1018 1459 1346 1514 commutari
1385 1467 1586 1528 potest.
1639 1459 1778 1515 Tum
1812 1460 1907 1515 alii

341 1547 564 1616 quidam
603 1563 669 1602 ex
700 1547 788 1601 his
818 1547 912 1618 qui
957 1549 1209 1614 aderant,
1261 1552 1662 1622 contradicere,
1691 1568 1800 1607 non
1837 1554 1902 1621 si,

339 1639 436 1692 sed
465 1639 539 1692 sic
563 1638 667 1709 legi
715 1639 919 1696 debere
947 1651 1326 1700 asseverantes
1347 1644 1598 1715 beneque
1622 1659 1681 1699 se
1703 1643 1907 1699 habere

345 1730 597 1784 Latinum
629 1745 936 1787 sermonem
969 1733 1241 1802 dicentes,
1277 1744 1332 1790 et
1362 1744 1456 1790 aut
1476 1734 1764 1790 rectiorem
1785 1749 1907 1791 esse

341 1820 552 1884 Graeco,
577 1817 672 1877 aut
701 1822 796 1878 illo
823 1837 933 1877 non
965 1824 1148 1879 minus
1179 1835 1416 1891 rectum,
1459 1826 1906 1897 quandoquidem

341 1915 459 1969 sive
485 1914 549 1981 si,
579 1914 694 1970 sive
739 1915 816 1970 sic
858 1915 1094 1984 dicatur,
1133 1916 1324 1972 eadem
1354 1918 1426 1972 sit
1450 1918 1738 1988 utriusque
1781 1933 1908 1974 sen-

339 2003 530 2058 tentia.
552 2001 708 2070 Quod
739 2018 871 2060 vero
895 2005 1101 2060 rectius
1118 2021 1176 2061 se
1196 2006 1427 2062 haberet
1445 2023 1630 2063 sermo
1654 2007 1904 2074 Latinus,

334 2095 561 2151 minime
589 2097 708 2152 ausi
755 2106 888 2154 sunt
918 2100 1202 2169 prosequi,
1236 2100 1406 2156 stulte
1453 2100 1509 2155 id
1537 2117 1565 2154 a
1593 2114 1654 2156 se
1693 2101 1903 2157 dictum

332 2187 723 2258 intelligentes,
764 2199 821 2246 et
869 2190 1244 2247 contentionis
1293 2193 1475 2262 potius
1517 2195 1688 2265 gratia
1741 2210 1904 2266 quam

332 2277 604 2334 veritatis.
637 2279 923 2350 Siquidem
978 2282 1327 2354 Evangelista
1365 2283 1603 2342 Joannes
1631 2296 1684 2342 et
1725 2286 1905 2341 Evan~

335 2370 539 2441 gelium
585 2385 746 2426 suum
783 2372 995 2440 Graeco,
1039 2390 1151 2429 non
1181 2365 1379 2430 Latino
1404 2392 1660 2433 sermone
1682 2372 1906 2450 cor'npo-

330 2461 460 2528 suit,
485 2471 544 2517 et
571 2463 666 2517 ἐὰν
693 2465 1086 2537 conjunctione
1117 2481 1250 2522 usus
1271 2475 1376 2529 est,
1398 2482 1541 2536 quae,
1573 2465 1627 2522 in
1647 2467 1903 2525 Latinum

330 2569 513 2622 versa,
551 2555 599 2608 si
625 2555 831 2626 absque
861 2557 969 2612 ulla
1009 2557 1368 2628 ambiguitate
1408 2557 1701 2628 significat.
1734 2557 1906 2614 luter-

331 2662 463 2716 pres
488 2662 636 2713 vero,
666 2648 978 2718 quicunque
1028 2649 1077 2704 is
1103 2649 1325 2720 quidem
1381 2648 1572 2716 fuerit,
1608 2664 1712 2705 nec
1756 2658 1904 2705 tanta

336 2739 576 2806 Spiritus
624 2740 819 2810 gratia,
875 2753 1078 2810 quanta
1109 2740 1350 2799 Joannes
1386 2743 1698 2799 illustratus
1732 2742 1905 2799 fuisse

333 2830 733 2886 existimandus
761 2841 864 2893 est.
884 2834 1122 2890 etverbo
1145 2849 1278 2890 usus
1303 2846 1387 2891 est
1417 2837 1483 2890 ad
1511 2852 1755 2890 errorem
1781 2851 1909 2906 pro-

337 2921 487 2987 clivi,
520 2924 726 2995 quippe
761 2925 948 2981 addita
983 2928 1030 2980 si
1073 2928 1478 2999 conjunctioni,
1516 2944 1616 2998 per
1646 2929 1906 3000 ignoran-

335 3016 460 3070 tiam
486 3017 600 3072 sive
617 3017 884 3072 incuriam
907 3018 1279 3084 librariorum,
1303 3039 1328 3073 c
1349 3022 1552 3085 littera,
1578 3022 1758 3077 omnis
1783 3039 1908 3077 sen-

2015 549 2256 614 ﬁrmare,
2284 566 2386 606 nec
2419 566 2545 605 cum
2583 549 2938 620 subjuuctivo
2969 564 3198 618 prorsus
3220 565 3344 604 esse
3369 553 3582 620 ancipio

2013 649 2122 696 tem
2151 660 2166 707 ;
2199 642 2455 713 praesenti
2491 657 2622 696 vero
2655 642 2820 697 etiam
2850 641 3198 711 subjunctivo
3245 642 3581 713 adjunctam,

2011 732 2398 787 certitutlinem
2455 730 2789 800 signiﬁcare.
2825 731 2979 786 Hanc
3022 747 3215 786 eorum
3251 733 3580 788 sententiam

2011 820 2342 892 quibusdam
2373 822 2588 893 Virgilii
2613 837 2678 877 ac
2707 820 2998 877 Ciceronis
3033 822 3301 892 exemplis
3327 823 3586 878 nituntur

2010 914 2302 970 aﬁirmare.
2332 912 2469 969 Cum
2495 912 2662 983 igitur
2693 911 2834 982 apud
2864 909 3085 967 Graecos
3109 913 3180 968 ita
3199 912 3462 983 scriptum
3489 916 3581 978 sit,

2010 1001 2106 1056 ἐὰν
2139 1002 2302 1068 θέλω,
2333 1002 2441 1058 hoc
2475 1010 2580 1068 est,
2613 1003 2661 1054 si
2691 1001 2863 1067 velint,
2900 1002 3088 1070 procul
3135 1001 3305 1056 dubio
3355 1005 3583 1058 certim-

2013 1094 2196 1150 dinem
2223 1093 2515 1164 utrobique
2542 1089 2838 1164 significari
2867 1101 3155 1150 asserunt.
3187 1093 3428 1163 Ideoque
3457 1110 3580 1155 seu.

2009 1187 2056 1241 si
2077 1185 2250 1253 velim,
2269 1193 2328 1241 ut
2354 1183 2558 1253 Graeci,
2579 1185 2694 1240 sive
2717 1186 2793 1240 sic
2813 1185 2952 1253 volo,
2985 1195 3044 1239 ut
3077 1185 3281 1249 Latini,
3307 1185 3579 1249 dicamus,

2011 1292 2174 1333 unam
2206 1291 2432 1347 prorsus
2455 1285 2508 1332 et
2538 1277 2789 1332 eamdem
2823 1292 2944 1333 esse
2976 1279 3333 1332 sententiam.
3363 1277 3585 1332 Postre-

2010 1384 2101 1424 mo
2134 1367 2228 1423 ubi
2276 1368 2515 1438 negatio.
2563 1367 2845 1439 inquiunt,
2899 1369 2985 1423 vel
3019 1368 3350 1439 ambiguitas
3399 1369 3582 1422 locum

2010 1474 2121 1515 non
2155 1458 2342 1525 habet,
2365 1459 2662 1516 indicativo
2682 1475 2806 1514 cum
2833 1460 2879 1514 si
2907 1459 3295 1530 conjunctione
3319 1460 3581 1514 utendum

2008 1560 2112 1607 est.
2147 1551 2203 1606 ln
2228 1551 2333 1608 hoc
2358 1565 2513 1617 vero,
2543 1550 2614 1606 de
2645 1565 2756 1620 quo
2784 1551 3086 1621 loquimur,
3117 1551 3394 1621 Evangelii
3439 1552 3581 1617 loco,

2009 1644 2157 1699 nulla
2193 1643 2362 1706 habet
2412 1643 2596 1699 locum
2652 1641 3010 1712 ambiguitas.
3062 1642 3366 1697 ludicativo
3418 1643 3586 1714 igitur

2010 1731 2352 1802 adjungenda
2384 1733 2473 1788 illa
2505 1733 2840 1803 conjunctio,
2877 1741 2950 1796 et,
2993 1734 3038 1786 si
3084 1731 3223 1796 volo,
3269 1731 3581 1796 dicendum,

2009 1823 2155 1893 quod
2202 1823 2347 1878 idem
2381 1832 2467 1878 est
2497 1840 2560 1879 ae
2618 1824 2662 1878 si
2716 1823 3016 1888 diceretur,
3051 1824 3128 1877 sic
3154 1822 3310 1886 volo,-
3354 1823 3580 1888 idcirco,

2007 1915 2084 1968 sic
2128 1913 2248 1969 uolo
2289 1914 2342 1969 in
2390 1915 2690 1984 Evangelio
2731 1913 3050 1985 legendum.
3099 1913 3253 1980 Quod
3297 1929 3431 1969 vero
3471 1915 3585 1966 ha-e

2008 2004 2117 2061 duo
2130 2005 2278 2063 idem
2289 2005 2617 2078 signiﬁcent,
2638 2006 2952 2077 hujusmodi
2969 2007 3298 2062 conﬁrmant
3312 2006 3585 2074 exemplo.

2008 2098 2063 2156 Si
2107 2081 2232 2170 quis
2261 2100 2433 2166 enim,
2469 2099 2746 2171 inquiunt,
2787 2100 2952 2156 alicui
2984 2101 3040 2154 in
3071 2099 3160 2154 die
3186 2099 3415 2154 Veneris
3457 2114 3586 2152 ear-

2006 2207 2108 2248 nes
2154 2192 2340 2248 edenti
2400 2191 2472 2247 ita
2529 2193 2748 2259 dixerit,
2786 2193 2947 2249 Tune
2995 2193 3085 2248 die
3137 2193 3368 2248 Veneris
3389 2207 3586 2248 carnes

2007 2285 2253 2343 cdis‘tet
2283 2284 2375 2340 ille
2422 2285 2495 2341 ita
2539 2285 2890 2356 respondeat,
2941 2283 2998 2339 Si
3048 2285 3170 2347 edo,
3218 2283 3351 2352 quid
3387 2284 3453 2338 ad
3497 2285 3587 2339 te?

2006 2379 2264 2434 Proiecto
2297 2379 2345 2431 si
2372 2377 2466 2431 edo
2523 2377 2668 2432 idem
2721 2385 2806 2432 est
2853 2391 2918 2432 ac
2951 2375 2995 2431 si
3026 2377 3326 2440 diceretur,
3352 2377 3429 2428 sic
3463 2375 3582 2436 edo.

2006 2472 2090 2526 vel
2117 2473 2190 2525 ita
2221 2472 2336 2534 edo,
2357 2469 2488 2540 quid
2515 2469 2581 2522 ad
2617 2469 2708 2524 te?
2736 2467 3206 2534 Quemadmodum
3233 2467 3399 2536 igitur
3422 2467 3469 2520 si
3487 2469 3582 2520 edo

2009 2573 2066 2619 et
2099 2565 2174 2618 sic
2217 2565 2314 2617 edo
2348 2577 2519 2618 unum
2551 2569 2702 2626 sunt,
2744 2561 2818 2615 ita
2851 2561 3019 2616 etiam
3058 2561 3105 2615 si
3137 2558 3251 2613 volo
3281 2567 3338 2613 et
3361 2561 3437 2612 sic
3466 2557 3582 2612 colo

2009 2656 2150 2711 idem
2178 2671 2300 2711 esse
2326 2655 2611 2710 fatendum
2637 2661 2889 2708 censent.
2919 2652 3076 2719 Quod
3114 2651 3159 2706 si
3198 2651 3324 2721 quis
3357 2667 3579 2707 causam

2015 2748 2221 2818 ﬂagitet
2259 2763 2359 2802 cur
2389 2745 2737 2817 Evangelista
2783 2744 3006 2808 dixerit,
3037 2742 3104 2797 Et
3137 2760 3241 2798 non
3271 2744 3405 2798 dixit
3426 2743 3582 2798 lassis

2008 2843 2149 2912 quod
2180 2857 2284 2894 non
2334 2841 2584 2899 moritur,
2617 2838 2737 2903 sed,
2769 2837 2829 2893 Si
2871 2853 2995 2892 sum
3021 2835 3136 2892 volo
3176 2853 3412 2902 manere,
3439 2835 3580 2892 nihil

2007 2948 2134 2988 eum
2165 2933 2349 2988 dicere
2385 2938 2679 2986 asserunt:
2712 2930 2894 3000 primo
2922 2929 3072 2984 enim
3105 2943 3213 2982 non
3241 2927 3352 2982 vim
3378 2937 3435 2983 et
3453 2942 3582 2983 sen-

2010 3041 2131 3080 sum
2165 3024 2488 3091 verborum,
2524 3022 2622 3078 sed
2653 3021 2819 3077 verba
2848 3022 2964 3092 ipsa
2990 3021 3060 3076 ab
3087 3021 3442 3092 Evangelista
3472 3037 3576 3088 nco

333 3107 502 3162 tentia
535 3108 949 3165 subrertituret
991 3125 1090 3180 pro
1120 3113 1532 3182 conjunctione,
1565 3131 1687 3184 quae
1733 3116 1900 3172 dubia
1928 3136 1972 3195 ε
2005 3119 2143 3188 gari,
2201 3116 2400 3172 deinde
2430 3125 2489 3170 et
2533 3117 2609 3170 sic
2653 3115 2766 3170 uolo
2810 3113 3123 3186 signiﬁcare
3149 3118 3230 3169 sic
3268 3113 3403 3169 velle
3447 3128 3574 3168 eum

332 3207 440 3262 est,
466 3198 788 3254 adverbium
815 3199 1050 3256 ellieitur
1079 3200 1404 3258 afﬁrmandi.
1427 3203 1582 3270 Quod
1600 3220 1730 3261 vero
1747 3221 1903 3275 arque

331 3290 474 3344 bene
505 3291 730 3346 Latinus
762 3307 942 3348 sermo
973 3310 1032 3350 se
1062 3294 1280 3363 habeat,
1310 3297 1650 3368 argumentis
1674 3299 1903 3369 quibus-

332 3381 458 3436 dam
486 3383 666 3438 conati
697 3393 823 3438 sunt
853 3389 1172 3455 ostendere,
1207 3403 1327 3459 quae
1361 3390 1604 3446 breviter
1647 3391 1752 3446 hoc
1778 3393 1902 3448 loco

334 3475 623 3530 referenda
650 3477 1100 3548 existimavimus,
1131 3491 1188 3537 et
1225 3482 1292 3537 ad
1316 3485 1659 3553 ea'quantum
1685 3485 1904 3542 divinus

330 3565 488 3620 favor
521 3571 878 3634 concesserit,
909 3573 1374 3642 respondendum.
1424 3575 1610 3631 Primo
1658 3577 1806 3632 enim
1849 3579 1902 3632 id

327 3660 658 3716 auctoritate
689 3661 1005 3733 Hieronymi
1034 3675 1091 3719 et
1119 3665 1410 3737 Augustini
1446 3681 1502 3723 et
1534 3669 1767 3726 aliorum
1802 3670 1906 3726 La—

329 3750 568 3818 tinorum
601 3752 885 3808 doctorum
919 3755 1270 3836 conﬁrmant,
1305 3775 1443 3830 quos
1468 3776 1534 3817 eo
1561 3765 1619 3817 in
1646 3764 1764 3819 loco
1790 3781 1899 3818 non

321 3850 392 3913 si,
429 3847 522 3902 sed
546 3849 643 3914 sic,
669 3849 960 3920 scripsisse
992 3861 1048 3906 et
1078 3853 1151 3908 ita
1183 3869 1303 3908 eam
1339 3865 1544 3922 partem
1580 3861 1901 3928 exposuisse

325 3949 566 3996 Constat.
609 3941 721 3996 llos
749 3943 895 3997 enim
932 3959 1043 3998 non
1069 3953 1152 3999 est
1189 3947 1488 4003 verisimile
1527 3959 1583 4004 et
1614 3951 1898 4006 veritatem

324 4026 574 4093 latuisse,
605 4019 729 4102 'qui
777 4045 833 4090 et
877 4035 1240 4105 sapientiores
1292 4040 1454 4094 nobis
1499 4043 1656 4108 fuere
1687 4053 1742 4098 et
1790 4060 1898 4098 non

327 4122 494 4176 modo
516 4123 742 4189 Latinae,
789 4127 882 4182 sed
927 4129 1092 4184 etiam
1127 4129 1328 4188 Graios:
1372 4133 1570 4203 linguae
1603 4135 1898 4203 doctiores,

326 4214 549 4282 quando
571 4218 872 4286 praesertim
897 4228 1023 4274 ante
1042 4221 1285 4292 ipsorum
1310 4239 1530 4294 quoque
1554 4235 1767 4282 a‘tatetn
1789 4243 1898 4282 non

323 4309 393 4374 si,
428 4308 524 4362 sed
557 4311 632 4363 sic
662 4310 806 4378 apud
855 4311 1082 4367 Latinos
1129 4313 1392 4384 scriptum
1425 4315 1595 4371 fuisse
1649 4317 1901 4372 animad-

322 4400 580 4457 vertitur.
615 4401 740 4458 Post
776 4404 892 4460 llth
909 4417 1182 4473 asserunt,
1207 4406 1343 4461 nihil
1372 4408 1424 4461 in
1446 4423 1596 4461 sacra
1615 4408 1896 4480 Scriptura

2007 3225 2252 3275 manere,
2301 3209 2399 3266 sed
2430 3209 2672 3264 voluisse
2718 3207 2997 3264 Christum
3046 3206 3452 3277 reprehendere
3480 3206 3584 3260 Pe-

2013 3313 2182 3370 trum,
2206 3303 2379 3358 veluti
2415 3301 2905 3371 quaaritabundum
2932 3302 3000 3355 de
3029 3300 3118 3355 his
3149 3315 3274 3370 quae
3306 3299 3372 3353 ad
3397 3314 3458 3354 se
3480 3298 3583 3353 mi-

2007 3395 2159 3450 nime
2206 3393 2570 3465 pertinerent.
2606 3392 2960 3450 Concludunt
3002 3407 3136 3463 ergo
3169 3393 3429 3463 injuriam
3460 3379 3579 3446 ﬁeri

2007 3487 2324 3558 Evangelia,
2354 3487 2398 3541 si
2431 3486 2557 3557 quis
2588 3485 2736 3540 hunc
2768 3485 2950 3540 locum
2980 3491 3177 3547 mutet,
3204 3482 3582 3538 moriendum-

2007 3598 2113 3653 que
2144 3582 2328 3650 potius
2356 3594 2478 3636 esse
2507 3596 2670 3650 quam
2701 3580 2812 3634 tale
2851 3578 3060 3648 aliquid
3094 3578 3415 3633 tentandum
3438 3595 3453 3642 ;
3475 3591 3580 3632 nec

2008 3671 2210 3727 debere
2234 3685 2566 3740 quemquam
2607 3669 2947 3724 catholicum
2981 3667 3189 3738 putari,
3221 3669 3316 3736 qui
3357 3674 3576 3719 mutauv

2007 3765 2130 3820 dam
2169 3764 2314 3818 hanc
2357 3761 2640 3832 Evangelii
2692 3762 3078 3817 auctoritatem
3116 3759 3420 3823 existimet,
3453 3772 3581 3811 ceu-

2007 3855 2352 3924 sendumque
2387 3869 2511 3908 eum
2544 3854 2639 3922 qui
2669 3853 2722 3908 id
2756 3869 2927 3908 ausus
2958 3852 3147 3917 fuerit,
3178 3853 3346 3906 etiam
3392 3849 3582 3920 pejora

2004 3949 2279 4003 facturum
2312 3947 2501 4002 addita
2540 3947 2590 4000 ei
2625 3946 2956 3999 auctoritate
2980 3953 3145 4010 atque
3168 3943 3433 4012 potentia.

2075 4041 2200 4095 llaec
2229 4038 2450 4109 quidem
2474 4035 2588 4106 illi.
2632 4035 2740 4090 Nos
2760 4051 2892 4091 vero
2913 4037 2978 4090 ad
3013 4051 3077 4091 ea
3107 4036 3257 4090 hunc
3279 4036 3332 4090 in
3353 4034 3578 4088 modum

2005 4130 2436 4200 respondemus.
2484 4127 2719 4198 Oportet
2745 4127 2894 4182 enim
2925 4129 3020 4196 qui
3052 4127 3254 4196 aliquid
3287 4143 3354 4181 ex
3381 4142 3487 4179 una
3521 4128 3575 4180 in

2002 4223 2165 4276 aliaet
2201 4220 2459 4276 transfert
2487 4221 2750 4290 linguam,
2795 4228 2847 4274 et
2903 4201 3145 4288 linguam
3198 4219 3389 4286 ipsam-
3417 4232 3580 4270 nosse

2004 4331 2169 4384 quam
2209 4311 2494 4370 transfert.
2523 4319 2576 4364 et
2610 4311 2734 4379 ejus
2766 4325 2876 4362 non
2916 4310 3076 4361 modo
3118 4308 3404 4361 sentcntiae
3435 4306 3580 4359 veri-

2008 4417 2193 4468 tatem,
2225 4403 2320 4460 sed
2345 4404 2508 4458 etiam
2543 4403 2714 4456 verba
2749 4401 2817 4455 de
2837 4402 3024 4455 verbis
3055 4401 3389 4470 exprimere,
3412 4399 3576 4468 idque

325 4492 701 4550 innovandum
741 4513 882 4564 esse,
923 4500 1304 4570 praecipueque
1345 4501 1398 4553 iu
1455 4500 1766 4570 Evangelio,
1807 4504 1896 4558 ubi
1928 4470 1974 4526 θ
2009 4497 2312 4570 praasertim
2343 4497 2411 4552 .in
2450 4496 2624 4550 sacris
2653 4494 2879 4557 litteris,
2914 4493 3007 4547 ubi
3049 4509 3158 4558 non
3199 4490 3361 4545 modo
3409 4491 3576 4544 verba

323 4588 412 4641 vel
453 4605 619 4643 unum
655 4591 890 4660 apicem,
923 4601 1017 4646 aut
1050 4608 1218 4646 unum
1257 4593 1368 4649 iota
1405 4593 1696 4648 immutare.
1746 4596 1901 4650 nefas

323 4691 428 4734 est.
481 4681 710 4736 Daretur
741 4684 885 4737 enim
941 4685 1045 4738 hoc
1097 4685 1260 4740 modo
1307 4685 1538 4740 facultas
1591 4685 1901 4741 volentibus

329 4774 672 4842 Scripturam
715 4789 927 4829 sacram
957 4791 1335 4847 corrumpere,
1360 4778 1504 4844 quod
1538 4777 1689 4832 nullo
1736 4779 1899 4832 modo

328 4875 416 4918 est
457 4866 908 4934 permittendum.
938 4868 1074 4923 Cum
1114 4869 1280 4937 igitur
1307 4870 1451 4939 apud
1481 4868 1706 4925 Latinos
1722 4868 1897 4924 Evan-

327 4958 534 5028 gelium
567 4959 648 5014 sic
681 4959 898 5019 habeat.
928 4961 1102 5016 asseri
1133 4962 1294 5016 aliter
1318 4964 1591 5018 mutarive
1633 4963 1754 5018 sine
1786 4962 1898 5016 eri-

330 5052 478 5105 mine
528 5067 636 5106 non
690 5066 871 5122 posse.
903 5051 1169 5108 Praeterea
1235 5055 1282 5108 si
1331 5057 1772 5126 conjunctionem
1819 5055 1902 5109 in-

327 5139 530 5208 quiunt
591 5140 892 5209 aliquando
941 5140 1281 5206 allirmative,
1331 5157 1727 5212 nonnunquam
1769 5157 1902 5197 vero

330 5240 386 5286 et
407 5231 710 5287 dubitative
737 5231 940 5302 accipi,
973 5241 1026 5286 et
1063 5248 1185 5308 cum
1217 5234 1473 5302 prtesenti
1506 5235 1588 5288 vel
1619 5234 1900 5303 praeterito

331 5326 633 5380 indicativo
681 5327 1018 5398 adjungitur,
1052 5343 1174 5396 qua:
1214 5337 1458 5396 tempora
1499 5327 1737 5382 certiora
1769 5335 1903 5380 sunt

330 5429 385 5474 ct
411 5421 566 5490 quasi
599 5419 1017 5474 determinatam
1065 5434 1179 5473 rem
1228 5427 1521 5490 notamque
1569 5419 1900 5490 signiﬁcant,

333 5507 657 5564 aﬂirmative
686 5511 828 5580 capi,
859 5525 982 5564 cum
1024 5525 1154 5563 vero
1179 5510 1531 5581 subjunctivo
1564 5511 1900 5575 adnectitur,

331 5600 658 5660 dubitative.
686 5601 840 5666 Quod
873 5603 916 5656 si
971 5602 1154 5656 futuro
1179 5602 1456 5673 jungatur,
1504 5615 1632 5660 tunc
1676 5613 1902 5674 propter

409 5793 424 5823 ¹
459 5791 619 5850 Joau.
653 5808 759 5857 xxt,
788 5792 875 5859 22,
912 5791 1000 5854 23.

2010 4590 2126 4660 ipsa
2161 4587 2459 4652 custodiri,
2504 4587 2600 4641 sed
2634 4589 2769 4641 ordo
2799 4601 3020 4655 quoque
3045 4583 3364 4648 verborum,
3398 4582 3579 4652 quoad

2008 4683 2128 4754 ejus
2162 4679 2273 4734 fieri
2302 4687 2505 4750 potest,
2554 4676 2768 4732 servari
2800 4676 2984 4732 debet.
3031 4675 3311 4746 Siquidem
3340 4674 3394 4728 in
3423 4688 3580 4727 sacra

2011 4771 2299 4841 Scriptura
2337 4769 2503 4823 etiam
2531 4769 2667 4823 ordo
2701 4767 2817 4837 ipse
2852 4768 3170 4827 verborum,
3211 4775 3270 4820 ut
3319 4765 3583 4834 llierony-

2010 4879 2134 4919 mus
2161 4861 2224 4915 ad
2275 4861 2684 4916 Pammachium
2743 4862 2994 4914 scribens
3026 4859 3224 4928 inquit,
3255 4857 3574 4929 mysterium

2006 4968 2090 5014 est
2121 4975 2136 5024 ;
2193 4955 2564 5028 periculosum
2614 4963 2700 5010 est
2743 4955 2888 5009 cuitu
2924 4953 3128 5024 aliquid
3158 4954 3209 5006 in
3239 4967 3302 5006 ea
3339 4959 3575 5013 mutare,

2007 5050 2113 5106 nisi
2147 5048 2456 5119 proprietas
2484 5047 2704 5117 linguae,
2751 5047 2806 5100 in
2841 5061 3003 5116 quam
3034 5046 3091 5098 lit
3120 5043 3429 5109 translatio,
3452 5050 3576 5095 tan-

2009 5153 2118 5196 tam
2147 5141 2366 5196 interim
2395 5138 2797 5194 observantiam
2826 5153 2933 5192 nou
2973 5137 3240 5206 patiatur;
3275 5148 3404 5190 tunc
3427 5133 3577 5188 enim

2007 5233 2136 5288 licet
2165 5232 2512 5287 diversorum
2543 5229 2838 5285 verborum
2867 5228 3072 5281 ambitu
3115 5226 3366 5281 eamdem
3402 5223 3580 5278 fideli—

2010 5332 2092 5378 ter
2113 5330 2511 5392 repraesentare
2535 5320 2889 5374 sententiam.
2919 5317 3024 5372 Sed
3067 5317 3172 5370 hoc
3207 5315 3259 5370 in
3286 5313 3580 5385 praesentia

2005 5417 2188 5471 locum
2231 5431 2340 5470 non
2374 5417 2558 5469 habet.
2587 5415 2724 5468 Cum
2768 5413 2881 5466 hinc
2912 5413 2986 5465 ita
3029 5410 3158 5473 sint,
3193 5408 3324 5462 illud
3353 5419 3576 5477 quoque

2003 5509 2442 5565 animadvertere
2481 5505 2760 5568 convenit,
2814 5503 2958 5574 quod
3009 5505 3137 5558 licet
3186 5501 3574 5558 nonnullorum

2002 5601 2190 5673 opinio
2213 5601 2399 5666 fuerit,
2439 5604 2657 5655 beatum
2695 5596 2964 5654 Joannem
2998 5595 3397 5667 Evattgclistam
3431 5610 3572 5656 tton-
