3880 6220
1827 165 1857 194 κ

245 319 354 382 6ἓῖ

1205 325 1715 392 BESSARIONIS
1775 334 1837 394 S.
1871 336 1941 399 Β.
1983 335 2048 399 Ε.
2093 335 2555 396 CARDINALIS

2867 251 2978 260 —»..-—
2998 255 3033 261 υ

3405 335 3507 398 628

250 435 382 488 dum
409 434 519 488 vita
551 433 804 491 iunctura
833 451 976 505 esse,
1008 440 1105 510 sed
1139 443 1445 500 secundum
1476 447 1686 505 Cliristi
1727 450 1826 504 ad-
1850 453 1894 515 Α
1929 451 2279 507 traductione
2327 452 2603 507 catholica
2655 429 2841 505 utatur
2892 450 3158 506 Ecclesia.
3194 449 3364 519 Legat
3411 452 3503 520 qni

252 535 477 580 ventum
504 527 744 582 vivendo
771 529 1103 598 praestolari,
1134 548 1266 588 vera
1296 543 1478 593 tamen
1509 548 1826 597 sanctorum

253 617 543 673 doctorum
589 621 996 688 scntentia‘est,
1050 634 1330 682 mortuum
1361 644 1488 684 eum
1544 647 1687 697 esse,
1718 649 1828 688 non

257 719 441 765 tamen
479 727 578 780 per
610 713 954 783 martyrium,
995 730 1100 772 nec
1135 717 1457 777 inﬁrmitate
1501 723 1681 792 primo
1713 741 1831 779 ma-

243 815 518 867 ceratum,
553 804 640 864 vel
667 805 860 869 mortis
888 805 1081 863 dolore
1111 821 1168 864 et
1195 813 1449 882 angustia
1476 829 1828 886 Oppressum,

252 892 350 948 sed
399 909 495 946 sua
543 903 760 962 sponte,
794 894 925 949 dum
967 913 1137 958 sanus
1169 911 1337 968 esset,
1386 903 1456 959 ad
1491 907 1830 976 sepulcrum,

251 986 374 1055 ejus
401 985 654 1049 iussione
689 1003 787 1055 per
835 989 1136 1058 discipulos
1186 991 1419 1060 fessum,
1457 995 1830 1060 descendisse.

253 1075 519 1142 jacuisse,
559 1077 812 1146 spiritum
846 1079 1094 1137 Creatori
1128 1084 1442 1158 reddidisse
1471 1095 1527 1142 et
1550 1088 1618 1143 ad
1645 1101 1834 1158 patres

251 1169 558 1236 appositum
591 1169 783 1226 fuisse.
817 1172 1034 1242 Legant
1064 1179 1160 1245 qui
1195 1179 1393 1233 volunt
1434 1169 1832 1252 Hieronymum

259 1262 312 1312 in
343 1261 614 1330 Prniogis,
661 1273 772 1317 tum
814 1266 953 1336 ejus,
983 1265 1052 1320 de
1076 1283 1184 1337 quo
1217 1269 1518 1338 loquimur,
1545 1271 1832 1342 Evangelii

253 1354 503 1418 Joannis,
527 1367 643 1409 tum
680 1357 806 1412 libri
839 1361 1219 1434 Apocalypsis,
1251 1365 1410 1434 cujus
1429 1381 1494 1420 ea
1517 1368 1833 1421 suntverba

255 1462 377 1510 ιδῃ-ε
433 1448 598 1501 modo
640 1450 950 1506 retulimus.
995 1452 1202 1524 Legant
1252 1455 1622 1526 Augustinum
1668 1474 1836 1528 super

255 1537 467 1594 Joanne
501 1542 592 1596 ubi
622 1541 689 1595 de
721 1543 825 1597 hac
853 1546 1162 1614 quaestione
1193 1548 1396 1617 agitur.
1428 1549 1638 1620 Legaut
1662 1549 1836 1622 Chry-

259 1640 563 1684 sostmuum
593 1633 645 1687 in
683 1635 870 1690 multis
903 1637 1064 1702 locis,
1100 1647 1442 1710 raeterosque
1499 1642 1837 1714 quampluri-

260 1737 377 1774 uios
426 1734 482 1777 et
524 1739 649 1778 cum
702 1734 779 1780 tot
825 1729 1102 1799 tantisque
1159 1730 1482 1787 doctoribus
1526 1733 1670 1788 idem
1733 1735 1836 1805 ipsi

261 1827 481 1880 quoque
504 1815 742 1870 sentiant
781 1817 866 1885 (ut
891 1817 970 1873 fas
998 1819 1127 1889 est).
1157 1821 1292 1876 Nam
1328 1823 1433 1878 etsi
1465 1824 1635 1895 aliqui
1663 1841 1729 1881 ex
1752 1803 1837 1880 re-
1869 1803 1912 1863 Β

259 1904 422 1956 (ιριιιίι
447 1905 602 1960 ribus
623 1907 784 1962 aliter
812 1911 1108 1977 senserint,
1151 1914 1399 1969 nonnulli
1429 1924 1612 1971 tamen
1642 1933 1707 1972 ex
1734 1918 1835 1983 eis,

259 2008 315 2049 et
347 1998 380 2049 ii
409 1999 632 2066 quidem
668 2002 817 2056 inter
846 2002 972 2057 illos
994 2004 1272 2061 doctiores
1301 2006 1500 2074 habiti,
1522 2008 1632 2064 illis
1651 2020 1840 2080 aperte

267 2090 680 2154 contradicunt,
734 2107 928 2148 eorum
961 2110 1102 2165 quos
1121 2095 1369 2153 diximus
1400 2098 1689 2154 doctorum
1716 2117 1840 2158 sen-

267 2180 492 2234 tentiam
521 2186 836 2251 probantes,
868 2196 924 2241 et
955 2197 1224 2258 quantum
1262 2189 1320 2244 in
1349 2191 1432 2246 eis
1455 2199 1565 2262 est,
1599 2193 1667 2247 de
1698 2208 1840 2250 novo

261 2273 586 2340 txcugitntis
635 2276 950 2332 rationibus
982 2282 1431 2358 corroborantes,
1465 2284 1605 2340 adeo
1629 2296 1690 2341 ut
1727 2287 1841 2344 hate

261 2375 578 2421 sanctorum
609 2367 678 2422 de
705 2378 878 2425 morte
902 2372 1136 2431 Joannis
1162 2376 1353 2445 opinio
1395 2388 1489 2433 aut
1515 2383 1838 2438 necessaria

261 2455 330 2507 sit
373 2468 428 2509 et
473 2460 624 2513 omni
679 2461 1027 2520 dubitatione
1077 2481 1295 2534 carens,
1348 2479 1444 2524 aut
1475 2471 1520 2526 si
1548 2471 1714 2528 dubia
1746 2473 1840 2538 sit,

263 2548 405 2615 apud
438 2550 800 2618 paucissimos
824 2555 897 2610 sit
922 2556 1113 2624 dubia,
1158 2560 1305 2630 quod
1334 2571 1390 2618 et
1431 2564 1578 2630 pium
1634 2580 1743 2620 non
1772 2567 1843 2620 sit

262 2641 538 2698 duiitare.
568 2643 775 2702 Tamen
809 2649 1280 2721 utdisputationis
1311 2657 1486 2726 gratia
1526 2659 1577 2712 in
1597 2675 1845 2728 przeseu-

267 2734 339 2786 tia
390 2738 745 2805 concedatur,
786 2741 916 2798 illud
964 2754 1114 2800 certe
1159 2747 1510 2804 manifestum
1552 2761 1657 2814 est,
1700 2769 1842 2807 mor-

269 2836 422 2879 tuum
453 2841 575 2884 esse
597 2829 889 2900 Joannem,
933 2836 1061 2905 plus
1107 2838 1244 2893 certi
1276 2840 1480 2896 habere
1528 2859 1692 2912 quam
1722 2861 1844 2899 am-

267 2918 415 2989 bigui
454 2936 468 2974 :
501 2921 684 2978 vivere
721 2939 873 2992 vero,
921 2928 1058 2982 certi
1111 2930 1406 2997 nihil,'sed
1441 2935 1688 3006 ambigui
1726 2939 1845 3008 plu-

270 3013 494 3078 rimum,
535 3013 660 3072 cum
689 3017 873 3072 nullus
901 3033 965 3073 ex
992 3019 1188 3090 priscis
1219 3024 1481 3082 Patribus
1528 3030 1846 3100 sanctisque

1931 536 2049 599 vdit
2098 546 2217 617 ejus
2258 546 2326 601 ad
2374 544 2784 602 Pammacltium
2813 545 2876 598 de
2898 546 3096 614 Optimo
3124 559 3310 616 genere
3343 544 3508 596 inter-

1933 635 2180 704 pretandi
2205 635 2487 706 epistolas,
2520 634 2584 688 ad
2620 631 2934 688 Marcellum
2967 640 3150 685 contra
3187 630 3511 683 detractare:

1933 743 2077 792 suos,
2121 725 2188 779 ad
2231 725 2450 780 beatum
2492 724 2860 795 Augustinum
2909 722 3346 793 quamplurimas
3389 720 3514 790 ejus

1934 814 2304 879 defensiones,
2359 823 2414 869 et
2445 813 2519 867 ita
2553 827 2673 867 esse
2720 805 3011 882 intelliget.
3065 807 3209 876 Quid
3257 822 3392 862 vero
3444 807 3522 886 ad;

1937 907 2227 960 Damasum
2264 904 2580 974 pontificem
2629 904 2932 958 Romanum
2983 901 3040 956 in
3064 900 3385 972 praefatione
3427 915 3516 954 su-

1936 1011 2035 1066 per
2065 994 2380 1049 Matthreum
2408 995 2633 1056 scribat,
2666 993 2712 1047 si
2747 980 2903 1057 libet,
2934 992 3241 1047 videamus.
3273 990 3513 1054 Novum,

1938 1088 2136 1163 inquit,
2161 1101 2300 1161 opus
2319 1103 2403 1141 me
2425 1086 2607 1141 facere
2634 1084 2782 1154 cogis
2799 1097 2865 1138 ex
2887 1084 3080 1147 veteri,
3102 1094 3159 1138 et
3186 1092 3310 1154 post
3327 1097 3515 1137 exem-

1939 1177 2108 1246 plaria
2155 1175 2570 1252 Scripturarnm
2603 1187 2717 1230 tcto
2760 1176 2895 1231 orbe
2928 1174 3152 1235 dill'usa,
3199 1172 3357 1242 quasi
3389 1172 3514 1240 qui-

1939 1270 2063 1323 dam
2102 1270 2312 1324 arbiter
2339 1269 2582 1332 sedeam,
2614 1280 2670 1325 et
2701 1270 2830 1339 quia
2857 1269 3003 1322 inter
3035 1283 3093 1322 se
3128 1265 3361 1329 variant,
3393 1281 3512 1332 qua:

1940 1369 2068 1415 sunt
2096 1360 2186 1415 illa
2218 1376 2337 1430 quae
2363 1375 2486 1414 cum
2515 1360 2702 1415 Graeca
2736 1361 3102 1426 consentiant,
3132 1359 3365 1416 veritate
3395 1357 3508 1411 (iis-

1941 1465 2182 1506 cernam.
2216 1452 2257 1506 E
2314 1452 2518 1526 quibus
2547 1451 2803 1506 omnibus
2833 1452 2954 1506 luce
2998 1451 3204 1506 clarius
3266 1457 3532 1539 apparet,

1943 1541 2200 1606 liceatne,
2234 1551 2289 1596 et
2323 1542 2474 1610 pium
2520 1557 2588 1596 an
2648 1542 2802 1597 nefas
2833 1543 2902 1596 sit
2937 1557 3146 1602 sacram
3175 1539 3516 1609 Scripturam

1941 1650 2008 1688 ex
2037 1635 2141 1689 alia
2174 1635 2493 1690 translatam
2524 1635 2708 1706 lingua
2733 1636 2799 1690 ad
2822 1635 3104 1706 originalis
3132 1634 3353 1703 linguae,
3377 1633 3521 1688 uade

1945 1724 2193 1780 traducta
2227 1735 2334 1786 est.
2375 1726 2662 1781 veritatem
2696 1726 2981 1782 reducere.
3026 1725 3156 1781 Post
3179 1725 3294 1779 hinc
3317 1740 3524 1778 mentu-

1942 1815 2022 1870 ria
2063 1818 2358 1887 repetenda
2381 1828 2541 1882 sunt,
2595 1834 2715 1894 quae
2758 1819 2932 1874 sancti
2985 1821 3239 1879 doctores
3293 1817 3360 1871 de
3403 1834 3525 1887 pro-

1943 1906 2110 1963 fundo
2143 1894 2541 1980 multiplicique
2563 1890 2839 1966 sacrarunt
2868 1911 3274 1980 Scripturarunt
3311 1910 3527 1964 intelle-

1943 2009 2034 2055 ctu
2060 2001 2588 2073 edixerint,-quanta
2615 2003 2682 2058 de
2717 2003 2864 2056 varia
2884 2003 3128 2082 ejusdem
3150 2001 3280 2056 dictl
3309 2000 3528 2072 exposi-

1947 2093 2094 2147 tione
2111 2097 2224 2147 non
2243 2095 2403 2147 modo
2427 2096 2696 2159 sentiunt,
2722 2110 2916 2148 verum
2935 2095 3098 2149 etiam
3129 2093 3522 2164 prasel’erunt,

1942 2192 2283 2252 exponentes
2323 2199 2420 2238 eas
2451 2183 2857 2255 multiplicibus
2887 2185 3168 2260 variisque
3211 2184 3528 2238 sententiis.

1949 2273 2088 2353 Hine
2113 2285 2197 2330 est
2223 2274 2371 2345 quod
2411 2287 2658 2330 sanctam
2703 2276 3050 2347 Scripturam
3091 2276 3532 2346 profundissimo

1945 2377 2266 2434 comparant
2299 2370 2508 2439 pelago,
2537 2385 2600 2423 ex
2628 2369 3160 2440 quoquautumlibet
3187 2385 3341 2438 aqua:
3381 2367 3526 2422 bau-

1947 2457 2077 2517 rias,
2109 2455 2231 2528 plus
2265 2464 2447 2514 tamen
2464 2473 2675 2529 semper
2712 2470 2799 2517 est
2827 2461 2972 2530 quod
3002 2471 3281 2539 superest,
3313 2459 3528 2515 Idcirco

1946 2562 2067 2601 eam
2101 2559 2359 2603 asserunt
2386 2549 2578 2619 plures
2609 2551 2972 2626 diversasque
3005 2551 3384 2621 expositiones
3404 2566 3533 2605 sus-

1946 2641 2154 2710 cipere,
2188 2656 2380 2698 omnes
2421 2651 2599 2699 tamen
2630 2661 2811 2701 veras.
2839 2645 2953 2700 Hoc
2984 2653 3164 2703 autem
3195 2643 3332 2698 adeo
3361 2643 3536 2714 pleri-

1948 2747 2055 2802 que
2093 2749 2284 2791 omnes
2313 2735 2588 2791 afﬁrmant
2617 2737 2875 2793 Ecclesiae
2925 2739 3204 2802 doctores,
3236 2748 3296 2792 ut
3331 2753 3535 2806 super—

1950 2837 2246 2879 vacaneum
2267 2825 2424 2881 sit‘ad
2449 2827 2500 2881 id
2527 2827 2867 2896 probandum
2895 2840 3060 2884 testes
3078 2829 3374 2890 adducere.
3393 2844 3537 2900 prae-

1950 2914 2137 2969 sertim
2179 2916 2430 2972 brevitati
2476 2919 2849 2976 studentibus.
2893 2923 3175 2978 Postremo
3200 2921 3330 2978 illud
3350 2923 3542 2980 scien-

1951 3006 2080 3060 dum
2112 3018 2222 3070 est,
2241 3011 2574 3081 exemplaria
2603 3012 2781 3067 tribus
2812 3013 2988 3069 modis
3009 3015 3301 3084 depravari
3325 3014 3531 3082 solere,

270 3105 592 3161 doctoribus
612 3107 663 3162 id
686 3107 934 3166 allirmet.
955 3112 1244 3170 Neminem
1270 3129 1531 3187 praeterea
1558 3121 1730 3176 latere
1753 3124 1847 3178 de-

1953 3105 2316 3172 appositione,
2359 3115 2456 3160 aut
2493 3109 2947 3175 commutatione,
2991 3120 3090 3168 aut
3130 3110 3532 3167 subtractione.

271 3195 384 3260 hci,
419 3210 610 3252 saeros
639 3197 812 3253 libros
856 3201 1067 3257 Veteris
1099 3203 1348 3276 Novique
1398 3208 1734 3266 Testamenti
1782 3214 1847 3268 ab

1956 3197 2309 3265 Appositione
2358 3199 2602 3269 quidem,
2631 3216 2755 3261 cum
2811 3218 2908 3272 pro
2953 3204 3187 3258 arbitrio
3236 3213 3426 3262 nostro
3476 3205 3534 3262 id

273 3287 408 3355 ipsis
441 3289 704 3348 Ecclesia
736 3294 1015 3350 nascentis
1044 3296 1288 3353 exordiis
1309 3300 1454 3369 apud
1489 3301 1713 3358 Latinos
1738 3313 1848 3359 tum

273 3395 336 3435 ex
365 3380 594 3437 Hebraeo
619 3391 679 3438 ut
707 3394 944 3456 veteres,
975 3395 1090 3442 tum
1115 3404 1145 3444 e
1177 3387 1390 3454 Graeco,
1425 3401 1484 3446 ut
1510 3403 1565 3446 ct
1598 3410 1775 3449 novos
1797 3405 1852 3450 et

274 3481 514 3537 veteres,
548 3490 647 3544 per
670 3477 1031 3548 Septuaginta
1067 3481 1406 3552 Interpretes
1454 3485 1636 3541 editos
1683 3486 1854 3543 fuisse

267 3565 438 3636 longe
473 3577 601 3622 ante
635 3568 1032 3641 Hieronymum
1056 3581 1326 3645 tempore,
1363 3580 1626 3634 trecentis
1646 3581 1856 3637 scilicet

268 3667 331 3712 et
365 3659 603 3728 amplius
629 3662 811 3728 annis,
837 3677 943 3733 qua
971 3665 1216 3721 editione
1238 3678 1426 3724 sancta
1457 3670 1648 3727 Latlna
1673 3674 1856 3728 Eccle-

277 3750 358 3806 sia
395 3760 525 3807 tunc
557 3753 836 3819 utebatur,
867 3769 1098 3825 eamque
1127 3766 1342 3814 veteres
1379 3763 1712 3818 sanctissimi
1759 3765 1857 3819 dn-

271 3857 479 3911 etr-res,
501 3843 830 3915 Cyprianus,
851 3846 1116 3914 Hilarius,
1131 3849 1498 3920 Augustinus,
1525 3851 1857 3928 Hieronymo

280 3945 612 4002 ('oaalaneus,
657 3938 770 3994 imo
797 3955 931 3995 vero
969 3940 1067 3996 illo
1108 3943 1388 4028 sene.ipse
1419 3947 1662 4017 juvenis,
1690 3963 1860 4018 eapo-

217 4042 219 4045 '
276 4043 470 4084 suere.
509 4029 714 4086 Multos
735 4042 1001 4102 praterea
1024 4033 1197 4090 fuisse
1225 4051 1514 4092 sacrarum
1549 4040 1857 4094 litterarum

277 4138 310 4177 e
332 4123 520 4180 Graeco
551 4128 606 4180 in
641 4126 901 4184 Latinum
931 4130 1287 4200 interpretes,
1329 4142 1564 4188 testatur
1593 4138 1860 4207 Augusti-

280 4233 386 4272 nus
425 4219 478 4273 in
522 4220 687 4276 tertio
735 4221 810 4275 De
843 4223 1087 4277 doctrina
1129 4224 1437 4280 Christiana
1480 4227 1644 4293 libro,
1673 4229 1746 4284 ita
1779 4233 1860 4284 in-

279 4326 458 4378 quens
489 4327 506 4367 :
537 4312 640 4378 Qui
671 4319 820 4368 enim
856 4313 1201 4386 Scripturam
1247 4335 1312 4372 ex
1358 4317 1586 4376 Hebraea
1631 4322 1684 4375 in
1714 4322 1860 4377 Lati~

282 4417 409 4455 nam
467 4415 758 4459 verterunt.
803 4406 1070 4479 linguam,
1113 4412 1394 4466 numerari
1449 4422 1711 4480 possunt;
1765 4415 1859 4483 qui

280 4505 463 4549 autem
496 4511 525 4550 e
552 4497 741 4552 Crteca
772 4499 1121 4570 interpretati
1150 4512 1299 4567 sunt,
1326 4503 1476 4558 nullo
1497 4505 1682 4560 modo.
1708 4505 1860 4562 Hauc

282 4596 495 4642 tantum
553 4588 890 4661 Scripturam
942 4595 1115 4647 multo
1150 4604 1272 4664 post
1300 4605 1550 4666 tempore
1601 4612 1864 4666 superve-

280 4676 444 4732 niens
472 4678 858 4751 Hieronymus.
897 4683 1146 4752 egregius
1176 4684 1383 4748 doctor,
1410 4685 1594 4740 denuo
1622 4697 1860 4746 veterem

278 4783 350 4821 ,εχ
383 4765 630 4836 Hebraeo,
667 4786 862 4825 novam
896 4788 926 4827 e
950 4771 1146 4827 Graeco
1175 4772 1324 4827 fonte
1365 4775 1636 4842 traduxit;
1675 4778 1862 4846 quain

284 4877 348 4917 re
381 4861 480 4916 etsi
527 4862 713 4917 multis
747 4864 988 4932 praebuit
1016 4865 1252 4919 latrandi
1291 4874 1488 4920 contra
1516 4883 1575 4921 se
1615 4882 1862 4933 causam,

288 4955 458 5008 multa
491 4965 671 5010 tamen
714 4956 876 5010 aliter
915 4971 1076 5024 quam
1108 4956 1254 5010 edita
1276 4971 1306 5011 a
1335 4953 1616 5026 prioribus
1638 4959 1862 5017 fuerant

281 5047 538 5114 dictavit,
575 5058 652 5116 et,
692 5058 751 5104 ut
784 5051 901 5122 ipse
954 5049 1112 5114 dicit,
1158 5050 1479 5106 emendavit
1528 5061 1696 5122 atque
1742 5068 1865 5108 cor-

284 5141 452 5206 rexit,
478 5158 580 5199 nec
609 5154 835 5200 caeteras
863 5145 1038 5199 solum
1068 5143 1365 5215 Scriptura:
1394 5156 1600 5212 partes,
1623 5146 1718 5201 sed
1749 5146 1864 5215 ipsa

283 5251 512 5306 quoque
553 5237 875 5309 Evangelia.
922 5237 1050 5293 Haec
1079 5238 1225 5292 enim
1257 5246 1386 5292 sunt
1421 5238 1542 5308 ejus
1567 5239 1733 5293 verba
1765 5238 1864 5292 ad-

291 5346 486 5386 versus
516 5330 855 5386 detractores
889 5346 1043 5397 suos,
1075 5346 1199 5400 qua:
1235 5331 1396 5384 modo
1430 5330 1741 5386 retulimus.
1790 5329 1864 5384 lta

290 5435 474 5482 tamen
501 5425 732 5498 probata
762 5426 830 5481 ab
857 5426 1118 5482 omnibus
1149 5425 1270 5497 ejus
1311 5424 1605 5479 translatio
1646 5424 1770 5488 fuit,
1807 5433 1867 5478 ut

292 5520 546 5589 antiqua,
579 5520 688 5585 vel,
720 5531 776 5574 ut
827 5519 1014 5574 verius
1044 5520 1246 5582 dicam,
1297 5528 1374 5572 tot
1413 5517 1655 5584 antiquis
1697 5512 1864 5570 inter-

292 5611 701 5679 prolationibus
729 5611 1084 5677 oblitteratis,
1135 5608 1562 5679 llicronymiana
1601 5607 1866 5660 duntaxat

283 5769 292 5777 ⁸
376 5796 474 5849 'll
526 5795 745 5864 Reg.v,
813 5798 893 5849 ιυ.
974 5795 990 5824 ¹
1050 5795 1182 5851 Gcn.
1231 5791 1496 5857 χχιχ,

1578 5791 1595 5821 ³
1630 5788 1803 5846 Exod.
1846 5805 1936 5854 xx,
1983 5787 2063 5841 l8.

1953 3289 2210 3358 supplere
2240 3291 2496 3346 volumus
2522 3292 2575 3346 in
2602 3291 2927 3364 Scripturis,
2969 3298 3114 3368 quod
3144 3295 3533 3369 imperfectum

1960 3394 2025 3435 ac
2050 3382 2232 3436 minus
2261 3386 2555 3438 continens
2584 3379 2986 3450 existimamus,
3014 3389 3158 3444 sicut
3183 3398 3268 3443 est
3307 3390 3360 3442 in
3388 3390 3539 3446 libro

1956 3471 2189 3542 Regum,
2237 3473 2331 3528 ubi
2381 3490 2506 3530 cum
2536 3485 2802 3557 tractatur
2850 3478 2919 3534 de
2947 3483 3186 3536 secunda
3236 3483 3540 3539 diil‘ttsione

1957 3561 2367 3620 Philistiuorum
2407 3567 2460 3621 in
2497 3569 2637 3623 valle
2670 3569 2961 3646 Raphaim,
3010 3573 3245 3631 infertur
3286 3591 3302 3629 :
3333 3577 3542 3634 Consu-

1960 3655 2061 3708 luit
2091 3666 2270 3711 autent
2301 3657 2472 3712 David
2505 3659 2817 3729 Dominum,
2854 3674 2909 3717 et
2939 3665 2992 3719 in
3025 3651 3354 3736 quibusdam
3386 3687 3539 3726 men-

1960 3748 2108 3802 dosis
2134 3749 2417 3805 codicibus
2441 3754 2685 3807 additum
2720 3757 3020 3824 reperitur,
3052 3757 3109 3812 Si
3138 3763 3424 3815 ascendam
3462 3765 3540 3817 ιυι

1967 3839 2290 3908 I‘Itiiistium,
2334 3851 2384 3896 ct
2439 3846 2590 3898 dabis
2645 3862 2731 3900 cos
2763 3849 2816 3901 in
2857 3866 3019 3902 manu
3065 3867 3181 3906 mea
3211 3853 3254 3920 ⁸,,
3286 3854 3436 3922 quod
3483 3859 3541 3911 in

1962 3924 2195 3988 Hebrum
2241 3936 2390 3992 fume
2428 3954 2536 3992 non
2568 3940 2864 4009 reperitur,
2903 3941 3057 4010 juxta
3093 3959 3288 3999 eorum
3318 3957 3546 4006 senten-

1967 4027 2120 4088 tiam,
2154 4029 2246 4097 qui
2290 4044 2409 4083 eam
2460 4031 2699 4100 linguam
2731 4034 2981 4101 apprime
3011 4035 3231 4091 callent.
3275 4037 3379 4093 Sed
3410 4041 3543 4110 quia

1964 4121 2018 4175 in
2054 4122 2229 4192 printa
2261 4123 2686 4180 Philistinorum
2720 4126 3014 4182 dili’usionc
3043 4129 3265 4200 legitur,
3295 4132 3384 4188 ltic
3402 4151 3543 4202 quo-

1964 4231 2070 4284 que
2109 4218 2355 4271 nonnulli
2391 4220 2621 4274 censere
2647 4219 2962 4274 debuerunt
2985 4223 3365 4290 repetendum.
3393 4225 3459 4283 At
3485 4229 3544 4284 iu

1961 4311 2162 4368 Genesi
2195 4327 2261 4367 eo
2290 4315 2344 4368 in
2390 4314 2531 4380 loco,
2569 4314 2660 4367 tibi
2705 4314 2912 4368 dicitur
2943 4333 2955 4368 :
2987 4316 3174 4376 Nonne
3211 4337 3306 4389 pro
3350 4320 3551 4382 Rachel

1964 4401 2153 4456 servivi
2184 4403 2274 4456 tibi
2296 4403 2322 4456 ?
2343 4421 2508 4472 quare
2537 4405 2838 4473 imposuisti
2872 4407 2998 4458 milii
3017 4407 3077 4460 ’ἲ
3103 4410 3328 4478 quidam
3355 4428 3552 4482 super-

1896 4489 1936 4542 D
1963 4494 2075 4549 tino
2106 4494 2318 4549 addunt
2349 4497 2521 4551 Liam.
2553 4497 2997 4552 Commutatione
3036 4515 3188 4567 vero,
3217 4516 3343 4554 cum
3385 4505 3554 4574 sylia.

1970 4585 2163 4638 barum
2212 4597 2308 4639 aut
2353 4587 2590 4655 partium
2639 4587 3002 4643 similitudine
3051 4589 3138 4643 vel
3185 4590 3550 4663 ambiguitate

1966 4677 2214 4748 decepti,
2242 4694 2389 4734 nunc
2433 4676 2778 4733 detrahendo
2809 4678 3040 4748 aliquid.
3093 4695 3240 4735 nunc
3267 4681 3549 4751 addendo,

1970 4771 2247 4825 interdum
2287 4769 2674 4824 autmutando
2697 4770 2764 4823 ad
2801 4770 2974 4824 nostri
3011 4769 3233 4827 arbitrii
3269 4773 3553 4844 conjectu-

1969 4877 2108 4923 ram,
2151 4870 2335 4931 partes
2371 4877 2470 4932 pro
2501 4862 2750 4932 partibus
2776 4863 3074 4926 variamus,
3113 4873 3169 4916 ut
3205 4864 3259 4917 in
3310 4863 3497 4919 Exodo
3532 4883 3547 4920 :

1968 4954 2205 5010 Cunctas
2231 4965 2404 5007 autem
2444 4954 2671 5023 populus
2716 4954 2923 5007 videbat
2956 4970 3100 5007 voces
3132 4955 3172 5022 ',
3206 4970 3304 5025 pro
3341 4957 3553 5010 videbat

1969 5047 2223 5118 plerique
2247 5048 2492 5102 audiebat
2528 5049 2802 5116 scripsere
2826 5061 2894 5100 eo
2926 5048 3070 5116 quod
3098 5064 3203 5102 vox
3235 5050 3418 5105 audiri
3451 5066 3551 5124 po-

1971 5144 2081 5198 tius
2112 5145 2283 5198 soleat
2306 5157 2467 5213 quam
2498 5141 2694 5195 videri.
2731 5142 2797 5196 Et
2838 5141 2889 5195 in
2920 5141 3144 5207 Genesi,
3187 5142 3319 5197 Cum
3355 5147 3551 5215 Joseplt

1973 5237 2247 5289 duodecim
2277 5243 2409 5290 esset
2442 5250 2709 5288 annorum
2738 5233 2760 5264 ⁸
2792 5249 2889 5303 pro
2929 5236 3108 5287 decem
3149 5245 3201 5288 ct
3229 5246 3450 5308 septem.
3481 5239 3553 5295 Et

1974 5327 2028 5380 in
2062 5325 2571 5380 Lamentationibus
2587 5323 2839 5378 .ieremia:
2867 5339 2966 5394 pro
2981 5327 3209 5380 vastatio
3231 5335 3281 5379 et
3304 5331 3550 5410 contritio

1977 5419 2288 5473 vaticinatio
2323 5427 2371 5470 et
2396 5417 2663 5470 contritio.
2710 5414 2774 5471 Et
2801 5415 2852 5469 in
2887 5416 3054 5472 Amos
3075 5423 3345 5488 propheta
3377 5431 3553 5476 tonso-

1976 5529 2084 5565 rem
2116 5510 2306 5580 gregis.
2343 5525 2440 5578 Pro
2469 5517 2688 5563 tonsura
2723 5509 2878 5578 regis.
2922 5506 3311 5567 Subtractionc
3342 5523 3548 5578 autem,

1977 5621 2099 5662 cum
2120 5605 2186 5659 de
2211 5603 2491 5672 Scriptura
2514 5601 2763 5658 minuere
2785 5601 2988 5672 aliquid
3007 5603 3414 5673 praesumimus,
3434 5607 3553 5660 sine

2144 5785 2158 5818 ‘
2195 5787 2330 5844 Gen.
2367 5801 2570 5852 xxxv“,
2599 5786 2652 5840 2.
