3880 6220
219 316 321 391 629

1031 320 1115 383 ΙΝ
1150 321 1414 397 ILLUD,
1450 336 1467 368 ι
1517 322 1589 382 Si
1627 323 1790 384 EUM
1833 322 2028 384 νοω
2061 320 2403 392 MANERE,
2446 336 2463 368 ι
2504 319 2663 381 ETC.

3369 316 3487 383 630

221 444 329 498 quo
356 426 558 497 plenus
588 425 957 483 nihilominus
983 428 1237 495 redditur
1262 428 1597 492 intellectus,
1630 438 1691 484 ut
1712 439 1799 484 est
1824 432 1883 499 Α⁵
1902 432 2147 493 vitiatam
2184 440 2347 503 atque
2378 430 2696 489 mendosam
2722 446 2738 496 ;
2772 442 3023 503 opusque
3053 440 3176 482 esse
3208 436 3271 483 ut
3299 425 3349 487 is
3369 440 3467 504 qut

222 520 355 576 illud
392 519 446 574 in
473 519 764 576 Ezechiele
808 521 918 576 :Et
949 522 1084 576 dixit
1128 522 1201 575 ad
1229 523 1419 590 cirum,
1458 522 1552 593 qui
1591 511 1818 585 indutus.

218 621 334 666 erat
365 611 519 666 lineis
551 622 601 666 et
634 613 715 666 ait
745 614 791 679 ‘,
826 613 928 669 hoc
961 611 1107 691 quod
1148 612 1344 667 ultimo
1373 613 1617 682 ponitur,
1652 613 1801 673 acilio

223 714 327 768 cet,
353 714 405 758 et
432 706 529 771 ait,
566 704 613 759 si
672 704 795 773 quis
818 716 1179 774 praesumeret
1211 703 1547 770 diminuere,
1594 704 1807 759 intelle-

223 795 336 851 ctui
384 790 703 852 nullatenus
736 795 1048 866 derogaret.
1112 796 1177 850 Et
1227 797 1281 851 in
1334 796 1651 860 Zacharia:
1690 795 1806 865 Ipse

223 887 499 957 (ediﬁcabit
520 888 771 958 tentplum
790 887 1011 942 Domino
1029 896 1079 949 et
1101 896 1332 943 exstruat
1352 887 1600 958 templum
1624 887 1807 943 Domi-

221 982 341 1046 ua’,
364 980 511 1057 quod
538 989 815 1051 postremo
838 982 1060 1053 ponitur
1081 991 1132 1037 et
1157 991 1389 1036 exstrue!
1418 981 1673 1057 templum
1698 981 1805 1036 Do-

224 1072 365 1127 mino
383 1071 451 1126 de
483 1073 674 1129 multis
698 1072 1099 1143 exemplaribus
1122 1071 1425 1128 detractum
1450 1081 1554 1128 est.
1584 1071 1739 1139 Quod
1761 1071 1806 1127 si

223 1165 345 1235 quis
374 1162 440 1218 de
472 1163 560 1218 bis
580 1164 737 1233 plura
764 1163 1039 1218 desiderat
1058 1164 1366 1219 testimonia
1381 1163 1616 1217 cllatius
1647 1177 1808 1217 nosse

224 1258 362 1311 hanc
392 1271 503 1311 rem
530 1256 703 1326 cupit,
731 1255 1016 1312 Nicolaum
1045 1257 1188 1328 legat
1218 1255 1354 1312 tituli
1385 1252 1600 1311 Damasi
1625 1255 1807 1319 diaco-

222 1363 353 1402 num
383 1360 439 1403 et
464 1347 813 1411 bibliothecas
842 1346 1272 1419 suil'raganenm,
1297 1348 1496 1411 virum,
1540 1356 1806 1417 quantum

223 1440 522 1513 intelligere
544 1438 697 1502 licet.
716 1429 998 1497 Hebraicaé
1028 1440 1231 1510 lingua:
1254 1439 1673 1511 peritissimum,
1691 1438 1807 1508 qui,

222 1529 375 1586 Lucii
410 1533 637 1588 secundi
686 1530 923 1588 Romani
971 1530 1252 1604 pontillcis
1299 1541 1565 1605 tempore,
1608 1533 1672 1586 ad
1703 1529 1811 1586 Pe~

224 1634 368 1677 trum
400 1623 638 1680 basilicae
675 1624 861 1681 Sancti
895 1625 1043 1681 Petri
1076 1626 1407 1682 canonicum
1442 1626 1718 1689 scribens,
1742 1623 1811 1690 de

222 1723 428 1770 sancta:
477 1712 771 1786 Scriptura:
828 1716 1217 1773 emendatione
1275 1718 1447 1771 multa
1524 1716 1806 1781 disseruit.

222 1804 394 1859 Nobis
420 1807 569 1859 enim
620 1806 991 1876 prolixitatem
1026 1805 1389 1889 fugientibus,
1421 1806 1558 1873 satis
1585 1813 1671 1860 est
1693 1819 1804 1859 uno
1836 1787 1885 1847 Β

225 1897 310 1950 vel
372 1896 591 1953 duobus
648 1899 978 1954 testimoniis
1036 1898 1206 1968 quod‘
1243 1898 1480 1968 probare
1529 1896 1806 1962 volumus,

225 1999 495 2054 astruere,
518 1990 782 2045 lectorem
825 1992 1117 2061 impigrum
1153 1986 1221 2044 ad
1255 2004 1372 2056 eos,
1416 2003 1446 2043 a
1476 1987 1677 2058 quibus
1707 2003 1809 2042 nos

230 2081 343 2134 bare
369 2081 705 2151 sumpsimus
727 2074 1156 2138 remittentibus.
1183 2082 1346 2137 Plura
1396 2096 1635 2154 namque
1662 2081 1832 2136 ldem'

229 2171 485 2228 Nicolaus
507 2172 584 2228 ait
612 2190 627 2227 :
661 2171 933 2229 Lustrans
958 2174 1218 2240 armaria,
1246 2172 1540 2243 nequibant
1566 2172 1671 2227 hoc
1688 2172 1809 2226 adi-

227 2263 387 2334 pisci,
427 2265 647 2323 veracia
689 2264 901 2321 scilicet
929 2265 1261 2335 exemplaria
1289 2264 1559 2330 invenire,
1595 2265 1723 2337 quia
1754 2274 1810 2321 et

226 2371 348 2423 «iure
384 2370 416 2410 a
445 2356 783 2412 doctissimis
830 2355 964 2411 viris
991 2355 1319 2428 dicebantur
1367 2362 1639 2421 correcta,
1669 2368 1810 2407 uno-

228 2462 448 2518 quoque
470 2446 525 2503 in
563 2463 668 2503 suo
695 2462 860 2504 sensu
879 2447 1217 2512 abundante,
1239 2446 1374 2500 adeo
1399 2444 1807 2514 discrepabunt,

229 2552 289 2598 ut
342 2557 486 2613 pene
534 2540 669 2613 quot
702 2540 945 2604 codices,
1003 2548 1084 2596 tot
1112 2538 1446 2609 exemplaria
1480 2540 1806 2609 reperirem,

229 2646 411 2702 usque
440 2631 579 2686 adeo
618 2632 785 2687 etiam
820 2629 1118 2687 millesimo
1155 2629 1273 2685 fere
1311 2637 1437 2699 post
1476 2629 1805 2699 interpreta-

229 2727 442 2781 tionem
477 2724 799 2797 Hieronymi
827 2738 999 2789 anno,
1033 2723 1256 2781 codices
1292 2737 1466 2779 sacrae
1504 2723 1811 2793 Scriptum

228 2819 482 2875 mendosi
539 2828 705 2889 atque
758 2817 1005 2888 corrupti
1057 2825 1242 2882 erant,
1292 2825 1347 2873 et
1376 2817 1449 2872 ita
1483 2817 1627 2871 inter
1655 2832 1713 2871 se
1754 2817 1809 2871 in

227 2910 512 2981 plerisque
541 2909 942 2981 discrepantes,
976 2917 1036 2964 ut
1059 2924 1182 2979 quae
1209 2907 1577 2981 Hieronymus
1600 2908 1669 2962 ad
1707 2906 1807 2961 Da.

230 3017 449 3058 masurn
490 3002 805 3072 scripserat,
830 3001 1025 3057 eadem
1058 3000 1342 3064 Nicolaus,
1369 3012 1494 3072 post
1521 3009 1601 3055 tot
1636 3016 1814 3056 anno-

1905 538 1972 577 ex
2003 539 2111 577 una
2136 523 2202 595 [in
2235 522 2396 585 aliam
2434 521 2675 601 linguam
2707 519 2913 591 aliquid
2943 519 3226 584 transfert,
3257 534 3378 579 eam
3410 533 3478 574 ex

1906 632 2013 685 qua
2050 616 2109 671 fit
2142 615 2449 679 translatio,
2483 614 2536 668 in
2577 612 2861 679 omnibus,
2900 620 3164 688 quantum
3201 610 3319 668 ﬁeri
3379 624 3484 681 po.

1910 718 2035 769 test.
2065 717 2350 782 sequatur,
2384 705 2428 762 si
2474 720 2532 762 se
2561 704 2810 761 veritatis
2838 704 3197 773 interpretem
3230 716 3350 757 esse
3403 708 3486 755 at-

1907 818 2014 875 que
2040 800 2214 861 videri
2254 800 2425 868 cupit.
2460 795 2617 873 Quod
2647 796 2692 852 si
2724 796 2849 867 quis
2882 794 2936 850 in
2970 794 3289 871 interpretis
3313 807 3484 869 opere

1907 911 2069 951 error
2114 892 2600 955 animadvertitur,
2660 890 2705 949 si
2777 902 2885 959 qua
2940 886 3212 947 dubitatio
3268 887 3481 953 oritur,

1913 986 2157 1058 profecto
2178 1000 2248 1041 eo
2282 984 2683 1043 recurrendutn
2712 993 2817 1047 est,
2851 985 2996 1041 unde
3030 968 3168 1041 facta
3195 987 3278 1036 est
3306 987 3485 1035 trans-

1908 1079 2068 1135 latio.
2111 1076 2258 1133 Audi
2290 1076 2439 1132 enim
2473 1075 2605 1150 quid
2633 1074 2832 1137 beatus
2862 1073 3226 1141 Hieronymus
3257 1068 3311 1124 in
3342 1084 3483 1141 prm-

1911 1173 2115 1229 fatione
2144 1187 2311 1244 super
2363 1170 2685 1229 Matthteutu
2732 1168 2938 1233 scribat
2977 1185 2989 1219 :
3021 1164 3078 1221 Si
3113 1162 3334 1223 veritas,
3400 1162 3487 1216 in-

1909 1267 2051 1332 quit,
2082 1277 2165 1321 est
2193 1265 2487 1336 quaerenda
2520 1264 2589 1318 de
2622 1261 2894 1337 pluribus,
2946 1274 3045 1315 cur
3083 1273 3193 1312 non
3233 1256 3300 1315 ad
3337 1254 3484 1311 Grec-

1909 1371 2029 1413 eam
2060 1357 2330 1430 originem
2382 1365 2752 1420 recurrentes,
2782 1369 2846 1409 ea
2878 1366 2999 1425 quas
3049 1350 3136 1407 vel
3193 1365 3222 1403 a
3273 1346 3486 1403 vitiosis

1912 1450 2306 1522 interpretibus
2336 1449 2476 1513 male
2504 1449 2672 1518 dicta,
2698 1447 2783 1503 vel
2811 1462 2839 1501 a
2871 1440 3359 1521 praesumptoribus
3386 1442 3488 1495 im-

1912 1536 2107 1615 peritis
2139 1542 2432 1607 emendata
2460 1535 2796 1615 perversius,
2830 1538 2913 1593 vel
2953 1552 2983 1591 a
3013 1534 3252 1591 librariis
3280 1532 3486 1587 dormi-

1914 1637 2159 1699 tantibus
2189 1645 2285 1691 aut
2306 1633 2492 1697 addita
2528 1642 2677 1699 sunt,
2708 1641 2802 1687 aut
2859 1638 3065 1685 mutata
3120 1623 3486 1697 corrigimus?

1912 1727 2251 1803 Augustinus
2283 1741 2507 1803 quoque
2535 1724 2590 1780 in
2640 1721 2887 1785 secundo
2953 1720 3027 1775 De
3066 1720 3309 1773 doctrina
3335 1717 3491 1775 Curi-7

1908 1821 2090 1879 stiana
2121 1817 2263 1875 libro
2293 1817 2365 1875 ita
2396 1816 2579 1891 inquit
2608 1833 2622 1870 :
2659 1813 2867 1869 Latinae
2892 1812 3115 1885 quidem
3155 1811 3353 1887 lingua:
3380 1806 3486 1863 lto-

1910 1913 2089 1969 mines
2121 1928 2262 1983 quos
2292 1926 2441 1970 nunc
2482 1908 2838 1965 instruendus
2877 1902 3240 1975 suscepimus,
3273 1901 3486 1957 duabus

1910 2005 2033 2061 aliis
2064 2004 2133 2061 ad
2164 2004 2579 2077 Scripturarum
2613 2001 2926 2059 divinarum
2956 1995 3325 2071 cognitionem
3348 2006 3489 2065 opus

1913 2100 2139 2169 habent,
2176 2097 2401 2154 Hebraea
2434 2096 2649 2153 scilicet
2680 2104 2740 2149 ct
2774 2091 2993 2161 Grzcca,
3020 2098 3081 2144 ut
3107 2087 3178 2143 ad
3213 2083 3488 2155 exempla-

1911 2189 1992 2244 ria
2024 2187 2385 2261 prrecedentia
2414 2195 2753 2250 recurratur,
2786 2184 2837 2245 si,
2881 2197 3047 2253 quam
3083 2178 3485 2237 dubitationem

1911 2281 2163 2337 attulerit
2202 2280 2529 2343 Latinorum
2583 2278 2948 2349 interpretum
2983 2270 3195 2327 intinita
3227 2271 3486 2329 varietas.

1911 2376 2127 2437 Rursus
2157 2389 2171 2427 :
2207 2371 2511 2429 Codicibus
2546 2367 2913 2427 emendandis
2950 2364 3207 2443 primitus
3259 2359 3489 2433 vigilare

1913 2467 2078 2523 debet
2103 2464 2328 2525 solertia
2361 2477 2580 2525 eorum,
2619 2460 2714 2530 qui
2739 2457 3057 2531 scripturas
3085 2451 3301 2515 divinas
3325 2464 3488 2507 nosse

1911 2558 2251 2620 desiderant.
2277 2565 2340 2612 ut
2377 2553 2689 2613 emendatis
2724 2566 2833 2607 non
2865 2545 3140 2613 emendati
3173 2543 3390 2601 cedant.
3419 2541 3490 2596 Et

1912 2652 2113 2707 iterum
2146 2668 2160 2706 :
2197 2649 2394 2705 Libros
2418 2658 2600 2705 autem
2635 2642 2771 2699 Novi
2801 2636 3160 2705 Testamenti,
3189 2635 3239 2697 si
3266 2632 3400 2704 quid
3432 2633 3487 2687 in

1912 2745 2128 2801 Latinis
2153 2741 2509 2799 varietatibus
2529 2738 2749 2803 titubat,
2772 2734 2979 2795 Graecis
3006 2730 3204 2789 cedere
3228 2734 3489 2799 oportere

1914 2854 2023 2894 non
2055 2837 2284 2893 dubium
2319 2844 2423 2892 est.
2454 2833 2649 2891 Nonne
2680 2829 2769 2886 bis
2796 2825 3272 2891 sanctissimorum
3302 2820 3490 2879 ducto-

1915 2946 2038 2985 rum
2064 2927 2249 2985 verbis
2283 2925 2634 2989 instrnimur,
2669 2936 2795 2981 cum
2827 2918 3001 2974 multa
3060 2915 3228 2973 fuisse
3274 2920 3332 2971 ct
3363 2925 3490 2969 esse

1912 3022 2001 3081 vel
2034 3021 2399 3091 interpretum
2424 3016 2713 3092 varietate,
2769 3012 2859 3069 vel
2891 3009 3155 3085 imperite,
3184 3001 3490 3067 emendan-

229 3108 363 3149 rsrn
387 3095 613 3159 circula,
645 3094 855 3150 scribat
883 3094 952 3150 ad
990 3094 1246 3184 Petrum,
1282 3103 1360 3149 tot
1384 3094 1599 3149 scilicet
1621 3109 1809 3150 exetn-
1840 3125 1884 3184 α
1918 3117 2057 3171 tium
2097 3114 2256 3180 ymo,
2293 3112 2381 3169 vel
2408 3105 2828 3171 αοτηιίιαηιῖυπι
2882 3102 3237 3165 “uariorum
3270 3096 3493 3160 incuria

225 3185 405 3255 piaria
434 3199 555 3244 esse
589 3193 726 3255 quot
766 3184 1008 3240 codices.
1040 3183 1209 3240 Addit
1247 3193 1512 3255 praeterea
1560 3199 1621 3240 se
1660 3200 1806 3240 non-

227 3280 386 3335 nulla
415 3279 755 3350 comperisse
790 3278 858 3334 de
897 3278 1129 3334 liebrato
1154 3278 1353 3334 abesse
1381 3292 1504 3345 qua:
1530 3286 1712 3332 tamen
1753 3278 1811 3333 in

226 3372 495 3427 omnibus
536 3372 748 3427 Latinis
781 3372 1069 3428 codicibus
1097 3371 1475 3443 pariformiter
1520 3371 1813 3442 reperiun-

229 3476 348 3520 tur.
383 3464 540 3531 Quod
570 3465 717 3520 enim
759 3466 813 3521 in
860 3464 1061 3521 Genesi
1102 3474 1207 3531 est,
1246 3464 1395 3518 Dixit
1427 3463 1559 3519 Cain
1589 3464 1660 3517 ad
1685 3464 1818 3519 Abel

222 3561 458 3629 fratrem
500 3575 677 3626 suum,
706 3558 1060 3629 Egrediamur
1088 3557 1232 3628 foras
1264 3557 1305 3623 ³,
1335 3559 1588 3629 quamvis
1616 3557 1671 3612 in
1693 3572 1811 3611 om~

228 3652 402 3707 nibus
438 3649 650 3706 Latinis
700 3649 988 3707 codicibus
1041 3649 1117 3705 ita
1168 3650 1403 3721 legatur,
1441 3648 1497 3703 in
1532 3648 1815 3705 llebraieis

227 3753 453 3800 tantum
470 3743 629 3808 illud,
654 3743 1012 3817 Egrediamur
1037 3743 1202 3815 foras,
1226 3759 1338 3798 non
1365 3759 1486 3799 esse
1508 3743 1812 3815 scriptum;

224 3845 280 3890 ct
309 3834 511 3889 eodem
558 3833 723 3889 modo
767 3833 834 3888 de
875 3834 1091 3889 caneris
1128 3833 1461 3899 quibusdam
1498 3833 1598 3890 ait.
1641 3833 1816 3904 Cujus

227 3932 308 3986 rei
345 3942 597 3993 causam,
635 3927 754 3983 sive
780 3926 928 3997 quod
955 3927 1327 3999 Hieronymus
1361 3925 1418 3981 in
1445 3926 1569 3982 aliis
1600 3932 1813 4004 reperta

231 4021 725 4087 translationibus,
763 4021 820 4075 in
853 4036 955 4076 sua
986 4020 1151 4075 etiam
1184 4019 1569 4085 connexuerit,
1606 4019 1721 4075 sive
1747 4020 1817 4075 ab

227 4118 370 4181 alio,
405 4131 506 4171 usu
536 4115 771 4186 pristino
802 4113 1160 4185 prtevalente,
1187 4112 1538 4182 postmodum
1570 4121 1817 4168 connexa

228 4213 375 4277 sint,
431 4212 645 4265 nescire
703 4225 763 4265 se
815 4207 1038 4264 asserit.
1070 4205 1349 4274 Additque
1393 4205 1500 4259 boc
1533 4206 1618 4261 sui
1648 4206 1816 4261 studii

230 4304 432 4367 fuisse,
459 4301 641 4372 quoad
678 4299 879 4371 potuit,
914 4300 1189 4369 superﬂua
1244 4314 1514 4362 resecare,
1556 4301 1819 4354 transfor-

233 4409 388 4452 mata
426 4395 758 4459 reformare,
817 4405 870 4448 et
903 4409 964 4447 ea
998 4408 1190 4447 rursus
1225 4392 1428 4447 addere
1460 4406 1581 4461 qua:
1612 4406 1642 4446 a
1676 4406 1817 4462 pra:-

231 4487 627 4559 sutnptoribus
660 4496 920 4556 lanquatn
941 4484 1219 4556 superflua
1266 4484 1490 4539 fuerant
1514 4490 1818 4554 amputata.

230 4583 310 4659 lia
340 4583 425 4637 vir
445 4581 538 4645 ille
571 4581 793 4644 doetus,
825 4579 989 4633 etiam
1014 4577 1334 4649 longissimo
1355 4587 1479 4647 post
1504 4577 1819 4647 Hieronymi

227 4676 540 4739 editionem
579 4685 850 4747 tempore,
884 4673 1052 4731 multa
1080 4672 1315 4747 putavit,
1349 4670 1460 4724 imo
1501 4685 1634 4725 vero
1668 4678 1820 4724 certo

234 4767 555 4833 tenuit,vel
584 4766 861 4845 apposita,
898 4764 981 4820 vel
1022 4772 1382 4826 commutata,
1413 4762 1496 4816 vel
1549 4764 1821 4827 detracta,

230 4861 704 4933 quemadmodum
736 4869 789 4914 et
816 4870 941 4914 ante
964 4856 1279 4929 llieronynti
1304 4866 1549 4926 tempora
1578 4857 1818 4921 fuerant,

229 4968 288 5009 et
326 4954 453 5010 ideo
485 4953 851 5010 detrahenda.
880 4950 1215 5015 readdenda,
1248 4946 1596 5005 emendanda
1620 4957 1676 5003 et
1700 4962 1824 5001 cor-

234 5046 470 5121 rigenda
500 5061 645 5101 esse.
679 5045 775 5103 llis
807 5045 980 5115 igitur
1010 5044 1084 5099 ita
1120 5043 1376 5112 cognitis,
1416 5055 1561 5096 nunc
1592 5039 1658 5094 ad
1705 5056 1817 5095 rem

236 5141 420 5207 ipsam
452 5139 521 5194 de
543 5154 653 5210 qua
685 5140 921 5210 qumstio
952 5149 1056 5202 cst,
1081 5136 1390 5191 veniamus.

313 5231 452 5287 Cum
484 5248 699 5287 sacrum
734 5230 963 5291 Joannis
1000 5229 1355 5300 Evangelium
1388 5225 1628 5280 Joannes
1697 5225 1817 5295 ipse

232 5324 528 5396 apostolus
576 5334 633 5385 ct
688 5323 1058 5394 Evangelista,
1111 5319 1353 5390 Spiritus
1407 5320 1580 5372 sancti
1644 5317 1816 5387 gratia

237 5417 462 5485 plenus,
495 5416 685 5471 Graeco
736 5431 990 5471 sermone
1021 5414 1327 5484 scripserit,
1393 5413 1527 5465 nulli
1587 5411 1817 5465 dubium

232 5522 367 5563 esse
398 5507 580 5573 debet,
613 5509 918 5579 quamlibet
946 5506 1357 5565 translationem
1388 5504 1643 5573 originali
1674 5498 1824 5555 litteL

235 5612 319 5653 ree
358 5601 579 5655 minime
613 5600 1058 5673 respondentem,
1114 5613 1218 5652 non
1282 5605 1483 5651 rectam
1521 5610 1662 5653 esse,
1725 5594 1819 5646 sed

323 5787 340 5817 ¹
364 5783 562 5841 Ezccit.
597 5800 672 5847 tv,
714 5782 797 5836 ll.

875 5783 895 5812 ²
926 5780 1156 5834 Zacltar.
1189 5792 1264 5841 vi,
1303 5775 1382 5829 1:2.
1463 5773 1483 5803 ³
1513 5772 1649 5826 Gell.
1709 5787 1781 5838 IV,
1833 5773 1886 5828 8.

1917 3208 2232 3279 depravata,
2263 3215 2378 3263 tum
2408 3218 2477 3265 ea
2495 3200 2694 3271 corrigi
2726 3198 2896 3261 licere
2919 3203 3085 3273 atque
3108 3191 3355 3253 debere?
3386 3190 3493 3247 Per

1917 3300 2064 3361 illam
2099 3299 2306 3370 quippe
2332 3295 2575 3369 regulam
2611 3305 2901 3351 monemur
2926 3289 2980 3343 in
3005 3284 3363 3357 inquisitione
3390 3298 3489 3343 vc-

1917 3391 2095 3445 ritatis
2131 3398 2299 3460 atque
2333 3386 2452 3457 ejus
2487 3381 2914 3455 investigatione
2938 3378 3005 3435 ad
3039 3375 3359 3451 originalem
3387 3372 3497 3427 lin.

1914 3500 2076 3556 gnam
2101 3492 2157 3537 et
2176 3472 2519 3556 exemplaria
2530 3473 2898 3547 pracedentia
2917 3467 3318 3556 recurrentium
3345 3480 3495 3532 esse,L

1915 3541 1979 3634 ac
2008 3541 2356 3631 Latinorum.
2380 3541 2651 3633 libritrum
2709 3551 3034 3622 varietatem
3063 3561 3266 3621 Grecis
3292 3556 3495 3614 cedere

1915 3678 2195 3741 oportere.
2245 3662 2555 3721 Videndum
2610 3663 2799 3735 itaque
2852 3658 3051 3730 primo,
3108 3651 3383 3733 quomodo
3434 3665 3495 3705 se

1918 3762 2118 3816 habeat
2150 3759 2208 3814 in
2236 3756 2423 3816 Graeca
2458 3765 2622 3829 atque
2657 3751 2913 3826 originali
2975 3750 3185 3821 lingua,
3225 3745 3361 3808 hac,
3422 3742 3493 3798 de

1918 3869 2025 3923 qua
2056 3851 2377 3929 quaerimus,
2433 3846 2716 3919 Evangelii
2747 3842 3068 3905 auctoritas,
3104 3848 3160 3893 et
3189 3853 3257 3893 an
3311 3849 3506 3890 sermo-

1922 3945 2153 4003 Latinus
2180 3942 2370 3999 Gnaeo
2406 3938 2756 4002 consentiat;
2804 3932 2952 4005 quod
2983 3932 3031 3991 si
3056 3928 3366 3993 dissentiat,
3424 3939 3495 3981 an

1921 4040 1973 4092 id
2000 4025 2161 4099 facile
2191 4033 2434 4105 potuerit
2490 4011 2909 4086 do'rmitantium
2950 4022 3309 4095 librariorum
3358 4016 3495 4071 vitio

1927 4130 2074 4199 ﬁeri,
2106 4136 2163 4183 et
2184 4143 2253 4183 an
2282 4127 2341 4185 in
2371 4125 2514 4201 aliis.
2532 4136 2750 4197 quoque
2782 4119 2957 4175 simile
2986 4114 3191 4187 aliquid
3231 4110 3346 4167 ﬁeri
3405 4125 3498 4183 po-

1924 4224 2092 4277 tuerit
2123 4221 2397 4275 factumve
2422 4214 2506 4270 ‘sit
2556 4216 2764 4287 absque
2797 4208 2975 4267 sancti
3005 4205 3247 4262 doctoris
3275 4202 3496 4277 peritis-

1923 4312 2160 4385 simique
2186 4309 2511 4385 interpretis
2544 4302 2859 4381 Hieronymi
2891 4301 3052 4369 culpa
3077 4307 3172 4353 aut
3197 4295 3497 4373 reprehen-

1926 4404 2103 4467 sione.
2134 4402 2339 4463 Deinde
2371 4400 2580 4475 aliquot
2600 4397 2908 4459 rationibus
2930 4392 3115 4449 Gratca
3143 4390 3322 4445 littera
3346 4402 3500 4444 com-

1926 4491 2208 4564 probanda
2243 4507 2308 4545 ae
2341 4486 2720 4547 confirmanda
2773 4495 2877 4540 est.
2918 4485 3205 4543 Postremo
3251 4478 3497 4539 rationes

1921 4589 1989 4643 ab
2016 4584 2331 4640 adversario
2353 4583 2601 4643 adducta:
2631 4579 2905 4637 solvenda:
2932 4585 3079 4637 sunt.

1992 4678 2149 4753 Apud
2211 4676 2428 4732 Gnaeos
2480 4673 2804 4739 manifestus
2868 4678 2954 4727 est
3008 4683 3199 4724 sensus
3251 4666 3498 4737 Evange-

1921 4772 2001 4831 lii.
2035 4785 2213 4842 neque
2249 4768 2431 4845 aliqua
2462 4767 2753 4827 verborum
2785 4763 3143 4830 ambiguitate
3173 4758 3495 4822 involutus;

1924 4875 2112 4931 aperte
2154 4876 2392 4935 namque
2431 4857 2576 4931 apud
2607 4856 2728 4914 illos
2762 4856 2835 4909 ita
2866 4854 3151 4916 scribitur,
3176 4849 3306 4902 Ἐὰν
3334 4847 3509 4900 αὐτὸν.

1924 4954 2066 5007 θέλω
2095 4952 2282 5024 μένειν
2304 4952 2408 5015 ἕως
2437 4951 2695 5021 ἔρχομαι,
2719 4946 2773 5001 τι
2809 4946 2943 5019 πρὸς
2979 4948 3072 5011 σέ;
3102 4942 3249 5019 quod
3282 4938 3386 4999 nisi
3422 4937 3503 4993 ita

1920 5047 2341 5117 interpretatur.
2380 5052 2440 5098 ut
2465 5043 2630 5106 dicat,
2663 5040 2721 5096 Si
2775 5057 2896 5101 eum
2926 5038 3102 5101 velim,
3143 5034 3250 5097 vel,
3283 5030 3344 5087 Si
3375 5047 3505 5090 eum

1918 5137 2036 5193 volo
2070 5154 2285 5195 manere
2310 5138 2473 5191 donec
2499 5136 2728 5198 ueniam,
2758 5132 2885 5204 quid
2917 5131 2987 5187 ad
3016 5128 3110 5183 te?
3142 5135 3291 5187 recte
3322 5126 3500 5181 inter.

1920 5240 2196 5299 pretatum
2241 5245 2363 5284 esse
2394 5245 2505 5283 non
2554 5233 2770 5298 potest;
2804 5225 2991 5280 Graeca
3045 5221 3195 5276 enim
3250 5220 3341 5295 illa
3370 5235 3509 5275 cons

1920 5320 2135 5393 junctio
2169 5323 2263 5375 tam
2296 5320 2431 5375 nihil
2462 5319 2611 5376 aliud
2638 5333 2799 5391 quam
2830 5318 2877 5370 si
2907 5313 3333 5375 conditionalem
3364 5328 3500 5369 con-

1925 5415 2262 5484 junctionent
2309 5412 2656 5467 causalemvc
2707 5409 3002 5482 significat,
3038 5412 3383 5479 tantumque
3419 5406 3503 5460 in-

1930 5515 2099 5561 terest
2136 5506 2279 5560 inter
2315 5507 2432 5573 asv,
2496 5504 2549 5562 id
2584 5512 2668 5561 est
2714 5506 2784 5568 si,
2816 5512 2891 5569 et,
2926 5502 3123 5569 οὕτως,
3158 5501 3264 5557 hoc.
3291 5500 3374 5555 est
3406 5500 3501 5565 sic,

1931 5597 2073 5667 apud
2110 5598 2350 5662 Grrecos,
2414 5605 2681 5668 quantum
2722 5594 2834 5652 fere
2870 5595 3013 5650 inter
3055 5594 3164 5655 duo
3204 5592 3500 5648 contraria.
