3880 6220
332 343 435 408 631

1275 346 1781 406 BESSARIONIS
1821 348 1880 412 S.
1921 348 1992 410 R.
2043 347 2101 410 E.
2147 346 2614 407 CARDlNALlS

3494 342 3606 408 632

331 456 616 529 Siquidem
643 457 737 512 ἐὰν
767 460 1103 532 ambiguam,
1159 460 1332 525 οὕτως
1388 477 1522 518 vero
1553 461 1920 520 certissimam
1947 459 2000 521 Δ
2026 479 2058 516 a
2089 463 2464 532 prmpositioni
2513 460 2723 516 addita.
2758 458 2849 512 'lta
2894 458 2949 512 in
3003 456 3180 528 prima
3225 456 3476 527 Epistola
3533 457 3600 512 ad

337 563 454 602 rem
491 547 786 619 signiﬁcat,
817 560 876 605 ut
909 551 1059 605 nullo
1101 551 1266 607 modo
1291 553 1562 624 suspicari
1582 553 1708 626 quis
1726 555 1922 628 possit,

339 630 558 696 librarii
589 641 724 697 vitio
775 643 880 700 hoc
914 643 1058 713 apud
1108 643 1330 702 Graecos
1387 647 1613 703 evenire
1652 648 1921 719 potuisse.

335 725 496 809 Nulla
529 732 676 786 enim
732 733 788 789 in
822 750 929 788 una
963 735 1195 792 duarum
1237 737 1546 794 dictionum
1600 739 1788 795 littera
1840 748 1926 794 est

340 842 459 895 quae
493 827 564 882 sit
600 827 654 882 in
709 827 922 894 altera;
989 831 1136 888 nulla
1174 833 1320 890 inter
1353 818 1448 890 eas
1483 842 1568 890 est
1597 833 1818 904 penitus
1851 831 1927 888 si-

339 916 610 986 militudo,
630 919 836 990 quippe
859 922 955 976 ὲάν
977 923 1156 978 tribus
1176 924 1375 980 litteris
1403 925 1756 996 componitur
1778 924 1922 996 quod

337 1008 534 1066 Latine
572 1011 849 1082 signiﬁcat
879 1016 946 1081 si,
972 1013 1145 1079 οὕτως
1173 1031 1323 1083 vero,
1359 1017 1502 1086 quod
1533 1018 1608 1072 sic
1634 1033 1664 1072 a
1713 1017 1922 1073 Latinis

337 1099 758 1171 interpretatur,
791 1106 1038 1176 quinque
1097 1107 1314 1163 litteras
1352 1109 1540 1171 habet,
1585 1117 1734 1163 tanta
1776 1109 1923 1164 inter

339 1193 442 1247 has
469 1194 610 1249 duas
662 1195 936 1272 dictiones
975 1198 1117 1268 apud
1168 1199 1389 1256 Graecos
1441 1199 1752 1256 diﬁ‘erentia
1811 1210 1917 1256 est.

337 1285 626 1347 Quomodo
661 1287 828 1357 igitur
865 1303 924 1342 se
967 1289 1112 1360 apud
1146 1292 1368 1348 Graecos
1425 1292 1624 1348 habeat
1681 1293 1795 1354 hic.
1851 1293 1922 1349 de

337 1393 448 1443 quo
478 1377 784 1447 loquimur,
821 1380 1098 1451 Evangelii
1159 1383 1336 1450 locus,
1368 1393 1422 1438 et
1451 1385 1730 1454 quomodo
1771 1384 1916 1440 Lati-

339 1483 444 1522 nus
481 1484 664 1524 sermo
696 1473 750 1525 in
783 1473 887 1527 hoc
915 1488 944 1526 a
977 1473 1168 1529 Graeco
1196 1463 1509 1539 dissentiat.
1545 1477 1683 1532 satis
1711 1493 1779 1531 ex
1833 1476 1920 1532 his

341 1573 464 1627 quae
496 1559 737 1617 diximus
775 1573 1030 1633 apparet.
1086 1565 1244 1632 Quod
1277 1577 1463 1622 autem
1500 1567 1554 1622 in
1590 1567 1783 1622 Latina
1813 1568 1920 1622 lin-

337 1669 439 1721 gua
470 1652 626 1709 facile
667 1655 791 1712 talis
817 1670 976 1712 error
1007 1659 1232 1714 evenire
1266 1661 1526 1727 potuerit,
1572 1659 1626 1714 in
1661 1671 1916 1732 promptu

336 1755 422 1797 est
457 1747 715 1816 intuenti,
754 1760 958 1820 quanta
999 1751 1069 1806 sit
1100 1749 1294 1805 harum
1335 1751 1569 1807 duarum
1611 1753 1914 1810 dictionum

335 1838 383 1889 si
415 1846 468 1892 et
499 1840 574 1892 sic
599 1840 903 1896 similitudo
940 1850 1103 1912 atque
1135 1843 1410 1901 vicinitas.
1441 1845 1614 1901 Unica
1646 1846 1796 1900 enim
1823 1847 1919 1902 lit-

340 1938 456 1982 tera
488 1946 537 1996 c,
573 1931 925 1988 dormitantis
951 1935 1172 1990 lectoris
1207 1936 1343 1991 vitio
1378 1937 1588 2000 addita,
1625 1937 1757 1991 illud
1791 1939 1837 1992 si
1864 1950 1920 1993 et

335 2021 414 2073 sic
442 2013 657 2078 mutare
688 2025 892 2092 potuit,
946 2028 1417 2096 quemadmodum
1472 2039 1749 2090 tonsuram
1781 2031 1920 2101 regis

342 2111 396 2163 in
431 2119 696 2166 tonsorem
720 2117 913 2186 gregis,
937 2127 994 2171 et
1023 2119 1374 2173 vastationem
1404 2120 1458 2174 in
1486 2121 1920 2176 vaticinationem

341 2212 547 2258 mutata
574 2203 766 2272 fuisse,
792 2222 900 2262 non
919 2218 1127 2273 nostra,
1149 2210 1243 2265 sed
1260 2211 1613 2281 antiquorum
1631 2213 1920 2268 doctorum

340 2297 613 2352 sententia
654 2313 822 2369 supra
858 2301 1364 2359 demonstravimus
1393 2306 1796 2377 manifesteque
1834 2322 1922 2362 os-

341 2387 642 2445 tendimus.
675 2390 826 2448 ldem
859 2392 1048 2451 multis
1077 2412 1299 2467 quoque
1326 2397 1450 2453 aliis
1479 2399 1686 2454 inlocis
1719 2400 1920 2454 factum

336 2480 614 2536 exstitisse
641 2483 867 2553 probari
912 2490 1127 2556 potest.
1169 2487 1291 2544 Mox
1324 2489 1380 2544 in
1416 2489 1535 2560 ipso
1593 2492 1710 2546 fere
1762 2491 1921 2546 initio

336 2571 582 2643 ejusdem
619 2575 894 2647 Evangelii
922 2575 1150 2634 Joannis
1184 2578 1300 2646 ubi,
1335 2581 1470 2634 Οὐδὲ
1523 2582 1586 2635 ὲκ
1617 2581 1922 2652 Θελήματος

339 2665 566 2732 σαρκὸς,
597 2665 704 2720 Nec
732 2684 795 2722 ea:
818 2667 1087 2725 voluntate
1117 2674 1294 2726 carnis
1326 2674 1366 2735 ¹,
1400 2673 1499 2737 ait,
1531 2675 1770 2743 imperiti
1799 2677 1921 2744 qui-

338 2755 464 2810 dam
490 2775 582 2811 nec
607 2775 672 2812 ex
694 2761 960 2832 voluptate
988 2767 1162 2819 carnis
1184 2765 1452 2831 scribunt,
1482 2784 1516 2820 η
1539 2766 1592 2820 in
1617 2785 1650 2837 p
1677 2783 1922 2822 commu-

338 2857 541 2917 tantos,
576 2851 721 2920 quod
757 2854 969 2910 scilicet
999 2855 1068 2910 ad
1098 2871 1322 2911 carnem
1377 2859 1650 2925 pertineat
1683 2859 1798 2929 ipsa
1831 2877 1923 2916 vo-

338 2937 542 3006 luptas.
576 2940 646 2995 Et
668 2943 812 3012 apud
845 2944 1101 3001 eumdem
1139 2954 1261 3016 post
1291 2947 1459 3002 verba
1488 2945 1692 3003 Christi
1720 2949 1923 3017 quibus

339 3027 535 3086 affatus
564 3041 647 3086 est
679 3033 926 3102 Matrem,
963 3047 1018 3092 et
1046 3032 1166 3092 eam
1191 3038 1410 3106 Joanni,
1441 3054 1604 3109 quem
1633 3039 1917 3110 diligebat,

2025 552 2364 618 Corinthios,
2397 553 2490 609 ubi
2525 552 2698 609 Graeci
2731 550 3006 625 scribunt,
3036 551 3100 604 Οἱ
3130 551 3242 622 γὰρ
3273 550 3482 615 πάντες
3541 552 3605 604 ἐκ

2023 643 2120 695 τοῦ
2152 643 2267 706 ἑνὸς
2301 642 2468 715 ἄρτου
2503 641 2826 712 μετέχομεν,
2859 641 2915 695 id
2971 650 3080 703 est,
3141 639 3331 696 Omnes
3360 643 3507 694 enim
3543 642 3607 693 de

2025 752 2130 790 uno
2159 752 2297 808 pane
2322 729 2708 807 participamus
2738 734 2781 801 ⁸,
2825 732 3003 789 Latini
3035 733 3244 788 addunt
3263 773 3279 794 .
3328 741 3378 786 et
3404 733 3472 786 de
3499 749 3606 786 uno

2023 827 2206 884 calice.
2248 828 2313 883 Et
2337 827 2483 898 apud
2509 827 2820 882 Matthaaum
2875 840 3000 895 cap.
3035 841 3160 890 xxv,
3203 823 3469 892 Ἑξῆλθον
3528 825 3604 884 si;

2021 921 2334 992 ἀπάντησιν
2367 919 2461 973 τοῦ
2487 917 2748 988 νυμφίου,
2786 916 2839 972 id
2873 925 2980 978 est,
3051 915 3346 969 Exicerunt
3396 913 3602 966 obuias:

2024 1030 2216 1084 sponso
2242 1014 2287 1078 ⁸,
2321 1011 2502 1067 Latini
2545 1011 2773 1072 habent,
2822 1017 2872 1063 et
2903 1025 3132 1075 sponsw,
3167 1023 3290 1076 quae
3348 1006 3607 1077 profecto

2022 1107 2285 1178 augurari
2318 1105 2447 1161 licet
2481 1106 2537 1161 in
2583 1102 2934 1174 marginibus
2979 1101 3109 1155 olim
3166 1101 3439 1156 librorum
3507 1116 3609 1169 pro

2021 1196 2464 1267 expositionibus
2512 1195 2712 1266 posita,
2746 1195 2816 1249 ali
2857 1192 3063 1264 ignaris
3097 1191 3298 1246 deinde
3358 1191 3609 1246 librariis

2025 1289 2267 1346 orationi
2303 1290 2514 1345 intexta
2542 1288 2735 1343 fuisse.
2771 1286 2906 1341 ltem
2936 1285 2991 1338 in
3036 1284 3079 1338 ll
3132 1284 3200 1338 ad
3256 1283 3605 1347 Corinthios,

2022 1383 2116 1439 ubi
2151 1382 2326 1439 Graeci
2374 1383 2600 1444 habent.
2649 1382 2743 1443 Ei;
2774 1380 3066 1450 πρόσωπον
3103 1379 3214 1433 τῶν
3268 1377 3604 1448 ἔκκλητιῶν,

2021 1473 2076 1529 id
2103 1482 2212 1540 est,
2240 1471 2306 1528 In
2336 1475 2524 1544 faciem
2551 1472 2894 1528 ecclesiarum
2929 1473 2973 1535 ‘,
3020 1470 3198 1526 Latini
3255 1470 3512 1526 scribunt
3540 1469 3603 1523 In

2021 1569 2208 1640 faciem
2257 1567 2598 1622 ecclesiarum
2631 1565 2745 1633 Dei,
2801 1564 3072 1620 addentes
3109 1563 3224 1618 Dei.
3269 1563 3337 1618 Et
3368 1563 3424 1616 iu
3459 1563 3480 1617 ι
3536 1563 3604 1617 ad

2020 1656 2287 1720 Titnoth.,
2311 1657 2709 1725 Ἐμπίπτουσιν
2747 1657 2825 1719 εἰς
2859 1655 3169 1726 πειρασμὸν
3204 1655 3300 1706 καὶ
3362 1655 3601 1720 παγίδα,

2021 1748 2077 1802 id
2103 1756 2206 1815 est,
2242 1746 2491 1802 Incidunt
2515 1749 2570 1802 in
2597 1749 2943 1802 tentationem
2972 1757 3019 1801 et
3040 1748 3094 1801 in
3123 1745 3397 1817 laqueum,
3427 1745 3605 1800 Latini

2021 1841 2231 1897 addunt
2258 1840 2478 1908 diaboli,
2519 1842 2678 1912 quasi
2703 1841 2952 1896 volentes
2980 1841 3242 1910 supplere
3279 1841 3438 1909 quod
3493 1841 3599 1890 im-

2023 1930 2328 2006 perfectum
2383 1943 2438 1989 et
2491 1935 2677 1990 minus
2731 1934 3023 1990 continens
3056 1933 3372 1988 videbatur.
3437 1931 3605 1986 Multa

2023 2027 2358 2100 hujnsmodi,
2388 2043 2488 2098 per
2521 2043 2715 2083 omnes
2747 2042 3035 2083 sacrarum
3069 2028 3394 2083 litterarum
3433 2027 3605 2082 libros

2022 2123 2226 2189 addita,
2263 2122 2500 2192 diligens
2552 2122 2916 2192 investigator
2971 2123 3238 2185 inveniet,
3299 2138 3425 2192 qua:
3481 2137 3606 2186 nos,

2025 2215 2282 2271 brevitati
2347 2215 2680 2283 studentes,
2740 2216 3219 2285 inpraesentiarum
3285 2216 3604 2270 omisimus.

2023 2308 2128 2363 Per
2173 2307 2608 2364 subtractionem
2653 2306 2821 2364 etiam
2853 2308 3095 2376 itemque
3125 2323 3223 2377 per
3291 2321 3608 2363 commuta-

2025 2403 2230 2458 tionem
2265 2401 2534 2470 ejusmodi
2568 2417 2792 2456 errores
2817 2417 2976 2471 posse
3006 2401 3149 2466 ﬁeri,
3172 2402 3330 2463 satis,
3389 2402 3450 2455 ni
3508 2402 3609 2457 fal-

2023 2495 2129 2559 lor,
2163 2493 2526 2560 ostendimus,
2586 2509 2656 2548 ne
2690 2493 2931 2563 amplius
2965 2494 3020 2549 in
3062 2493 3149 2549 his
3179 2494 3341 2548 nobis
3408 2494 3611 2548 immo-

2025 2586 2257 2641 randum
2287 2585 2452 2650 foret,
2478 2586 2668 2654 paucis
2705 2587 2878 2640 multa
2909 2585 3387 2655 comprehendere
3413 2587 3610 2640 volen-

2024 2679 2193 2743 tibus,
2223 2678 2326 2732 nisi
2359 2677 2815 2748 quredamvadltuc
2839 2695 3054 2734 summa
3085 2679 3289 2736 addere
3337 2695 3442 2735 nos
3469 2680 3612 2736 bea-

2027 2772 2220 2828 tissimi
2255 2771 2499 2827 doctoris
2527 2772 2819 2840 Augustini
2851 2774 3212 2842 compelleret
3267 2775 3604 2830 auctoritas.

2026 2865 2163 2920 Hinc
2193 2865 2246 2919 in
2279 2880 2316 2918 ll
2363 2863 2441 2917 De
2485 2867 2727 2920 doctrina
2759 2864 3065 2921 Christiana
3095 2865 3237 2921 libro
3265 2866 3342 2921 ita
3377 2867 3564 2936 inquit
3593 2883 3609 2920 :

2025 2959 2105 3014 Ex
2134 2957 2395 3026 ambiguo
2430 2958 2633 3028 lingua:
2659 2957 3025 3028 prmeedcntis
3069 2958 3400 3028 plerumque
3433 2957 3610 3014 inter-

2026 3068 2150 3123 pres
2186 3053 2416 3118 fallitur,
2451 3068 2576 3108 cum
2609 3068 2718 3107 non
2757 3052 2898 3108 bene
2931 3052 3209 3108 sententia
3240 3064 3372 3106 ncta
3411 3062 3520 3115 est,
3555 3062 3614 3107 et

338 3124 765 3218 commendavit,
799 3127 1210 3198 subiunguntur
1246 3129 1418 3199 ipsius
1458 3131 1693 3200 apostoli
1752 3132 1916 3188 verba
1947 3159 1991 3218 ο
2023 3159 2143 3199 eam
2179 3143 2640 3213 signiﬁcationem
2675 3140 2958 3203 transfert,
2994 3155 3119 3210 quae
3173 3155 3203 3194 α
3240 3155 3410 3209 sensu
3467 3139 3609 3194 εει-ί-

339 3211 410 3304 de
445 3228 503 3268 se
550 3214 850 3285 loquentis,
888 3219 1122 3273 Ἔλαϐεν
1153 3222 1180 3274 ὀ
1229 3221 1480 3291 μαθητὴς
1526 3222 1702 3292 αὐτὴν
1736 3225 1818 3286 εἰς
1851 3226 1921 3278 τὰ

2027 3234 2198 3304 ptoris
2230 3234 2452 3304 penitus
2480 3233 2661 3290 aliena
2719 3244 2826 3296 est,
2891 3232 3056 3295 sicuti
3111 3230 3339 3302 quidam
3383 3233 3614 3287 codices

341 3302 472 3371 ἴδια,
524 3305 631 3360 hoc
663 3318 766 3376 est,
799 3309 1009 3382 Accepi:
1049 3327 1163 3365 eant
1193 3311 1484 3382 discipulus
1523 3312 1612 3367 ille
1640 3315 1694 3368 in
1747 3331 1844 3370 sua
1873 3316 1915 3383 ¹,

339 3399 394 3452 id
429 3411 534 3464 est,
572 3401 624 3456 in
663 3404 887 3459 domum
925 3422 1080 3462 suam
1121 3409 1388 3472 traduxit,
1416 3411 1789 3466 communiter
1842 3421 1923 3466 ta-

2023 3326 2246 3394 habent,
2284 3328 2439 3382 Acuti
2469 3328 2620 3396 pedes
2647 3343 2836 3394 eorum
2867 3326 2937 3380 ad
2967 3325 3348 3396 eﬂ'undendunt
3382 3327 3614 3395 sangui-

2023 3436 2141 3474 nem
2169 3420 2226 3484 ’ς
2277 3418 2403 3485 ὀξὺς
2433 3419 2577 3474 enim
2608 3428 2662 3474 et
2693 3427 2908 3473 acutum
2942 3427 2998 3472 et
3026 3417 3253 3471 velocem
3284 3417 3432 3488 apud
3461 3416 3615 3472 Grae-

340 3508 472 3547 tuen
504 3493 683 3552 Latini
717 3513 912 3554 omnes
951 3500 1176 3556 codices
1225 3501 1455 3566 habent,
1486 3504 1685 3576 accepit
1715 3521 1833 3560 eam
1866 3507 1921 3559 in
2021 3529 2117 3570 cos
2147 3513 2460 3584 significat;
2509 3511 2601 3566 ille
2641 3519 2826 3566 autem
2883 3508 3025 3565 vidit
3087 3508 3449 3574 sententiam.
3515 3508 3610 3577 ειυί

335 3601 512 3648 suam,
551 3605 600 3641 m
633 3588 814 3644 littera
867 3591 1091 3658 addita;
1125 3593 1283 3660 quasi
1345 3593 1584 3659 dicatur,
1652 3597 1707 3651 in
1765 3611 1919 3652 suam

341 3689 591 3748 matrem,
623 3683 694 3737 ob
730 3683 936 3739 Christi
971 3686 1188 3742 scilicet
1240 3689 1428 3753 verba,
1470 3688 1710 3759 dicentis
1751 3705 1765 3744 :
1804 3688 1924 3744 Mu-

340 3772 459 3836 lier,
497 3789 611 3827 ecce
642 3774 791 3843 ﬁlius
835 3784 978 3841 tuus,
1009 3780 1150 3834 etad
1183 3778 1516 3850 discipulum
1549 3798 1564 3835 :
1594 3780 1728 3836 Ecce
1752 3793 1928 3836 mater

339 3876 456 3930 tua,
495 3867 641 3936 quod
675 3869 900 3925 evenire
961 3870 1014 3925 in
1049 3870 1238 3926 Crmco
1274 3887 1526 3929 sermone
1555 3889 1664 3929 non
1710 3878 1921 3944 potestl,

338 3958 432 4013 ubi
467 3959 618 4014 nulla
648 3970 733 4015 est
766 3961 1037 4018 dubitatio
1065 3963 1150 4018 vel
1175 3964 1540 4034 ambiguitas;
1570 3967 1652 4028 εἰς
1684 3965 1751 4020 τὰ
1814 3965 1924 4020 ἴδια

337 4052 512 4118 enim,
555 4053 606 4108 id
649 4062 752 4121 est,
788 4056 861 4118 lin
896 4073 1019 4120 sua,
1057 4073 1256 4111 nomen
1311 4066 1392 4112 est
1439 4058 1656 4128 generis
1714 4059 1921 4125 neutri,

337 4157 500 4199 casus
526 4145 849 4213 accusativi,
887 4147 1098 4202 numeri
1125 4148 1386 4217 pluralis;
1418 4148 1499 4211 εἰς
1531 4148 1728 4202 ἑαυτοῦ
1767 4165 1922 4214 vero,

340 4237 393 4292 id
429 4247 512 4292 est
548 4237 602 4292 in
631 4255 805 4304 suam,
843 4254 1143 4308 pronomen
1178 4248 1265 4294 est
1300 4238 1666 4310 reciprocum.
1709 4242 1922 4298 numeri

341 4329 662 4400 singularis,
699 4345 860 4386 casus
894 4329 1123 4400 genitivi
1151 4347 1167 4398 ;
1200 4330 1434 4401 proinde
1490 4332 1676 4388 nullus
1700 4333 1921 4388 Graeco—

341 4440 465 4476 rum
493 4423 840 4478 lihrariorum
873 4421 930 4477 in
962 4437 1024 4477 ea
1061 4432 1217 4493 parte
1253 4421 1424 4479 fuisse
1472 4423 1782 4480 credendus
1840 4434 1922 4480 est

2024 3607 2324 3670 transtulit,
2393 3603 2590 3659 veloces
2656 3604 2814 3672 pedes
2863 3617 3046 3656 eorum
3101 3601 3172 3654 ad
3231 3600 3612 3671 effundendum

2025 3702 2358 3771 sanguinem.
2397 3697 2461 3752 Et
2491 3696 2600 3751 alia
2623 3695 2845 3764 quidem
2883 3710 2994 3749 non
3027 3693 3288 3759 obseura,
3336 3693 3433 3747 sed
3471 3693 3611 3747 falsa

2024 3799 2172 3858 sunt,
2198 3803 2432 3860 quorum
2462 3789 2567 3842 alia
2596 3785 2845 3842 conditio
2871 3795 2978 3839 est.
3014 3783 3157 3838 llinc
3181 3793 3266 3837 est
3292 3783 3428 3838 illud
3452 3783 3611 3852 quod

2024 3883 2150 3952 quia
2199 3881 2432 3935 moschos
2464 3878 2653 3934 Graece
2687 3875 2881 3930 vitulus
2913 3873 3140 3936 dicitur,
3200 3873 3427 3943 quidam
3496 3888 3608 3928 non

2028 3971 2424 4043 intelligentes,
2453 3967 2826 4039 plantationes
2868 3964 3188 4021 vitulamina
3245 3965 3610 4034 interpretati

2026 4073 2174 4128 sunt,
2201 4062 2295 4134 qui
2324 4077 2486 4117 error
2517 4069 2626 4114 tam
2659 4058 2862 4112 multos
2891 4057 3112 4112 codices
3166 4057 3605 4125 pmoecupavit,

2029 4166 2090 4211 ut
2139 4156 2230 4209 vix
2255 4153 2568 4209 inveniatur
2593 4152 2754 4205 aliter
2794 4152 3086 4219 scriptum.
3136 4147 3242 4204 Sed
3275 4148 3347 4204 de
3388 4149 3474 4201 his
3519 4165 3615 4204 sa-

2030 4248 2119 4303 tis.
2155 4246 2315 4302 Nunc
2369 4245 2436 4300 ad
2490 4241 2956 4313 comprobandam
3031 4240 3618 4314 corroborandamque

2028 4341 2267 4399 litteram
2299 4337 2542 4394 Graecam
2581 4343 2768 4389 nostra
2795 4341 3048 4388 vertatur
3077 4333 3279 4386 oratio.

2102 4427 2472 4484 Probavimus
2502 4440 2600 4495 per
2631 4433 2948 4478 sanctorum
2987 4421 3280 4477 doctorum
3314 4424 3616 4478 auctorita-

339 4530 517 4570 error.
551 4515 623 4568 At
661 4515 728 4570 de
755 4531 855 4570 sua
888 4514 943 4568 in
977 4531 1128 4569 suam
1156 4513 1333 4570 facilis
1387 4515 1575 4586 lapsus
1602 4530 1707 4582 est,
1759 4519 1918 4574 unica
1955 4507 1998 4562 D
2031 4530 2162 4581 tem.
2195 4529 2252 4575 et
2290 4517 2514 4588 quidem
2548 4517 2702 4582 satis,
2729 4525 2788 4570 ut
2817 4515 3076 4581 arbitror,
3107 4513 3373 4570 Joannem
3429 4515 3617 4570 Evan-

339 4606 525 4663 littera
564 4607 846 4679 adjuncta.
883 4606 1227 4664 Manifestius
1255 4618 1441 4664 autem
1497 4610 1646 4667 hunc
1672 4628 1917 4668 errarent

341 4697 540 4768 probat
569 4698 714 4768 quod
746 4699 800 4752 in
832 4698 1162 4768 quibusdam
1197 4701 1670 4759 emendatioribus
1700 4704 1925 4762 Latino-

342 4807 462 4846 rum
492 4790 772 4847 codicibus
799 4807 912 4847 non
947 4793 1001 4846 iu
1039 4809 1192 4848 suam
1217 4835 1232 4858 ,
1278 4794 1372 4849 sed
1408 4797 1461 4849 in
1511 4813 1610 4850 sua
1652 4797 1920 4868 scriptum

340 4885 853 4941 animadvertimus.
886 4885 1101 4942 Rursus
1139 4887 1284 4956 apud
1325 4887 1592 4944 Joannem
1623 4890 1696 4944 ita
1723 4891 1924 4945 scribi-

343 4987 431 5030 tur
473 4994 486 5030 :
527 4979 790 5045 Ἄγουσιν
821 4975 914 5030 οὖν
939 4978 1031 5031 τὸν
1070 4977 1282 5046 Ἰησοῦν
1317 4979 1427 5032 ἀπὸ
1455 4979 1547 5033 τοῦ
1585 4981 1808 5049 Καῖάφα
1839 4987 1920 5048 εἰς

339 5069 398 5122 τὸ
424 5068 783 5140 πριιτὼριον,
818 5071 871 5124 id
903 5079 1008 5137 est,
1039 5071 1322 5127 Adducunt
1351 5071 1538 5127 Iesum
1568 5091 1599 5128 a
1633 5073 1912 5144 Caiphain

341 5164 652 5231 prwtorium
684 5165 725 5218 ³.
758 5166 1005 5236 Imperiti
1052 5179 1190 5223 vero
1221 5168 1480 5225 homines
1534 5171 1604 5224 ad
1655 5170 1921 5240 Caipham

342 5259 397 5310 in
422 5258 734 5327 praetorium
765 5259 1041 5328 scribunt,
1100 5277 1212 5331 quo
1247 5260 1300 5315 in
1358 5263 1482 5317 loco
1513 5263 1656 5332 apud
1700 5263 1922 5322 Cra-cos

343 5349 570 5420 quidem
611 5351 760 5405 nulla
791 5351 970 5407 errori
1011 5353 1229 5408 occasio
1257 5353 1441 5422 datur,
1477 5371 1602 5414 cum
1646 5357 1754 5408 ἀπὸ
1783 5373 1926 5427 ιιι-τιξ-

345 5440 548 5510 positio
586 5457 708 5512 quae
740 5442 796 5496 in
827 5441 892 5496 ab
920 5441 1253 5499 transfertur
1283 5453 1340 5499 et
1396 5445 1533 5515 πρὸς
1567 5461 1690 5514 qua:
1741 5447 1794 5499 in
1829 5447 1921 5512 ad,

346 5535 550 5589 nullam
576 5550 804 5605 prorsus
828 5535 972 5592 inter
989 5553 1048 5592 se
1072 5536 1491 5596 similitudinem
1515 5537 1752 5602 habent;
1777 5539 1925 5609 apud

346 5625 573 5684 Latinos
602 5644 732 5684 vero
765 5628 941 5684 facilis
970 5639 1054 5684 est
1085 5630 1138 5684 in
1165 5646 1412 5685 errorem
1447 5629 1649 5702 lapsus,
1676 5630 1709 5684 d
1738 5631 1928 5688 littera

313 5801 315 5804 υ
423 5746 439 5776 ¹
468 5744 625 5817 Joan.
665 5761 702 5817 ιθ,
730 5748 845 5817 *13η
933 5748 952 5778 ³
984 5746 1141 5817 Joan.
1187 5764 1297 5817 ius,
1345 5749 1437 5803 ‘27.

351 5829 473 5884 vm,
502 5814 596 5868 (Μ.
673 5816 692 5846 ⁷
724 5815 871 5872 Psal.
898 5831 1017 5885 sui,
1056 5816 1107 5870 5.

1550 5750 1569 5779 ⁸
1601 5750 1755 5806 Joan.
1814 5767 1962 5820 mn,
2006 5752 2074 5807 ’23

2029 4612 2278 4686 gelistam
2316 4617 2549 4664 mortem
2584 4605 2811 4662 obiisse.
2846 4605 2960 4662 lloc
2992 4616 3119 4661 ante
3149 4605 3336 4660 omnia
3398 4605 3616 4662 Latina:

2025 4706 2226 4760 littera:
2261 4699 2709 4766 manifestissime
2744 4697 3078 4754 contradicit
3134 4696 3191 4751 in
3242 4713 3348 4766 qua
3381 4697 3615 4760 dicitur,

2031 4798 2120 4855 Sic
2151 4814 2271 4854 eum
2299 4794 2414 4850 volo
2447 4809 2696 4857 manere;
2731 4806 2839 4847 non
2872 4792 3022 4845 enim
3077 4791 3152 4844 ita
3203 4788 3399 4856 voluit,
3441 4807 3616 4861 quart-

2031 4892 2333 4962 doquidem
2365 4904 2474 4943 non
2506 4887 2579 4941 ita
2613 4886 2750 4952 fuit;
2803 4901 2928 4939 nam
2971 4883 3016 4939 si
3081 4885 3153 4937 ita
3190 4884 3479 4948 voluisset,
3543 4886 3615 4939 ita

2027 4984 2275 5052 profecto
2300 4981 2492 5035 fuisset
2526 4995 2539 5032 :
2581 4987 2676 5033 aut
2713 4977 2878 5047 igitur
2911 4973 3252 5037 mentientis.
3290 4983 3387 5028 aut
3423 4976 3615 5046 pueri-

2027 5078 2152 5131 liter
2183 5071 2572 5129 contendentis
2613 5069 2780 5124 verba
2809 5068 3015 5132 forent,
3045 5083 3112 5122 ex
3155 5067 3307 5120 illius
3353 5081 3452 5120 ore
3488 5083 3618 5135 pro-

2030 5167 2280 5230 deuntia.
2316 5164 2412 5235 qui
2469 5161 2753 5220 contraria
2793 5160 2862 5214 iis
2895 5174 3016 5229 quae
3075 5158 3405 5231 loquebatur
3464 5158 3620 5212 vole-

2029 5263 2142 5316 bat.
2176 5259 2280 5315 Sed
2314 5258 2431 5314 hzec
2473 5257 2541 5312 de
2579 5254 2868 5311 Salvatore
2902 5253 3152 5322 cogitare
3197 5252 3472 5306 nefarium
3506 5259 3614 5303 est.

2037 5355 2335 5411 Enimvero
2384 5352 2554 5424 igitur
2587 5347 2734 5419 quod
2777 5347 3020 5419 nolebat,
3077 5363 3187 5401 non
3233 5345 3506 5410 dixisset;
3560 5354 3618 5401 et

2032 5450 2291 5518 quoniam
2327 5461 2452 5501 cum
2489 5443 2710 5498 uolebat
2747 5441 2802 5496 iu
2836 5440 2938 5494 hac
2974 5440 3084 5494 vita
3121 5439 3426 5495 secundum
3490 5442 3614 5511 ejus

2033 5539 2329 5594 adventrum
2355 5543 2695 5606 exspectare,
2737 5547 2845 5586 non
2880 5530 3134 5594 dixisset,
3197 5528 3285 5584 Sic
3318 5547 3435 5583 eum
3503 5529 3618 5582 rolo

2039 5649 2272 5687 manere.
2307 5629 2447 5696 Quid
2500 5626 2643 5697 quod
2680 5640 2918 5695 sequens
2968 5635 3024 5679 et
3087 5639 3226 5694 pene
3289 5623 3615 5678 continuata

2202 5751 2261 5804 ‘l
2308 5751 2429 5804 (lor.
2470 5765 2516 5805 κ,
2569 5746 2647 5803 Π.
2755 5744 2772 5770 ’⁵
2807 5741 2994 5802 iiattlt.
3031 5759 3153 5804 μιν,
3197 5743 3251 5797 Ι.’
3355 5742 3445 5796 ‘il
3481 5742 3614 5798 (lor.
