  <div class='ocr_page' id='page_1' title='image "/cluster/home/n/w/nwhite01/storage/ocr_20150623/161/hvd.32044073502700/430.png"; bbox 0 0 3880 6220; ppageno 0'>
   <div class='ocr_carea' id='block_1_1' title="bbox 271 330 388 395">
    <p class='ocr_par' dir='ltr' id='par_1_1' title="bbox 271 330 388 395">
     <span class='ocr_line' id='line_1_1' title="bbox 271 330 388 395; baseline 0.026 -3"><span class='ocrx_word' id='word_1_1' title='bbox 271 330 388 395; x_wconf 79' lang='lat'><strong>633</strong></span> 
     </span>
    </p>
   </div>
   <div class='ocr_carea' id='block_1_2' title="bbox 1116 312 2741 389">
    <p class='ocr_par' dir='ltr' id='par_1_2' title="bbox 1116 312 2741 389">
     <span class='ocr_line' id='line_1_2' title="bbox 1116 312 2741 389; baseline -0.003 -9"><span class='ocrx_word' id='word_1_2' title='bbox 1116 319 1197 380; x_wconf 90' lang='lat' dir='ltr'><strong>IN</strong></span> <span class='ocrx_word' id='word_1_3' title='bbox 1229 319 1490 389; x_wconf 81' lang='lat' dir='ltr'><strong>ILLUD,</strong></span> <span class='ocrx_word' id='word_1_4' title='bbox 1530 330 1547 363; x_wconf 72' lang='grc' dir='ltr'>ί</span> <span class='ocrx_word' id='word_1_5' title='bbox 1593 317 1662 377; x_wconf 89' lang='lat' dir='ltr'><strong>SI</strong></span> <span class='ocrx_word' id='word_1_6' title='bbox 1695 315 1859 376; x_wconf 87' lang='lat' dir='ltr'><strong>EUM</strong></span> <span class='ocrx_word' id='word_1_7' title='bbox 1892 314 2089 378; x_wconf 76' lang='grc' dir='ltr'><strong>νοω</strong></span> <span class='ocrx_word' id='word_1_8' title='bbox 2125 312 2470 386; x_wconf 76' lang='lat' dir='ltr'><strong>MANERE,</strong></span> <span class='ocrx_word' id='word_1_9' title='bbox 2510 326 2530 362; x_wconf 66' lang='grc' dir='ltr'><strong>ι</strong></span> <span class='ocrx_word' id='word_1_10' title='bbox 2577 313 2741 376; x_wconf 81' lang='lat' dir='ltr'><strong>ETC.</strong></span> 
     </span>
    </p>
   </div>
   <div class='ocr_carea' id='block_1_3' title="bbox 3427 277 3576 384">
    <p class='ocr_par' dir='ltr' id='par_1_3' title="bbox 3427 277 3576 384">
     <span class='ocr_line' id='line_1_3' title="bbox 3427 277 3576 384; baseline 0 0"><span class='ocrx_word' id='word_1_11' title='bbox 3427 277 3576 384; x_wconf 58' lang='grc' dir='ltr'><strong>δεδι</strong></span> 
     </span>
    </p>
   </div>
   <div class='ocr_carea' id='block_1_4' title="bbox 279 418 3539 512">
    <p class='ocr_par' dir='ltr' id='par_1_4' title="bbox 279 418 3539 512">
     <span class='ocr_line' id='line_1_4' title="bbox 279 418 3539 512; baseline -0.005 -11"><span class='ocrx_word' id='word_1_12' title='bbox 279 418 477 501; x_wconf 76' lang='lat' dir='ltr'><strong>oratio</strong></span> <span class='ocrx_word' id='word_1_13' title='bbox 505 443 609 499; x_wconf 89' lang='lat' dir='ltr'><strong>hoc</strong></span> <span class='ocrx_word' id='word_1_14' title='bbox 642 442 820 512; x_wconf 90' lang='lat' dir='ltr'><strong>ipsum</strong></span> <span class='ocrx_word' id='word_1_15' title='bbox 850 437 1126 504; x_wconf 73' lang='lat' dir='ltr'><strong>ostendit;</strong></span> <span class='ocrx_word' id='word_1_16' title='bbox 1167 452 1292 492; x_wconf 85' lang='lat' dir='ltr'><strong>mox</strong></span> <span class='ocrx_word' id='word_1_17' title='bbox 1317 451 1437 492; x_wconf 89' lang='lat' dir='ltr'><strong>eam</strong></span> <span class='ocrx_word' id='word_1_18' title='bbox 1472 433 1858 490; x_wconf 87' lang='lat' dir='ltr'><strong>sanctissimus</strong></span> <span class='ocrx_word' id='word_1_19' title='bbox 1886 435 1934 498; x_wconf 75' lang='grc' dir='ltr'>Α</span> <span class='ocrx_word' id='word_1_20' title='bbox 1959 431 2161 502; x_wconf 85' lang='lat' dir='ltr'><strong>quibus</strong></span> <span class='ocrx_word' id='word_1_21' title='bbox 2192 429 2638 486; x_wconf 78' lang='lat' dir='ltr'><strong>adversariorum</strong></span> <span class='ocrx_word' id='word_1_22' title='bbox 2696 444 2918 500; x_wconf 89' lang='lat' dir='ltr'><strong>quoque</strong></span> <span class='ocrx_word' id='word_1_23' title='bbox 2956 437 3275 501; x_wconf 78' lang='lat' dir='ltr'><strong>arginnenta</strong></span> <span class='ocrx_word' id='word_1_24' title='bbox 3310 433 3449 488; x_wconf 83' lang='lat' dir='ltr'><strong>solvi</strong></span> <span class='ocrx_word' id='word_1_25' title='bbox 3480 441 3539 488; x_wconf 90' lang='lat' dir='ltr'><strong>et</strong></span> 
     </span>
    </p>
   </div>
   <div class='ocr_carea' id='block_1_5' title="bbox 281 525 1860 607">
    <p class='ocr_par' dir='ltr' id='par_1_5' title="bbox 281 525 1860 607">
     <span class='ocr_line' id='line_1_5' title="bbox 281 525 1860 607; baseline -0.011 -13"><span class='ocrx_word' id='word_1_26' title='bbox 281 535 634 607; x_wconf 77' lang='lat' dir='ltr'><strong>Evangelista</strong></span> <span class='ocrx_word' id='word_1_27' title='bbox 681 533 924 588; x_wconf 81' lang='lat' dir='ltr'><strong>Joannes</strong></span> <span class='ocrx_word' id='word_1_28' title='bbox 975 528 1292 600; x_wconf 85' lang='lat' dir='ltr'><strong>opinionem</strong></span> <span class='ocrx_word' id='word_1_29' title='bbox 1327 525 1860 595; x_wconf 85' lang='lat' dir='ltr'><strong>condiscipulorum,</strong></span> 
     </span>
    </p>
   </div>
   <div class='ocr_carea' id='block_1_6' title="bbox 282 615 1860 704">
    <p class='ocr_par' dir='ltr' id='par_1_6' title="bbox 282 615 1860 704">
     <span class='ocr_line' id='line_1_6' title="bbox 282 615 1860 704; baseline -0.012 -17"><span class='ocrx_word' id='word_1_30' title='bbox 282 646 448 704; x_wconf 90' lang='lat' dir='ltr'><strong>quam</strong></span> <span class='ocrx_word' id='word_1_31' title='bbox 475 643 543 685; x_wconf 91' lang='lat' dir='ltr'><strong>ex</strong></span> <span class='ocrx_word' id='word_1_32' title='bbox 569 626 881 683; x_wconf 86' lang='lat' dir='ltr'><strong>Salvatoris</strong></span> <span class='ocrx_word' id='word_1_33' title='bbox 899 636 1159 680; x_wconf 85' lang='lat' dir='ltr'><strong>sermone</strong></span> <span class='ocrx_word' id='word_1_34' title='bbox 1183 625 1579 688; x_wconf 74' lang='lat' dir='ltr'><strong>conceperant,</strong></span> <span class='ocrx_word' id='word_1_35' title='bbox 1606 615 1860 670; x_wconf 89' lang='lat' dir='ltr'><strong>dicentes</strong></span> 
     </span>
    </p>
   </div>
   <div class='ocr_carea' id='block_1_7' title="bbox 283 707 1866 792">
    <p class='ocr_par' dir='ltr' id='par_1_7' title="bbox 283 707 1866 792">
     <span class='ocr_line' id='line_1_7' title="bbox 283 707 1866 792; baseline -0.013 -13"><span class='ocrx_word' id='word_1_36' title='bbox 283 721 617 792; x_wconf 89' lang='lat' dir='ltr'><strong>discipulum</strong></span> <span class='ocrx_word' id='word_1_37' title='bbox 679 717 835 772; x_wconf 91' lang='lat' dir='ltr'><strong>illum</strong></span> <span class='ocrx_word' id='word_1_38' title='bbox 882 729 994 770; x_wconf 90' lang='lat' dir='ltr'><strong>non</strong></span> <span class='ocrx_word' id='word_1_39' title='bbox 1035 712 1391 777; x_wconf 91' lang='lat' dir='ltr'><strong>moriturum,</strong></span> <span class='ocrx_word' id='word_1_40' title='bbox 1433 708 1524 764; x_wconf 89' lang='lat' dir='ltr'><strong>his</strong></span> <span class='ocrx_word' id='word_1_41' title='bbox 1559 707 1744 764; x_wconf 90' lang='lat' dir='ltr'><strong>verbis</strong></span> <span class='ocrx_word' id='word_1_42' title='bbox 1776 721 1866 760; x_wconf 85' lang='lat' dir='ltr'><strong>ar-</strong></span> 
     </span>
    </p>
   </div>
   <div class='ocr_carea' id='block_1_8' title="bbox 284 795 1864 880">
    <p class='ocr_par' dir='ltr' id='par_1_8' title="bbox 284 795 1864 880">
     <span class='ocr_line' id='line_1_8' title="bbox 284 795 1864 880; baseline -0.009 -15"><span class='ocrx_word' id='word_1_43' title='bbox 284 811 424 880; x_wconf 77' lang='lat' dir='ltr'><strong>guit,</strong></span> <span class='ocrx_word' id='word_1_44' title='bbox 457 808 646 863; x_wconf 90' lang='lat' dir='ltr'><strong>dicens</strong></span> <span class='ocrx_word' id='word_1_45' title='bbox 676 826 690 864; x_wconf 85' lang='lat'><strong>:</strong></span> <span class='ocrx_word' id='word_1_46' title='bbox 727 803 798 858; x_wconf 83' lang='lat' dir='ltr'><strong>Et</strong></span> <span class='ocrx_word' id='word_1_47' title='bbox 821 819 924 858; x_wconf 82' lang='lat' dir='ltr'><strong>non</strong></span> <span class='ocrx_word' id='word_1_48' title='bbox 955 803 1090 858; x_wconf 65' lang='lat' dir='ltr'><strong>dixit</strong></span> <span class='ocrx_word' id='word_1_49' title='bbox 1129 799 1302 868; x_wconf 76' lang='lat' dir='ltr'><strong>Iesus,</strong></span> <span class='ocrx_word' id='word_1_50' title='bbox 1334 800 1454 856; x_wconf 89' lang='lat' dir='ltr'><strong>Non</strong></span> <span class='ocrx_word' id='word_1_51' title='bbox 1488 799 1731 863; x_wconf 84' lang='lat' dir='ltr'><strong>moritur,</strong></span> <span class='ocrx_word' id='word_1_52' title='bbox 1767 795 1864 852; x_wconf 84' lang='lat' dir='ltr'><strong>sed</strong></span> 
     </span>
    </p>
   </div>
   <div class='ocr_carea' id='block_1_9' title="bbox 285 888 1870 960">
    <p class='ocr_par' dir='ltr' id='par_1_9' title="bbox 285 888 1870 960">
     <span class='ocr_line' id='line_1_9' title="bbox 285 888 1870 960; baseline -0.009 -3"><span class='ocrx_word' id='word_1_53' title='bbox 285 901 346 957; x_wconf 84' lang='lat' dir='ltr'><strong>Si</strong></span> <span class='ocrx_word' id='word_1_54' title='bbox 371 917 488 955; x_wconf 83' lang='lat' dir='ltr'><strong>eum</strong></span> <span class='ocrx_word' id='word_1_55' title='bbox 515 897 633 953; x_wconf 76' lang='lat' dir='ltr'><strong>volo</strong></span> <span class='ocrx_word' id='word_1_56' title='bbox 661 911 875 950; x_wconf 74' lang='lat' dir='ltr'><strong>manere</strong></span> <span class='ocrx_word' id='word_1_57' title='bbox 904 894 1315 949; x_wconf 67' lang='lat' dir='ltr'><strong>donec‘rem&#39;am.</strong></span> <span class='ocrx_word' id='word_1_58' title='bbox 1349 891 1504 959; x_wconf 85' lang='lat' dir='ltr'><strong>Quod</strong></span> <span class='ocrx_word' id='word_1_59' title='bbox 1527 888 1756 960; x_wconf 86' lang='lat' dir='ltr'><strong>perinde</strong></span> <span class='ocrx_word' id='word_1_60' title='bbox 1779 895 1870 943; x_wconf 84' lang='lat' dir='ltr'><strong>est</strong></span> 
     </span>
    </p>
   </div>
   <div class='ocr_carea' id='block_1_10' title="bbox 285 982 1864 1053">
    <p class='ocr_par' dir='ltr' id='par_1_10' title="bbox 285 982 1864 1053">
     <span class='ocr_line' id='line_1_10' title="bbox 285 982 1864 1053; baseline -0.008 -7"><span class='ocrx_word' id='word_1_61' title='bbox 285 1007 352 1046; x_wconf 92' lang='lat' dir='ltr'><strong>ac</strong></span> <span class='ocrx_word' id='word_1_62' title='bbox 389 991 435 1045; x_wconf 90' lang='lat' dir='ltr'><strong>si</strong></span> <span class='ocrx_word' id='word_1_63' title='bbox 477 1005 573 1045; x_wconf 86' lang='lat' dir='ltr'><strong>eos</strong></span> <span class='ocrx_word' id='word_1_64' title='bbox 617 1001 836 1044; x_wconf 85' lang='lat' dir='ltr'><strong>errasse</strong></span> <span class='ocrx_word' id='word_1_65' title='bbox 866 985 1102 1049; x_wconf 90' lang='lat' dir='ltr'><strong>diceret,</strong></span> <span class='ocrx_word' id='word_1_66' title='bbox 1139 982 1286 1053; x_wconf 92' lang='lat' dir='ltr'><strong>quod</strong></span> <span class='ocrx_word' id='word_1_67' title='bbox 1344 982 1398 1036; x_wconf 94' lang='lat' dir='ltr'><strong>in</strong></span> <span class='ocrx_word' id='word_1_68' title='bbox 1447 997 1576 1036; x_wconf 91' lang='lat' dir='ltr'><strong>eum</strong></span> <span class='ocrx_word' id='word_1_69' title='bbox 1641 994 1864 1035; x_wconf 91' lang='lat' dir='ltr'><strong>sensum</strong></span> 
     </span>
    </p>
   </div>
   <div class='ocr_carea' id='block_1_11' title="bbox 285 1070 1862 1148">
    <p class='ocr_par' dir='ltr' id='par_1_11' title="bbox 285 1070 1862 1148">
     <span class='ocr_line' id='line_1_11' title="bbox 285 1070 1862 1148; baseline -0.006 -13"><span class='ocrx_word' id='word_1_70' title='bbox 285 1081 454 1136; x_wconf 84' lang='lat' dir='ltr'><strong>verba</strong></span> <span class='ocrx_word' id='word_1_71' title='bbox 487 1079 693 1135; x_wconf 86' lang='lat' dir='ltr'><strong>Christi</strong></span> <span class='ocrx_word' id='word_1_72' title='bbox 722 1077 1086 1148; x_wconf 85' lang='lat' dir='ltr'><strong>accepissent.</strong></span> <span class='ocrx_word' id='word_1_73' title='bbox 1119 1074 1277 1142; x_wconf 85' lang='lat' dir='ltr'><strong>Quod</strong></span> <span class='ocrx_word' id='word_1_74' title='bbox 1311 1073 1378 1141; x_wconf 88' lang='lat' dir='ltr'><strong>si,</strong></span> <span class='ocrx_word' id='word_1_75' title='bbox 1438 1073 1526 1129; x_wconf 89' lang='lat' dir='ltr'><strong>Sic</strong></span> <span class='ocrx_word' id='word_1_76' title='bbox 1581 1089 1700 1127; x_wconf 82' lang='lat' dir='ltr'><strong>eum</strong></span> <span class='ocrx_word' id='word_1_77' title='bbox 1744 1070 1862 1126; x_wconf 79' lang='lat' dir='ltr'><strong>volo</strong></span> 
     </span>
    </p>
   </div>
   <div class='ocr_carea' id='block_1_12' title="bbox 288 1166 1864 1237">
    <p class='ocr_par' dir='ltr' id='par_1_12' title="bbox 288 1166 1864 1237">
     <span class='ocr_line' id='line_1_12' title="bbox 288 1166 1864 1237; baseline -0.004 -11"><span class='ocrx_word' id='word_1_78' title='bbox 288 1187 527 1237; x_wconf 84' lang='lat' dir='ltr'><strong>manere,</strong></span> <span class='ocrx_word' id='word_1_79' title='bbox 567 1171 796 1227; x_wconf 77' lang='lat' dir='ltr'><strong>dixisset</strong></span> <span class='ocrx_word' id='word_1_80' title='bbox 845 1168 1123 1233; x_wconf 84' lang='lat' dir='ltr'><strong>Christus,</strong></span> <span class='ocrx_word' id='word_1_81' title='bbox 1187 1167 1380 1237; x_wconf 89' lang='lat' dir='ltr'><strong>quidni</strong></span> <span class='ocrx_word' id='word_1_82' title='bbox 1435 1181 1564 1221; x_wconf 88' lang='lat' dir='ltr'><strong>vera</strong></span> <span class='ocrx_word' id='word_1_83' title='bbox 1620 1166 1864 1235; x_wconf 90' lang='lat' dir='ltr'><strong>discipu-</strong></span> 
     </span>
    </p>
   </div>
   <div class='ocr_carea' id='block_1_13' title="bbox 289 1259 1885 1334">
    <p class='ocr_par' dir='ltr' id='par_1_13' title="bbox 289 1259 1885 1334">
     <span class='ocr_line' id='line_1_13' title="bbox 289 1259 1885 1334; baseline -0.004 -14"><span class='ocrx_word' id='word_1_84' title='bbox 289 1267 466 1320; x_wconf 90' lang='lat' dir='ltr'><strong>lorum</strong></span> <span class='ocrx_word' id='word_1_85' title='bbox 500 1264 688 1334; x_wconf 87' lang='lat' dir='ltr'><strong>opinio</strong></span> <span class='ocrx_word' id='word_1_86' title='bbox 723 1261 958 1318; x_wconf 81' lang='lat' dir='ltr'><strong>fuisset?-</strong></span> <span class='ocrx_word' id='word_1_87' title='bbox 1010 1259 1122 1315; x_wconf 78' lang='lat' dir='ltr'><strong>Nec</strong></span> <span class='ocrx_word' id='word_1_88' title='bbox 1146 1259 1374 1315; x_wconf 81' lang='lat' dir='ltr'><strong>Joannis</strong></span> <span class='ocrx_word' id='word_1_89' title='bbox 1400 1259 1565 1314; x_wconf 90' lang='lat' dir='ltr'><strong>verba</strong></span> <span class='ocrx_word' id='word_1_90' title='bbox 1626 1260 1694 1314; x_wconf 89' lang='lat' dir='ltr'><strong>de</strong></span> <span class='ocrx_word' id='word_1_91' title='bbox 1727 1259 1885 1315; x_wconf 80' lang='lat' dir='ltr'><strong>falsa</strong></span> 
     </span>
    </p>
   </div>
   <div class='ocr_carea' id='block_1_14' title="bbox 290 1348 1867 1422">
    <p class='ocr_par' dir='ltr' id='par_1_14' title="bbox 290 1348 1867 1422">
     <span class='ocr_line' id='line_1_14' title="bbox 290 1348 1867 1422; baseline -0.003 -14"><span class='ocrx_word' id='word_1_92' title='bbox 290 1352 688 1422; x_wconf 85' lang='lat' dir='ltr'><strong>discipulorum</strong></span> <span class='ocrx_word' id='word_1_93' title='bbox 710 1351 973 1420; x_wconf 84' lang='lat' dir='ltr'><strong>Opinione</strong></span> <span class='ocrx_word' id='word_1_94' title='bbox 998 1358 1336 1415; x_wconf 82' lang='lat' dir='ltr'><strong>constarent,</strong></span> <span class='ocrx_word' id='word_1_95' title='bbox 1362 1348 1457 1404; x_wconf 86' lang='lat' dir='ltr'><strong>sed</strong></span> <span class='ocrx_word' id='word_1_96' title='bbox 1489 1348 1595 1402; x_wconf 82' lang='lat' dir='ltr'><strong>sibi</strong></span> <span class='ocrx_word' id='word_1_97' title='bbox 1630 1349 1867 1404; x_wconf 82' lang='lat' dir='ltr'><strong>invicem</strong></span> 
     </span>
    </p>
   </div>
   <div class='ocr_carea' id='block_1_15' title="bbox 292 1441 1864 1507">
    <p class='ocr_par' dir='ltr' id='par_1_15' title="bbox 292 1441 1864 1507">
     <span class='ocr_line' id='line_1_15' title="bbox 292 1441 1864 1507; baseline -0.003 -6"><span class='ocrx_word' id='word_1_98' title='bbox 292 1449 729 1501; x_wconf 72' lang='lat' dir='ltr'><strong>adversarentur</strong></span> <span class='ocrx_word' id='word_1_99' title='bbox 779 1459 844 1499; x_wconf 89' lang='lat' dir='ltr'><strong>ac</strong></span> <span class='ocrx_word' id='word_1_100' title='bbox 905 1443 1380 1507; x_wconf 89' lang='lat' dir='ltr'><strong>contradicereut;</strong></span> <span class='ocrx_word' id='word_1_101' title='bbox 1444 1441 1652 1496; x_wconf 80' lang='lat' dir='ltr'><strong>dixisse</strong></span> <span class='ocrx_word' id='word_1_102' title='bbox 1714 1445 1864 1496; x_wconf 90' lang='lat' dir='ltr'><strong>enim</strong></span> 
     </span>
    </p>
   </div>
   <div class='ocr_carea' id='block_1_16' title="bbox 291 1535 1868 1604">
    <p class='ocr_par' dir='ltr' id='par_1_16' title="bbox 291 1535 1868 1604">
     <span class='ocr_line' id='line_1_16' title="bbox 291 1535 1868 1604; baseline 0.001 -14"><span class='ocrx_word' id='word_1_103' title='bbox 291 1539 594 1604; x_wconf 72' lang='lat' dir='ltr'><strong>Christum,</strong></span> <span class='ocrx_word' id='word_1_104' title='bbox 629 1536 716 1592; x_wconf 66' lang='lat' dir='ltr'><strong>Sic</strong></span> <span class='ocrx_word' id='word_1_105' title='bbox 757 1535 1023 1592; x_wconf 75' lang='lat' dir='ltr'><strong>cumrato</strong></span> <span class='ocrx_word' id='word_1_106' title='bbox 1085 1551 1323 1600; x_wconf 82' lang='lat' dir='ltr'><strong>ntanere,</strong></span> <span class='ocrx_word' id='word_1_107' title='bbox 1384 1545 1439 1590; x_wconf 90' lang='lat' dir='ltr'><strong>et</strong></span> <span class='ocrx_word' id='word_1_108' title='bbox 1495 1552 1607 1592; x_wconf 88' lang='lat' dir='ltr'><strong>non</strong></span> <span class='ocrx_word' id='word_1_109' title='bbox 1662 1536 1868 1591; x_wconf 82' lang='lat' dir='ltr'><strong>dixisse</strong></span> 
     </span>
    </p>
   </div>
   <div class='ocr_carea' id='block_1_17' title="bbox 295 1626 1867 1697">
    <p class='ocr_par' dir='ltr' id='par_1_17' title="bbox 295 1626 1867 1697">
     <span class='ocr_line' id='line_1_17' title="bbox 295 1626 1867 1697; baseline 0.001 -17"><span class='ocrx_word' id='word_1_110' title='bbox 295 1629 442 1697; x_wconf 84' lang='lat' dir='ltr'><strong>quod</strong></span> <span class='ocrx_word' id='word_1_111' title='bbox 480 1645 587 1682; x_wconf 90' lang='lat' dir='ltr'><strong>non</strong></span> <span class='ocrx_word' id='word_1_112' title='bbox 636 1627 889 1691; x_wconf 90' lang='lat' dir='ltr'><strong>moritur,</strong></span> <span class='ocrx_word' id='word_1_113' title='bbox 924 1635 1116 1694; x_wconf 86' lang='lat' dir='ltr'><strong>aperta</strong></span> <span class='ocrx_word' id='word_1_114' title='bbox 1168 1626 1625 1694; x_wconf 81' lang='lat' dir='ltr'><strong>contradictione,</strong></span> <span class='ocrx_word' id='word_1_115' title='bbox 1660 1628 1706 1683; x_wconf 87' lang='lat' dir='ltr'><strong>si</strong></span> <span class='ocrx_word' id='word_1_116' title='bbox 1737 1642 1867 1682; x_wconf 87' lang='lat' dir='ltr'><strong>vera</strong></span> 
     </span>
    </p>
   </div>
   <div class='ocr_carea' id='block_1_18' title="bbox 295 1714 1869 1788">
    <p class='ocr_par' dir='ltr' id='par_1_18' title="bbox 295 1714 1869 1788">
     <span class='ocr_line' id='line_1_18' title="bbox 295 1714 1869 1788; baseline 0.001 -16"><span class='ocrx_word' id='word_1_117' title='bbox 295 1719 365 1772; x_wconf 87' lang='lat' dir='ltr'><strong>de</strong></span> <span class='ocrx_word' id='word_1_118' title='bbox 394 1735 452 1773; x_wconf 91' lang='lat' dir='ltr'><strong>sc</strong></span> <span class='ocrx_word' id='word_1_119' title='bbox 484 1717 829 1788; x_wconf 81' lang='lat' dir='ltr'><strong>Evangelista</strong></span> <span class='ocrx_word' id='word_1_120' title='bbox 859 1716 1128 1785; x_wconf 86' lang='lat' dir='ltr'><strong>loquitur,</strong></span> <span class='ocrx_word' id='word_1_121' title='bbox 1159 1716 1253 1784; x_wconf 89' lang='lat' dir='ltr'><strong>qui</strong></span> <span class='ocrx_word' id='word_1_122' title='bbox 1281 1723 1335 1769; x_wconf 91' lang='lat' dir='ltr'><strong>et</strong></span> <span class='ocrx_word' id='word_1_123' title='bbox 1365 1714 1418 1769; x_wconf 90' lang='lat' dir='ltr'><strong>in</strong></span> <span class='ocrx_word' id='word_1_124' title='bbox 1456 1717 1673 1772; x_wconf 67' lang='lat' dir='ltr'><strong>caeteris</strong></span> <span class='ocrx_word' id='word_1_125' title='bbox 1695 1717 1869 1788; x_wconf 86' lang='lat' dir='ltr'><strong>magis</strong></span> 
     </span>
    </p>
   </div>
   <div class='ocr_carea' id='block_1_19' title="bbox 1968 522 3532 594">
    <p class='ocr_par' dir='ltr' id='par_1_19' title="bbox 1968 522 3532 594">
     <span class='ocr_line' id='line_1_19' title="bbox 1968 522 3532 594; baseline 0.001 -18"><span class='ocrx_word' id='word_1_126' title='bbox 1968 523 2200 578; x_wconf 81' lang='lat' dir='ltr'><strong>refutari</strong></span> <span class='ocrx_word' id='word_1_127' title='bbox 2258 523 2415 579; x_wconf 81' lang='lat' dir='ltr'><strong>facile</strong></span> <span class='ocrx_word' id='word_1_128' title='bbox 2481 531 2734 592; x_wconf 90' lang='lat' dir='ltr'><strong>possunt.</strong></span> <span class='ocrx_word' id='word_1_129' title='bbox 2793 522 2928 576; x_wconf 84' lang='lat' dir='ltr'><strong>Nam</strong></span> <span class='ocrx_word' id='word_1_130' title='bbox 2964 523 3108 592; x_wconf 89' lang='lat' dir='ltr'><strong>quod</strong></span> <span class='ocrx_word' id='word_1_131' title='bbox 3149 524 3420 594; x_wconf 90' lang='lat' dir='ltr'><strong>principio</strong></span> <span class='ocrx_word' id='word_1_132' title='bbox 3443 526 3532 579; x_wconf 91' lang='lat' dir='ltr'><strong>do-</strong></span> 
     </span>
    </p>
   </div>
   <div class='ocr_carea' id='block_1_20' title="bbox 1967 615 3542 683">
    <p class='ocr_par' dir='ltr' id='par_1_20' title="bbox 1967 615 3542 683">
     <span class='ocr_line' id='line_1_20' title="bbox 1967 615 3542 683; baseline 0.003 -15"><span class='ocrx_word' id='word_1_133' title='bbox 1967 626 2182 669; x_wconf 87' lang='lat' dir='ltr'><strong>ctorum</strong></span> <span class='ocrx_word' id='word_1_134' title='bbox 2216 615 2542 670; x_wconf 84' lang='lat' dir='ltr'><strong>Latinorum</strong></span> <span class='ocrx_word' id='word_1_135' title='bbox 2592 615 2978 669; x_wconf 77' lang='lat' dir='ltr'><strong>auctoritatem</strong></span> <span class='ocrx_word' id='word_1_136' title='bbox 3020 615 3322 683; x_wconf 89' lang='lat' dir='ltr'><strong>adducunt,</strong></span> <span class='ocrx_word' id='word_1_137' title='bbox 3349 627 3406 672; x_wconf 93' lang='lat' dir='ltr'><strong>et</strong></span> <span class='ocrx_word' id='word_1_138' title='bbox 3440 632 3542 672; x_wconf 87' lang='lat' dir='ltr'><strong>nos</strong></span> 
     </span>
    </p>
   </div>
   <div class='ocr_carea' id='block_1_21' title="bbox 1967 707 3545 780">
    <p class='ocr_par' dir='ltr' id='par_1_21' title="bbox 1967 707 3545 780">
     <span class='ocr_line' id='line_1_21' title="bbox 1967 707 3545 780; baseline 0.001 -16"><span class='ocrx_word' id='word_1_139' title='bbox 1967 707 2192 778; x_wconf 87' lang='lat' dir='ltr'><strong>quidem</strong></span> <span class='ocrx_word' id='word_1_140' title='bbox 2243 707 2561 764; x_wconf 59' lang='lat' dir='ltr'><strong>Graecorum</strong></span> <span class='ocrx_word' id='word_1_141' title='bbox 2619 708 3005 764; x_wconf 88' lang='lat' dir='ltr'><strong>auctoritatem</strong></span> <span class='ocrx_word' id='word_1_142' title='bbox 3034 709 3388 778; x_wconf 89' lang='lat' dir='ltr'><strong>opponimus,</strong></span> <span class='ocrx_word' id='word_1_143' title='bbox 3420 710 3545 780; x_wconf 86' lang='lat' dir='ltr'><strong>qui-</strong></span> 
     </span>
    </p>
   </div>
   <div class='ocr_carea' id='block_1_22' title="bbox 1969 797 3542 880">
    <p class='ocr_par' dir='ltr' id='par_1_22' title="bbox 1969 797 3542 880">
     <span class='ocr_line' id='line_1_22' title="bbox 1969 797 3542 880; baseline 0 -26"><span class='ocrx_word' id='word_1_144' title='bbox 1969 800 2074 855; x_wconf 89' lang='lat' dir='ltr'><strong>bus</strong></span> <span class='ocrx_word' id='word_1_145' title='bbox 2113 809 2284 865; x_wconf 88' lang='lat' dir='ltr'><strong>certe,</strong></span> <span class='ocrx_word' id='word_1_146' title='bbox 2323 814 2446 853; x_wconf 90' lang='lat' dir='ltr'><strong>cum</strong></span> <span class='ocrx_word' id='word_1_147' title='bbox 2476 799 2544 854; x_wconf 90' lang='lat' dir='ltr'><strong>de</strong></span> <span class='ocrx_word' id='word_1_148' title='bbox 2583 797 2674 854; x_wconf 87' lang='lat' dir='ltr'><strong>his</strong></span> <span class='ocrx_word' id='word_1_149' title='bbox 2714 814 2836 868; x_wconf 71' lang='lat' dir='ltr'><strong>quae</strong></span> <span class='ocrx_word' id='word_1_150' title='bbox 2881 800 3159 880; x_wconf 82' lang='lat' dir='ltr'><strong>ineorum</strong></span> <span class='ocrx_word' id='word_1_151' title='bbox 3191 799 3376 870; x_wconf 87' lang='lat' dir='ltr'><strong>lingua</strong></span> <span class='ocrx_word' id='word_1_152' title='bbox 3401 802 3542 856; x_wconf 89' lang='lat' dir='ltr'><strong>scri-</strong></span> 
     </span>
    </p>
   </div>
   <div class='ocr_carea' id='block_1_23' title="bbox 1969 891 3538 962">
    <p class='ocr_par' dir='ltr' id='par_1_23' title="bbox 1969 891 3538 962">
     <span class='ocr_line' id='line_1_23' title="bbox 1969 891 3538 962; baseline 0.001 -16"><span class='ocrx_word' id='word_1_153' title='bbox 1969 899 2055 959; x_wconf 85' lang='lat' dir='ltr'><strong>pta</strong></span> <span class='ocrx_word' id='word_1_154' title='bbox 2087 899 2216 945; x_wconf 91' lang='lat' dir='ltr'><strong>sunt</strong></span> <span class='ocrx_word' id='word_1_155' title='bbox 2245 891 2566 960; x_wconf 88' lang='lat' dir='ltr'><strong>loquantur,</strong></span> <span class='ocrx_word' id='word_1_156' title='bbox 2598 901 2653 946; x_wconf 88' lang='lat' dir='ltr'><strong>et</strong></span> <span class='ocrx_word' id='word_1_157' title='bbox 2687 891 2930 962; x_wconf 89' lang='lat' dir='ltr'><strong>alioquin</strong></span> <span class='ocrx_word' id='word_1_158' title='bbox 2960 906 3059 956; x_wconf 84' lang='lat' dir='ltr'><strong>nec</strong></span> <span class='ocrx_word' id='word_1_159' title='bbox 3085 892 3376 947; x_wconf 89' lang='lat' dir='ltr'><strong>sanctitate</strong></span> <span class='ocrx_word' id='word_1_160' title='bbox 3394 891 3538 957; x_wconf 71' lang='lat' dir='ltr'><strong>vitaz,</strong></span> 
     </span>
    </p>
   </div>
   <div class='ocr_carea' id='block_1_24' title="bbox 1967 981 3544 1051">
    <p class='ocr_par' dir='ltr' id='par_1_24' title="bbox 1967 981 3544 1051">
     <span class='ocr_line' id='line_1_24' title="bbox 1967 981 3544 1051; baseline 0 -15"><span class='ocrx_word' id='word_1_161' title='bbox 1967 997 2070 1038; x_wconf 91' lang='lat' dir='ltr'><strong>nec</strong></span> <span class='ocrx_word' id='word_1_162' title='bbox 2127 981 2381 1039; x_wconf 87' lang='lat' dir='ltr'><strong>doctrina</strong></span> <span class='ocrx_word' id='word_1_163' title='bbox 2446 983 2756 1040; x_wconf 79' lang='lat' dir='ltr'><strong>habeantur</strong></span> <span class='ocrx_word' id='word_1_164' title='bbox 2815 982 3138 1051; x_wconf 80' lang='lat' dir='ltr'><strong>inferiores,</strong></span> <span class='ocrx_word' id='word_1_165' title='bbox 3203 983 3544 1039; x_wconf 84' lang='lat' dir='ltr'><strong>credendum</strong></span> 
     </span>
    </p>
   </div>
   <div class='ocr_carea' id='block_1_25' title="bbox 1969 1075 3538 1145">
    <p class='ocr_par' dir='ltr' id='par_1_25' title="bbox 1969 1075 3538 1145">
     <span class='ocr_line' id='line_1_25' title="bbox 1969 1075 3538 1145; baseline 0.002 -18"><span class='ocrx_word' id='word_1_166' title='bbox 1969 1075 2156 1145; x_wconf 84' lang='lat' dir='ltr'><strong>potius</strong></span> <span class='ocrx_word' id='word_1_167' title='bbox 2205 1091 2330 1131; x_wconf 89' lang='lat' dir='ltr'><strong>esse</strong></span> <span class='ocrx_word' id='word_1_168' title='bbox 2395 1076 2678 1131; x_wconf 79' lang='lat' dir='ltr'><strong>fatendum</strong></span> <span class='ocrx_word' id='word_1_169' title='bbox 2736 1085 2841 1132; x_wconf 88' lang='lat' dir='ltr'><strong>est.</strong></span> <span class='ocrx_word' id='word_1_170' title='bbox 2900 1077 2983 1131; x_wconf 85' lang='lat' dir='ltr'><strong>Ad</strong></span> <span class='ocrx_word' id='word_1_171' title='bbox 3023 1077 3139 1132; x_wconf 66' lang='lat' dir='ltr'><strong>haec</strong></span> <span class='ocrx_word' id='word_1_172' title='bbox 3161 1076 3398 1132; x_wconf 88' lang='lat' dir='ltr'><strong>dicimus</strong></span> <span class='ocrx_word' id='word_1_173' title='bbox 3429 1092 3538 1130; x_wconf 91' lang='lat' dir='ltr'><strong>nou</strong></span> 
     </span>
    </p>
   </div>
   <div class='ocr_carea' id='block_1_26' title="bbox 1967 1167 3543 1240">
    <p class='ocr_par' dir='ltr' id='par_1_26' title="bbox 1967 1167 3543 1240">
     <span class='ocr_line' id='line_1_26' title="bbox 1967 1167 3543 1240; baseline 0.002 -20"><span class='ocrx_word' id='word_1_174' title='bbox 1967 1181 2092 1222; x_wconf 88' lang='lat' dir='ltr'><strong>esse</strong></span> <span class='ocrx_word' id='word_1_175' title='bbox 2131 1167 2413 1223; x_wconf 81' lang='lat' dir='ltr'><strong>sufﬁciens</strong></span> <span class='ocrx_word' id='word_1_176' title='bbox 2448 1168 2698 1224; x_wconf 76' lang='lat' dir='ltr'><strong>veritatis</strong></span> <span class='ocrx_word' id='word_1_177' title='bbox 2743 1168 3138 1236; x_wconf 90' lang='lat' dir='ltr'><strong>testimonium,</strong></span> <span class='ocrx_word' id='word_1_178' title='bbox 3179 1167 3324 1239; x_wconf 91' lang='lat' dir='ltr'><strong>quod</strong></span> <span class='ocrx_word' id='word_1_179' title='bbox 3376 1169 3543 1240; x_wconf 90' lang='lat' dir='ltr'><strong>aliqui</strong></span> 
     </span>
    </p>
   </div>
   <div class='ocr_carea' id='block_1_27' title="bbox 1969 1256 3541 1331">
    <p class='ocr_par' dir='ltr' id='par_1_27' title="bbox 1969 1256 3541 1331">
     <span class='ocr_line' id='line_1_27' title="bbox 1969 1256 3541 1331; baseline 0.002 -21"><span class='ocrx_word' id='word_1_180' title='bbox 1969 1256 2227 1313; x_wconf 83' lang='lat' dir='ltr'><strong>doctores</strong></span> <span class='ocrx_word' id='word_1_181' title='bbox 2273 1259 2346 1313; x_wconf 90' lang='lat' dir='ltr'><strong>ita</strong></span> <span class='ocrx_word' id='word_1_182' title='bbox 2397 1275 2524 1315; x_wconf 92' lang='lat' dir='ltr'><strong>eum</strong></span> <span class='ocrx_word' id='word_1_183' title='bbox 2581 1259 2763 1315; x_wconf 92' lang='lat' dir='ltr'><strong>locum</strong></span> <span class='ocrx_word' id='word_1_184' title='bbox 2802 1269 3217 1329; x_wconf 70' lang='lat' dir='ltr'><strong>exposuerunt,</strong></span> <span class='ocrx_word' id='word_1_185' title='bbox 3269 1262 3541 1331; x_wconf 86' lang='lat' dir='ltr'><strong>siquidem</strong></span> 
     </span>
    </p>
   </div>
   <div class='ocr_carea' id='block_1_28' title="bbox 1968 1351 3543 1424">
    <p class='ocr_par' dir='ltr' id='par_1_28' title="bbox 1968 1351 3543 1424">
     <span class='ocr_line' id='line_1_28' title="bbox 1968 1351 3543 1424; baseline 0.002 -19"><span class='ocrx_word' id='word_1_186' title='bbox 1968 1351 2230 1421; x_wconf 89' lang='lat' dir='ltr'><strong>pleraque</strong></span> <span class='ocrx_word' id='word_1_187' title='bbox 2271 1352 2377 1407; x_wconf 89' lang='lat' dir='ltr'><strong>alia</strong></span> <span class='ocrx_word' id='word_1_188' title='bbox 2426 1353 2479 1406; x_wconf 91' lang='lat' dir='ltr'><strong>in</strong></span> <span class='ocrx_word' id='word_1_189' title='bbox 2527 1351 2842 1424; x_wconf 84' lang='lat' dir='ltr'><strong>hujusmodi</strong></span> <span class='ocrx_word' id='word_1_190' title='bbox 2898 1351 3354 1407; x_wconf 81' lang='lat' dir='ltr'><strong>translationibus</strong></span> <span class='ocrx_word' id='word_1_191' title='bbox 3387 1352 3543 1408; x_wconf 89' lang='lat' dir='ltr'><strong>inve-</strong></span> 
     </span>
    </p>
   </div>
   <div class='ocr_carea' id='block_1_29' title="bbox 1969 1442 3544 1514">
    <p class='ocr_par' dir='ltr' id='par_1_29' title="bbox 1969 1442 3544 1514">
     <span class='ocr_line' id='line_1_29' title="bbox 1969 1442 3544 1514; baseline 0.001 -17"><span class='ocrx_word' id='word_1_192' title='bbox 1969 1442 2111 1509; x_wconf 86' lang='lat' dir='ltr'><strong>nies,</strong></span> <span class='ocrx_word' id='word_1_193' title='bbox 2143 1443 2228 1498; x_wconf 91' lang='lat' dir='ltr'><strong>vel</strong></span> <span class='ocrx_word' id='word_1_194' title='bbox 2255 1459 2357 1514; x_wconf 84' lang='lat' dir='ltr'><strong>per</strong></span> <span class='ocrx_word' id='word_1_195' title='bbox 2388 1444 2648 1500; x_wconf 89' lang='lat' dir='ltr'><strong>librarios</strong></span> <span class='ocrx_word' id='word_1_196' title='bbox 2671 1453 2954 1514; x_wconf 88' lang='lat' dir='ltr'><strong>corrupta,</strong></span> <span class='ocrx_word' id='word_1_197' title='bbox 2983 1445 3067 1499; x_wconf 91' lang='lat' dir='ltr'><strong>vel</strong></span> <span class='ocrx_word' id='word_1_198' title='bbox 3086 1459 3187 1514; x_wconf 89' lang='lat' dir='ltr'><strong>per</strong></span> <span class='ocrx_word' id='word_1_199' title='bbox 3212 1445 3544 1514; x_wconf 89' lang='lat' dir='ltr'><strong>interpretes</strong></span> 
     </span>
    </p>
   </div>
   <div class='ocr_carea' id='block_1_30' title="bbox 1971 1536 3540 1606">
    <p class='ocr_par' dir='ltr' id='par_1_30' title="bbox 1971 1536 3540 1606">
     <span class='ocr_line' id='line_1_30' title="bbox 1971 1536 3540 1606; baseline 0.003 -18"><span class='ocrx_word' id='word_1_200' title='bbox 1971 1551 2080 1590; x_wconf 91' lang='lat' dir='ltr'><strong>non</strong></span> <span class='ocrx_word' id='word_1_201' title='bbox 2133 1545 2284 1591; x_wconf 86' lang='lat' dir='ltr'><strong>recte</strong></span> <span class='ocrx_word' id='word_1_202' title='bbox 2338 1536 2621 1604; x_wconf 89' lang='lat' dir='ltr'><strong>translata,</strong></span> <span class='ocrx_word' id='word_1_203' title='bbox 2682 1552 2802 1606; x_wconf 76' lang='lat' dir='ltr'><strong>qua:</strong></span> <span class='ocrx_word' id='word_1_204' title='bbox 2849 1547 3030 1591; x_wconf 90' lang='lat' dir='ltr'><strong>tamen</strong></span> <span class='ocrx_word' id='word_1_205' title='bbox 3061 1537 3235 1593; x_wconf 85' lang='lat' dir='ltr'><strong>sancti</strong></span> <span class='ocrx_word' id='word_1_206' title='bbox 3264 1537 3540 1603; x_wconf 87' lang='lat' dir='ltr'><strong>doctores,</strong></span> 
     </span>
    </p>
   </div>
   <div class='ocr_carea' id='block_1_31' title="bbox 1970 1627 3542 1699">
    <p class='ocr_par' dir='ltr' id='par_1_31' title="bbox 1970 1627 3542 1699">
     <span class='ocr_line' id='line_1_31' title="bbox 1970 1627 3542 1699; baseline 0 -18"><span class='ocrx_word' id='word_1_207' title='bbox 1970 1627 2208 1681; x_wconf 84' lang='lat' dir='ltr'><strong>litteram</strong></span> <span class='ocrx_word' id='word_1_208' title='bbox 2249 1642 2413 1696; x_wconf 91' lang='lat' dir='ltr'><strong>quam</strong></span> <span class='ocrx_word' id='word_1_209' title='bbox 2475 1637 2824 1696; x_wconf 89' lang='lat' dir='ltr'><strong>repererunt,</strong></span> <span class='ocrx_word' id='word_1_210' title='bbox 2875 1627 3075 1692; x_wconf 90' lang='lat' dir='ltr'><strong>secuti,</strong></span> <span class='ocrx_word' id='word_1_211' title='bbox 3113 1629 3269 1699; x_wconf 77' lang='lat' dir='ltr'><strong>juxta</strong></span> <span class='ocrx_word' id='word_1_212' title='bbox 3296 1632 3542 1684; x_wconf 86' lang='lat' dir='ltr'><strong>eamdem</strong></span> 
     </span>
    </p>
   </div>
   <div class='ocr_carea' id='block_1_32' title="bbox 1971 1716 3605 1795">
    <p class='ocr_par' dir='ltr' id='par_1_32' title="bbox 1971 1716 3605 1795">
     <span class='ocr_line' id='line_1_32' title="bbox 1971 1716 3605 1795; baseline 0.002 -24"><span class='ocrx_word' id='word_1_213' title='bbox 1971 1716 2210 1771; x_wconf 87' lang='lat' dir='ltr'><strong>litteram</strong></span> <span class='ocrx_word' id='word_1_214' title='bbox 2269 1717 2452 1772; x_wconf 89' lang='lat' dir='ltr'><strong>conati</strong></span> <span class='ocrx_word' id='word_1_215' title='bbox 2500 1727 2632 1772; x_wconf 88' lang='lat' dir='ltr'><strong>sunt</strong></span> <span class='ocrx_word' id='word_1_216' title='bbox 2679 1733 2983 1786; x_wconf 81' lang='lat' dir='ltr'><strong>exponere,</strong></span> <span class='ocrx_word' id='word_1_217' title='bbox 3031 1729 3088 1773; x_wconf 90' lang='lat' dir='ltr'><strong>et</strong></span> <span class='ocrx_word' id='word_1_218' title='bbox 3145 1720 3220 1774; x_wconf 92' lang='lat' dir='ltr'><strong>ita</strong></span> <span class='ocrx_word' id='word_1_219' title='bbox 3277 1735 3543 1789; x_wconf 82' lang='lat' dir='ltr'><strong>exposue-</strong></span> <span class='ocrx_word' id='word_1_220' title='bbox 3597 1788 3605 1795; x_wconf 29' lang='grc' dir='ltr'>ι</span> 
     </span>
    </p>
   </div>
   <div class='ocr_carea' id='block_1_33' title="bbox 295 1791 3541 1878">
    <p class='ocr_par' dir='ltr' id='par_1_33' title="bbox 295 1791 3541 1878">
     <span class='ocr_line' id='line_1_33' title="bbox 295 1791 3541 1878; baseline -0 -14"><span class='ocrx_word' id='word_1_221' title='bbox 295 1811 565 1872; x_wconf 89' lang='lat' dir='ltr'><strong>dilectus,</strong></span> <span class='ocrx_word' id='word_1_222' title='bbox 587 1819 642 1863; x_wconf 91' lang='lat' dir='ltr'><strong>et</strong></span> <span class='ocrx_word' id='word_1_223' title='bbox 675 1819 735 1862; x_wconf 92' lang='lat' dir='ltr'><strong>ut</strong></span> <span class='ocrx_word' id='word_1_224' title='bbox 762 1808 830 1862; x_wconf 87' lang='lat' dir='ltr'><strong>de</strong></span> <span class='ocrx_word' id='word_1_225' title='bbox 862 1809 1044 1877; x_wconf 90' lang='lat' dir='ltr'><strong>seipso</strong></span> <span class='ocrx_word' id='word_1_226' title='bbox 1071 1807 1324 1876; x_wconf 90' lang='lat' dir='ltr'><strong>loquens,</strong></span> <span class='ocrx_word' id='word_1_227' title='bbox 1350 1809 1597 1876; x_wconf 81' lang='lat' dir='ltr'><strong>apertius</strong></span> <span class='ocrx_word' id='word_1_228' title='bbox 1629 1819 1866 1863; x_wconf 83' lang='lat' dir='ltr'><strong>mentem</strong></span> <span class='ocrx_word' id='word_1_229' title='bbox 1904 1791 1944 1848; x_wconf 71' lang='grc' dir='ltr'><strong>Β</strong></span> <span class='ocrx_word' id='word_1_230' title='bbox 1976 1815 2126 1873; x_wconf 91' lang='lat' dir='ltr'><strong>runt,</strong></span> <span class='ocrx_word' id='word_1_231' title='bbox 2157 1816 2216 1861; x_wconf 90' lang='lat' dir='ltr'><strong>nt</strong></span> <span class='ocrx_word' id='word_1_232' title='bbox 2250 1807 2566 1878; x_wconf 89' lang='lat' dir='ltr'><strong>aliquando,</strong></span> <span class='ocrx_word' id='word_1_233' title='bbox 2611 1808 2863 1877; x_wconf 81' lang='lat' dir='ltr'><strong>quamvis</strong></span> <span class='ocrx_word' id='word_1_234' title='bbox 2890 1807 3088 1862; x_wconf 63' lang='lat' dir='ltr'><strong>litterae</strong></span> <span class='ocrx_word' id='word_1_235' title='bbox 3115 1809 3402 1864; x_wconf 83' lang='lat' dir='ltr'><strong>veritatem</strong></span> <span class='ocrx_word' id='word_1_236' title='bbox 3433 1826 3541 1864; x_wconf 91' lang='lat' dir='ltr'><strong>non</strong></span> 
     </span>
    </p>
   </div>
   <div class='ocr_carea' id='block_1_34' title="bbox 303 1899 1872 1971">
    <p class='ocr_par' dir='ltr' id='par_1_34' title="bbox 303 1899 1872 1971">
     <span class='ocr_line' id='line_1_34' title="bbox 303 1899 1872 1971; baseline 0.001 -17"><span class='ocrx_word' id='word_1_237' title='bbox 303 1905 752 1971; x_wconf 71' lang='lat' dir='ltr'><strong>voluntatemque</strong></span> <span class='ocrx_word' id='word_1_238' title='bbox 793 1899 1092 1956; x_wconf 88' lang='lat' dir='ltr'><strong>Salvatoris</strong></span> <span class='ocrx_word' id='word_1_239' title='bbox 1125 1900 1481 1971; x_wconf 83' lang='lat' dir='ltr'><strong>intelligebat,</strong></span> <span class='ocrx_word' id='word_1_240' title='bbox 1512 1900 1781 1969; x_wconf 82' lang='lat' dir='ltr'><strong>profecto,</strong></span> <span class='ocrx_word' id='word_1_241' title='bbox 1813 1899 1872 1956; x_wconf 89' lang='lat' dir='ltr'><strong>Si</strong></span> 
     </span>
    </p>
   </div>
   <div class='ocr_carea' id='block_1_35' title="bbox 296 1987 1872 2061">
    <p class='ocr_par' dir='ltr' id='par_1_35' title="bbox 296 1987 1872 2061">
     <span class='ocr_line' id='line_1_35' title="bbox 296 1987 1872 2061; baseline 0 -17"><span class='ocrx_word' id='word_1_242' title='bbox 296 2007 416 2044; x_wconf 76' lang='lat' dir='ltr'><strong>cuni</strong></span> <span class='ocrx_word' id='word_1_243' title='bbox 448 2008 658 2044; x_wconf 82' lang='lat' dir='ltr'><strong>manere</strong></span> <span class='ocrx_word' id='word_1_244' title='bbox 680 1989 816 2055; x_wconf 81' lang='lat' dir='ltr'><strong>volo,</strong></span> <span class='ocrx_word' id='word_1_245' title='bbox 851 2004 980 2052; x_wconf 87' lang='lat' dir='ltr'><strong>non,</strong></span> <span class='ocrx_word' id='word_1_246' title='bbox 1009 1987 1097 2044; x_wconf 88' lang='lat' dir='ltr'><strong>Sic</strong></span> <span class='ocrx_word' id='word_1_247' title='bbox 1131 2007 1248 2044; x_wconf 84' lang='lat' dir='ltr'><strong>eum</strong></span> <span class='ocrx_word' id='word_1_248' title='bbox 1279 1990 1395 2044; x_wconf 82' lang='lat' dir='ltr'><strong>volo</strong></span> <span class='ocrx_word' id='word_1_249' title='bbox 1423 2007 1656 2053; x_wconf 81' lang='lat' dir='ltr'><strong>manere,</strong></span> <span class='ocrx_word' id='word_1_250' title='bbox 1686 1991 1872 2061; x_wconf 85' lang='lat' dir='ltr'><strong>legen-</strong></span> 
     </span>
    </p>
   </div>
   <div class='ocr_carea' id='block_1_36' title="bbox 299 2081 1870 2151">
    <p class='ocr_par' dir='ltr' id='par_1_36' title="bbox 299 2081 1870 2151">
     <span class='ocr_line' id='line_1_36' title="bbox 299 2081 1870 2151; baseline -0.001 -16"><span class='ocrx_word' id='word_1_251' title='bbox 299 2087 428 2136; x_wconf 81' lang='lat' dir='ltr'><strong>dum</strong></span> <span class='ocrx_word' id='word_1_252' title='bbox 465 2093 571 2147; x_wconf 82' lang='lat' dir='ltr'><strong>est,</strong></span> <span class='ocrx_word' id='word_1_253' title='bbox 608 2092 662 2138; x_wconf 93' lang='lat' dir='ltr'><strong>et</strong></span> <span class='ocrx_word' id='word_1_254' title='bbox 687 2097 819 2137; x_wconf 89' lang='lat' dir='ltr'><strong>vero</strong></span> <span class='ocrx_word' id='word_1_255' title='bbox 846 2081 1212 2151; x_wconf 67' lang='lat' dir='ltr'><strong>Evangelistat</strong></span> <span class='ocrx_word' id='word_1_256' title='bbox 1248 2081 1569 2135; x_wconf 90' lang='lat' dir='ltr'><strong>testimonio</strong></span> <span class='ocrx_word' id='word_1_257' title='bbox 1608 2081 1746 2136; x_wconf 88' lang='lat' dir='ltr'><strong>ﬁdes</strong></span> <span class='ocrx_word' id='word_1_258' title='bbox 1771 2082 1870 2134; x_wconf 88' lang='lat' dir='ltr'><strong>ha-</strong></span> 
     </span>
    </p>
   </div>
   <div class='ocr_carea' id='block_1_37' title="bbox 303 2166 1871 2240">
    <p class='ocr_par' dir='ltr' id='par_1_37' title="bbox 303 2166 1871 2240">
     <span class='ocr_line' id='line_1_37' title="bbox 303 2166 1871 2240; baseline -0.003 -15"><span class='ocrx_word' id='word_1_259' title='bbox 303 2171 502 2234; x_wconf 86' lang='lat' dir='ltr'><strong>benda,</strong></span> <span class='ocrx_word' id='word_1_260' title='bbox 539 2170 636 2240; x_wconf 88' lang='lat' dir='ltr'><strong>qui</strong></span> <span class='ocrx_word' id='word_1_261' title='bbox 668 2185 791 2224; x_wconf 87' lang='lat' dir='ltr'><strong>mox</strong></span> <span class='ocrx_word' id='word_1_262' title='bbox 819 2169 1040 2232; x_wconf 88' lang='lat' dir='ltr'><strong>asserit,</strong></span> <span class='ocrx_word' id='word_1_263' title='bbox 1077 2183 1136 2222; x_wconf 91' lang='lat' dir='ltr'><strong>se</strong></span> <span class='ocrx_word' id='word_1_264' title='bbox 1171 2168 1326 2222; x_wconf 91' lang='lat' dir='ltr'><strong>illum</strong></span> <span class='ocrx_word' id='word_1_265' title='bbox 1359 2181 1480 2222; x_wconf 83' lang='lat' dir='ltr'><strong>esse</strong></span> <span class='ocrx_word' id='word_1_266' title='bbox 1539 2167 1630 2236; x_wconf 92' lang='lat' dir='ltr'><strong>qui</strong></span> <span class='ocrx_word' id='word_1_267' title='bbox 1674 2166 1871 2220; x_wconf 86' lang='lat' dir='ltr'><strong>scribit</strong></span> 
     </span>
    </p>
   </div>
   <div class='ocr_carea' id='block_1_38' title="bbox 302 2257 1872 2328">
    <p class='ocr_par' dir='ltr' id='par_1_38' title="bbox 302 2257 1872 2328">
     <span class='ocr_line' id='line_1_38' title="bbox 302 2257 1872 2328; baseline -0.004 -13"><span class='ocrx_word' id='word_1_268' title='bbox 302 2273 356 2315; x_wconf 75' lang='lat' dir='ltr'><strong>ct</strong></span> <span class='ocrx_word' id='word_1_269' title='bbox 392 2277 581 2316; x_wconf 87' lang='lat' dir='ltr'><strong>verum</strong></span> <span class='ocrx_word' id='word_1_270' title='bbox 613 2260 984 2315; x_wconf 86' lang='lat' dir='ltr'><strong>testimonium</strong></span> <span class='ocrx_word' id='word_1_271' title='bbox 1013 2258 1082 2314; x_wconf 91' lang='lat' dir='ltr'><strong>de</strong></span> <span class='ocrx_word' id='word_1_272' title='bbox 1111 2258 1199 2312; x_wconf 90' lang='lat' dir='ltr'><strong>his</strong></span> <span class='ocrx_word' id='word_1_273' title='bbox 1232 2257 1549 2328; x_wconf 88' lang='lat' dir='ltr'><strong>perhibere,</strong></span> <span class='ocrx_word' id='word_1_274' title='bbox 1577 2273 1682 2310; x_wconf 90' lang='lat' dir='ltr'><strong>non</strong></span> <span class='ocrx_word' id='word_1_275' title='bbox 1710 2257 1872 2310; x_wconf 86' lang='lat' dir='ltr'><strong>modo</strong></span> 
     </span>
    </p>
   </div>
   <div class='ocr_carea' id='block_1_39' title="bbox 305 2349 1875 2415">
    <p class='ocr_par' dir='ltr' id='par_1_39' title="bbox 305 2349 1875 2415">
     <span class='ocr_line' id='line_1_39' title="bbox 305 2349 1875 2415; baseline -0.006 -6"><span class='ocrx_word' id='word_1_276' title='bbox 305 2355 373 2409; x_wconf 90' lang='lat' dir='ltr'><strong>de</strong></span> <span class='ocrx_word' id='word_1_277' title='bbox 407 2353 610 2408; x_wconf 77' lang='lat' dir='ltr'><strong>Christi</strong></span> <span class='ocrx_word' id='word_1_278' title='bbox 656 2352 969 2407; x_wconf 89' lang='lat' dir='ltr'><strong>actionibus</strong></span> <span class='ocrx_word' id='word_1_279' title='bbox 1004 2350 1112 2404; x_wconf 89' lang='lat' dir='ltr'><strong>hoc</strong></span> <span class='ocrx_word' id='word_1_280' title='bbox 1141 2364 1488 2415; x_wconf 85' lang='lat' dir='ltr'><strong>asseverans,</strong></span> <span class='ocrx_word' id='word_1_281' title='bbox 1525 2349 1619 2403; x_wconf 81' lang='lat' dir='ltr'><strong>sed</strong></span> <span class='ocrx_word' id='word_1_282' title='bbox 1666 2352 1730 2403; x_wconf 88' lang='lat' dir='ltr'><strong>de</strong></span> <span class='ocrx_word' id='word_1_283' title='bbox 1759 2363 1875 2402; x_wconf 91' lang='lat' dir='ltr'><strong>om-</strong></span> 
     </span>
    </p>
   </div>
   <div class='ocr_carea' id='block_1_40' title="bbox 308 2439 1875 2512">
    <p class='ocr_par' dir='ltr' id='par_1_40' title="bbox 308 2439 1875 2512">
     <span class='ocr_line' id='line_1_40' title="bbox 308 2439 1875 2512; baseline -0.004 -12"><span class='ocrx_word' id='word_1_284' title='bbox 308 2448 472 2502; x_wconf 85' lang='lat' dir='ltr'><strong>nibus</strong></span> <span class='ocrx_word' id='word_1_285' title='bbox 500 2464 526 2498; x_wconf 76' lang='grc' dir='ltr'>ει</span> <span class='ocrx_word' id='word_1_286' title='bbox 562 2463 620 2502; x_wconf 88' lang='lat' dir='ltr'><strong>se</strong></span> <span class='ocrx_word' id='word_1_287' title='bbox 651 2447 704 2498; x_wconf 92' lang='lat' dir='ltr'><strong>in</strong></span> <span class='ocrx_word' id='word_1_288' title='bbox 733 2443 1028 2512; x_wconf 81' lang='lat' dir='ltr'><strong>Evangelia</strong></span> <span class='ocrx_word' id='word_1_289' title='bbox 1071 2441 1314 2511; x_wconf 81' lang='lat' dir='ltr'><strong>scriptis.</strong></span> <span class='ocrx_word' id='word_1_290' title='bbox 1357 2440 1470 2496; x_wconf 78' lang='lat' dir='ltr'><strong>Hoc</strong></span> <span class='ocrx_word' id='word_1_291' title='bbox 1497 2440 1676 2510; x_wconf 92' lang='lat' dir='ltr'><strong>ipsum</strong></span> <span class='ocrx_word' id='word_1_292' title='bbox 1698 2439 1875 2510; x_wconf 82' lang='lat' dir='ltr'><strong>Chry-</strong></span> 
     </span>
    </p>
   </div>
   <div class='ocr_carea' id='block_1_41' title="bbox 306 2533 1872 2607">
    <p class='ocr_par' dir='ltr' id='par_1_41' title="bbox 306 2533 1872 2607">
     <span class='ocr_line' id='line_1_41' title="bbox 306 2533 1872 2607; baseline -0.006 -13"><span class='ocrx_word' id='word_1_293' title='bbox 306 2538 532 2594; x_wconf 87' lang='lat' dir='ltr'><strong>sostnmi</strong></span> <span class='ocrx_word' id='word_1_294' title='bbox 569 2552 788 2607; x_wconf 81' lang='lat' dir='ltr'><strong>quoque</strong></span> <span class='ocrx_word' id='word_1_295' title='bbox 823 2536 988 2590; x_wconf 86' lang='lat' dir='ltr'><strong>verba</strong></span> <span class='ocrx_word' id='word_1_296' title='bbox 1013 2534 1463 2590; x_wconf 78' lang='lat' dir='ltr'><strong>manifestissime</strong></span> <span class='ocrx_word' id='word_1_297' title='bbox 1489 2533 1872 2602; x_wconf 87' lang='lat' dir='ltr'><strong>comprobant,</strong></span> 
     </span>
    </p>
   </div>
   <div class='ocr_carea' id='block_1_42' title="bbox 305 2623 1876 2700">
    <p class='ocr_par' dir='ltr' id='par_1_42' title="bbox 305 2623 1876 2700">
     <span class='ocr_line' id='line_1_42' title="bbox 305 2623 1876 2700; baseline -0.003 -17"><span class='ocrx_word' id='word_1_298' title='bbox 305 2631 405 2700; x_wconf 91' lang='lat' dir='ltr'><strong>qui</strong></span> <span class='ocrx_word' id='word_1_299' title='bbox 440 2644 603 2698; x_wconf 91' lang='lat' dir='ltr'><strong>super</strong></span> <span class='ocrx_word' id='word_1_300' title='bbox 643 2629 728 2683; x_wconf 90' lang='lat' dir='ltr'><strong>his</strong></span> <span class='ocrx_word' id='word_1_301' title='bbox 759 2627 944 2681; x_wconf 87' lang='lat' dir='ltr'><strong>verbis</strong></span> <span class='ocrx_word' id='word_1_302' title='bbox 975 2629 1130 2696; x_wconf 86' lang='lat' dir='ltr'><strong>quasi</strong></span> <span class='ocrx_word' id='word_1_303' title='bbox 1165 2624 1627 2680; x_wconf 78' lang='lat' dir='ltr'><strong>vociferabundus</strong></span> <span class='ocrx_word' id='word_1_304' title='bbox 1656 2641 1670 2678; x_wconf 90' lang='lat'><strong>:</strong></span> <span class='ocrx_word' id='word_1_305' title='bbox 1712 2623 1876 2678; x_wconf 80' lang='lat' dir='ltr'><strong>Mira-</strong></span> 
     </span>
    </p>
   </div>
   <div class='ocr_carea' id='block_1_43' title="bbox 308 2716 1882 2790">
    <p class='ocr_par' dir='ltr' id='par_1_43' title="bbox 308 2716 1882 2790">
     <span class='ocr_line' id='line_1_43' title="bbox 308 2716 1882 2790; baseline -0.003 -14"><span class='ocrx_word' id='word_1_306' title='bbox 308 2736 392 2785; x_wconf 87' lang='lat' dir='ltr'><strong>re,</strong></span> <span class='ocrx_word' id='word_1_307' title='bbox 428 2720 626 2790; x_wconf 89' lang='lat' dir='ltr'><strong>inquit,</strong></span> <span class='ocrx_word' id='word_1_308' title='bbox 645 2719 1002 2788; x_wconf 79' lang='lat' dir='ltr'><strong>Evangelistae</strong></span> <span class='ocrx_word' id='word_1_309' title='bbox 1026 2717 1418 2784; x_wconf 86' lang='lat' dir='ltr'><strong>humilitatem,</strong></span> <span class='ocrx_word' id='word_1_310' title='bbox 1441 2716 1719 2786; x_wconf 90' lang='lat' dir='ltr'><strong>quomodo</strong></span> <span class='ocrx_word' id='word_1_311' title='bbox 1745 2717 1882 2771; x_wconf 40' lang='lat' dir='ltr'><strong>alios</strong></span> 
     </span>
    </p>
   </div>
   <div class='ocr_carea' id='block_1_44' title="bbox 313 2807 1876 2878">
    <p class='ocr_par' dir='ltr' id='par_1_44' title="bbox 313 2807 1876 2878">
     <span class='ocr_line' id='line_1_44' title="bbox 313 2807 1876 2878; baseline -0.004 -11"><span class='ocrx_word' id='word_1_312' title='bbox 313 2830 434 2868; x_wconf 89' lang='lat' dir='ltr'><strong>rum</strong></span> <span class='ocrx_word' id='word_1_313' title='bbox 467 2814 531 2866; x_wconf 91' lang='lat' dir='ltr'><strong>de</strong></span> <span class='ocrx_word' id='word_1_314' title='bbox 562 2827 620 2867; x_wconf 93' lang='lat' dir='ltr'><strong>se</strong></span> <span class='ocrx_word' id='word_1_315' title='bbox 651 2826 759 2866; x_wconf 91' lang='lat' dir='ltr'><strong>non</strong></span> <span class='ocrx_word' id='word_1_316' title='bbox 789 2819 990 2864; x_wconf 86' lang='lat' dir='ltr'><strong>rectam</strong></span> <span class='ocrx_word' id='word_1_317' title='bbox 1013 2809 1330 2876; x_wconf 89' lang='lat' dir='ltr'><strong>opinionem</strong></span> <span class='ocrx_word' id='word_1_318' title='bbox 1359 2807 1608 2878; x_wconf 80' lang='lat' dir='ltr'><strong>corrigit,</strong></span> <span class='ocrx_word' id='word_1_319' title='bbox 1645 2809 1738 2876; x_wconf 92' lang='lat' dir='ltr'><strong>qui</strong></span> <span class='ocrx_word' id='word_1_320' title='bbox 1766 2821 1876 2862; x_wconf 89' lang='lat' dir='ltr'><strong>non</strong></span> 
     </span>
    </p>
   </div>
   <div class='ocr_carea' id='block_1_45' title="bbox 310 2899 1876 2972">
    <p class='ocr_par' dir='ltr' id='par_1_45' title="bbox 310 2899 1876 2972">
     <span class='ocr_line' id='line_1_45' title="bbox 310 2899 1876 2972; baseline -0.004 -12"><span class='ocrx_word' id='word_1_321' title='bbox 310 2905 699 2960; x_wconf 88' lang='lat' dir='ltr'><strong>intellexerunt</strong></span> <span class='ocrx_word' id='word_1_322' title='bbox 727 2900 874 2972; x_wconf 91' lang='lat' dir='ltr'><strong>quod</strong></span> <span class='ocrx_word' id='word_1_323' title='bbox 915 2899 983 2955; x_wconf 91' lang='lat' dir='ltr'><strong>de</strong></span> <span class='ocrx_word' id='word_1_324' title='bbox 1024 2900 1143 2970; x_wconf 90' lang='lat' dir='ltr'><strong>ipso</strong></span> <span class='ocrx_word' id='word_1_325' title='bbox 1185 2899 1448 2954; x_wconf 87' lang='lat' dir='ltr'><strong>Dominus</strong></span> <span class='ocrx_word' id='word_1_326' title='bbox 1482 2899 1712 2965; x_wconf 83' lang='lat' dir='ltr'><strong>dixerat,</strong></span> <span class='ocrx_word' id='word_1_327' title='bbox 1779 2899 1876 2954; x_wconf 89' lang='lat' dir='ltr'><strong>sed</strong></span> 
     </span>
    </p>
   </div>
   <div class='ocr_carea' id='block_1_46' title="bbox 312 2989 1878 3067">
    <p class='ocr_par' dir='ltr' id='par_1_46' title="bbox 312 2989 1878 3067">
     <span class='ocr_line' id='line_1_46' title="bbox 312 2989 1878 3067; baseline 0.001 -21"><span class='ocrx_word' id='word_1_328' title='bbox 312 3002 575 3067; x_wconf 83' lang='lat' dir='ltr'><strong>putarunt</strong></span> <span class='ocrx_word' id='word_1_329' title='bbox 605 3009 732 3048; x_wconf 91' lang='lat' dir='ltr'><strong>eum</strong></span> <span class='ocrx_word' id='word_1_330' title='bbox 782 3007 891 3046; x_wconf 89' lang='lat' dir='ltr'><strong>non</strong></span> <span class='ocrx_word' id='word_1_331' title='bbox 925 2994 1278 3046; x_wconf 88' lang='lat' dir='ltr'><strong>moriturum.</strong></span> <span class='ocrx_word' id='word_1_332' title='bbox 1342 2989 1614 3046; x_wconf 74' lang='lat' dir='ltr'><strong>Praeterea</strong></span> <span class='ocrx_word' id='word_1_333' title='bbox 1669 3005 1793 3046; x_wconf 90' lang='lat' dir='ltr'><strong>cum</strong></span> <span class='ocrx_word' id='word_1_334' title='bbox 1846 3008 1878 3048; x_wconf 89' lang='lat' dir='ltr'><strong>e</strong></span> 
     </span>
    </p>
   </div>
   <div class='ocr_carea' id='block_1_47' title="bbox 313 3081 1879 3157">
    <p class='ocr_par' dir='ltr' id='par_1_47' title="bbox 313 3081 1879 3157">
     <span class='ocr_line' id='line_1_47' title="bbox 313 3081 1879 3157; baseline -0.003 -15"><span class='ocrx_word' id='word_1_335' title='bbox 313 3090 500 3143; x_wconf 70' lang='lat' dir='ltr'><strong>Gracca</strong></span> <span class='ocrx_word' id='word_1_336' title='bbox 542 3087 727 3157; x_wconf 81' lang='lat' dir='ltr'><strong>lingua</strong></span> <span class='ocrx_word' id='word_1_337' title='bbox 784 3085 836 3138; x_wconf 93' lang='lat' dir='ltr'><strong>in</strong></span> <span class='ocrx_word' id='word_1_338' title='bbox 877 3083 1129 3137; x_wconf 86' lang='lat' dir='ltr'><strong>Latinam</strong></span> <span class='ocrx_word' id='word_1_339' title='bbox 1194 3081 1516 3136; x_wconf 88' lang='lat' dir='ltr'><strong>translatum</strong></span> <span class='ocrx_word' id='word_1_340' title='bbox 1576 3096 1698 3137; x_wconf 90' lang='lat' dir='ltr'><strong>esse</strong></span> <span class='ocrx_word' id='word_1_341' title='bbox 1729 3081 1879 3138; x_wconf 90' lang='lat' dir='ltr'><strong>hunc</strong></span> 
     </span>
    </p>
   </div>
   <div class='ocr_carea' id='block_1_48' title="bbox 313 3166 1880 3244">
    <p class='ocr_par' dir='ltr' id='par_1_48' title="bbox 313 3166 1880 3244">
     <span class='ocr_line' id='line_1_48' title="bbox 313 3166 1880 3244; baseline -0.003 -8"><span class='ocrx_word' id='word_1_342' title='bbox 313 3182 585 3242; x_wconf 85' lang='lat' dir='ltr'><strong>codicem,</strong></span> <span class='ocrx_word' id='word_1_343' title='bbox 613 3166 751 3233; x_wconf 83' lang='lat' dir='ltr'><strong>nulli</strong></span> <span class='ocrx_word' id='word_1_344' title='bbox 780 3178 853 3233; x_wconf 86' lang='lat' dir='ltr'><strong>sit</strong></span> <span class='ocrx_word' id='word_1_345' title='bbox 885 3177 1138 3241; x_wconf 89' lang='lat' dir='ltr'><strong>dubium,</strong></span> <span class='ocrx_word' id='word_1_346' title='bbox 1170 3183 1493 3244; x_wconf 88' lang='lat' dir='ltr'><strong>constetque</strong></span> <span class='ocrx_word' id='word_1_347' title='bbox 1524 3175 1669 3244; x_wconf 90' lang='lat' dir='ltr'><strong>apud</strong></span> <span class='ocrx_word' id='word_1_348' title='bbox 1731 3175 1880 3231; x_wconf 69' lang='lat' dir='ltr'><strong>Grie-</strong></span> 
     </span>
    </p>
   </div>
   <div class='ocr_carea' id='block_1_49' title="bbox 315 3256 1879 3343">
    <p class='ocr_par' dir='ltr' id='par_1_49' title="bbox 315 3256 1879 3343">
     <span class='ocr_line' id='line_1_49' title="bbox 315 3256 1879 3343; baseline -0.004 -13"><span class='ocrx_word' id='word_1_349' title='bbox 315 3291 412 3330; x_wconf 81' lang='lat' dir='ltr'><strong>cos</strong></span> <span class='ocrx_word' id='word_1_350' title='bbox 441 3275 561 3329; x_wconf 88' lang='lat' dir='ltr'><strong>sine</strong></span> <span class='ocrx_word' id='word_1_351' title='bbox 592 3274 773 3343; x_wconf 86' lang='lat' dir='ltr'><strong>aliqua</strong></span> <span class='ocrx_word' id='word_1_352' title='bbox 826 3270 1182 3340; x_wconf 76' lang='lat' dir='ltr'><strong>ambiguitate</strong></span> <span class='ocrx_word' id='word_1_353' title='bbox 1230 3267 1338 3338; x_wconf 83' lang='lat' dir='ltr'><strong>legi</strong></span> <span class='ocrx_word' id='word_1_354' title='bbox 1373 3256 1490 3333; x_wconf 54' lang='lat' dir='ltr'><strong>in,</strong></span> <span class='ocrx_word' id='word_1_355' title='bbox 1545 3269 1647 3324; x_wconf 93' lang='lat' dir='ltr'><strong>hoc</strong></span> <span class='ocrx_word' id='word_1_356' title='bbox 1692 3278 1775 3324; x_wconf 89' lang='lat' dir='ltr'><strong>est</strong></span> <span class='ocrx_word' id='word_1_357' title='bbox 1811 3271 1879 3337; x_wconf 93' lang='lat' dir='ltr'><strong>si,</strong></span> 
     </span>
    </p>
   </div>
   <div class='ocr_carea' id='block_1_50' title="bbox 309 3356 1880 3436">
    <p class='ocr_par' dir='ltr' id='par_1_50' title="bbox 309 3356 1880 3436">
     <span class='ocr_line' id='line_1_50' title="bbox 309 3356 1880 3436; baseline -0.003 -17"><span class='ocrx_word' id='word_1_358' title='bbox 309 3365 560 3436; x_wconf 78' lang='lat' dir='ltr'><strong>proiecto</strong></span> <span class='ocrx_word' id='word_1_359' title='bbox 587 3376 810 3418; x_wconf 73' lang='lat' dir='ltr'><strong>necesse</strong></span> <span class='ocrx_word' id='word_1_360' title='bbox 837 3368 922 3416; x_wconf 89' lang='lat' dir='ltr'><strong>est</strong></span> <span class='ocrx_word' id='word_1_361' title='bbox 953 3369 1012 3414; x_wconf 93' lang='lat' dir='ltr'><strong>ut</strong></span> <span class='ocrx_word' id='word_1_362' title='bbox 1042 3368 1098 3414; x_wconf 91' lang='lat' dir='ltr'><strong>et</strong></span> <span class='ocrx_word' id='word_1_363' title='bbox 1122 3356 1305 3412; x_wconf 87' lang='lat' dir='ltr'><strong>Latini</strong></span> <span class='ocrx_word' id='word_1_364' title='bbox 1338 3373 1558 3428; x_wconf 89' lang='lat' dir='ltr'><strong>quoque</strong></span> <span class='ocrx_word' id='word_1_365' title='bbox 1589 3361 1634 3413; x_wconf 87' lang='lat' dir='ltr'><strong>si</strong></span> <span class='ocrx_word' id='word_1_366' title='bbox 1675 3359 1880 3428; x_wconf 85' lang='lat' dir='ltr'><strong>legant.</strong></span> 
     </span>
    </p>
   </div>
   <div class='ocr_carea' id='block_1_51' title="bbox 315 3452 1886 3523">
    <p class='ocr_par' dir='ltr' id='par_1_51' title="bbox 315 3452 1886 3523">
     <span class='ocr_line' id='line_1_51' title="bbox 315 3452 1886 3523; baseline -0.003 -11"><span class='ocrx_word' id='word_1_367' title='bbox 315 3460 448 3523; x_wconf 64' lang='lat' dir='ltr'><strong>Quae</strong></span> <span class='ocrx_word' id='word_1_368' title='bbox 485 3459 630 3512; x_wconf 87' lang='lat' dir='ltr'><strong>enim</strong></span> <span class='ocrx_word' id='word_1_369' title='bbox 657 3471 781 3512; x_wconf 90' lang='lat' dir='ltr'><strong>cum</strong></span> <span class='ocrx_word' id='word_1_370' title='bbox 806 3454 990 3509; x_wconf 66' lang='lat' dir='ltr'><strong>Graeca</strong></span> <span class='ocrx_word' id='word_1_371' title='bbox 1018 3452 1250 3508; x_wconf 87' lang='lat' dir='ltr'><strong>veritate</strong></span> <span class='ocrx_word' id='word_1_372' title='bbox 1277 3452 1655 3515; x_wconf 88' lang='lat' dir='ltr'><strong>consentiunt,</strong></span> <span class='ocrx_word' id='word_1_373' title='bbox 1690 3452 1886 3508; x_wconf 89' lang='lat' dir='ltr'><strong>lliero-</strong></span> 
     </span>
    </p>
   </div>
   <div class='ocr_carea' id='block_1_52' title="bbox 295 3538 1880 3620">
    <p class='ocr_par' dir='ltr' id='par_1_52' title="bbox 295 3538 1880 3620">
     <span class='ocr_line' id='line_1_52' title="bbox 295 3538 1880 3620; baseline -0.003 -17"><span class='ocrx_word' id='word_1_374' title='bbox 295 3538 517 3620; x_wconf 34' lang='lat' dir='ltr'><strong>‘nymus</strong></span> <span class='ocrx_word' id='word_1_375' title='bbox 541 3548 739 3617; x_wconf 88' lang='lat' dir='ltr'><strong>inquit,</strong></span> <span class='ocrx_word' id='word_1_376' title='bbox 771 3545 862 3601; x_wconf 88' lang='lat' dir='ltr'><strong>illa</strong></span> <span class='ocrx_word' id='word_1_377' title='bbox 900 3555 1150 3600; x_wconf 87' lang='lat' dir='ltr'><strong>correcta</strong></span> <span class='ocrx_word' id='word_1_378' title='bbox 1211 3553 1362 3600; x_wconf 89' lang='lat' dir='ltr'><strong>sunt.</strong></span> <span class='ocrx_word' id='word_1_379' title='bbox 1398 3544 1461 3598; x_wconf 89' lang='lat' dir='ltr'><strong>Et</strong></span> <span class='ocrx_word' id='word_1_380' title='bbox 1520 3544 1880 3614; x_wconf 81' lang='lat' dir='ltr'><strong>Augustinus,</strong></span> 
     </span>
    </p>
   </div>
   <div class='ocr_carea' id='block_1_53' title="bbox 295 3621 1882 3711">
    <p class='ocr_par' dir='ltr' id='par_1_53' title="bbox 295 3621 1882 3711">
     <span class='ocr_line' id='line_1_53' title="bbox 295 3621 1882 3711; baseline -0.004 -14"><span class='ocrx_word' id='word_1_381' title='bbox 295 3621 383 3698; x_wconf 58' lang='lat' dir='ltr'><strong>lad</strong></span> <span class='ocrx_word' id='word_1_382' title='bbox 414 3639 749 3711; x_wconf 81' lang='lat' dir='ltr'><strong>exemplaria</strong></span> <span class='ocrx_word' id='word_1_383' title='bbox 811 3637 1173 3705; x_wconf 79' lang='lat' dir='ltr'><strong>praecedentia</strong></span> <span class='ocrx_word' id='word_1_384' title='bbox 1235 3636 1630 3692; x_wconf 69' lang='lat' dir='ltr'><strong>recurrentium</strong></span> <span class='ocrx_word' id='word_1_385' title='bbox 1683 3640 1778 3700; x_wconf 90' lang='lat' dir='ltr'><strong>ait,</strong></span> <span class='ocrx_word' id='word_1_386' title='bbox 1837 3637 1882 3690; x_wconf 84' lang='lat' dir='ltr'><strong>si</strong></span> 
     </span>
    </p>
   </div>
   <div class='ocr_carea' id='block_1_54' title="bbox 295 3725 1885 3810">
    <p class='ocr_par' dir='ltr' id='par_1_54' title="bbox 295 3725 1885 3810">
     <span class='ocr_line' id='line_1_54' title="bbox 295 3725 1885 3810; baseline -0.003 -23"><span class='ocrx_word' id='word_1_387' title='bbox 295 3725 478 3810; x_wconf 32' lang='lat' dir='ltr'><strong>fquam</strong></span> <span class='ocrx_word' id='word_1_388' title='bbox 502 3731 899 3786; x_wconf 86' lang='lat' dir='ltr'><strong>dubitationem</strong></span> <span class='ocrx_word' id='word_1_389' title='bbox 922 3728 1241 3784; x_wconf 88' lang='lat' dir='ltr'><strong>Latinorum</strong></span> <span class='ocrx_word' id='word_1_390' title='bbox 1277 3729 1643 3798; x_wconf 78' lang='lat' dir='ltr'><strong>interpretum</strong></span> <span class='ocrx_word' id='word_1_391' title='bbox 1671 3728 1885 3783; x_wconf 90' lang='lat' dir='ltr'><strong>inﬁnita</strong></span> 
     </span>
    </p>
   </div>
   <div class='ocr_carea' id='block_1_55' title="bbox 296 3819 1886 3894">
    <p class='ocr_par' dir='ltr' id='par_1_55' title="bbox 296 3819 1886 3894">
     <span class='ocr_line' id='line_1_55' title="bbox 296 3819 1886 3894; baseline -0.004 -12"><span class='ocrx_word' id='word_1_392' title='bbox 296 3823 552 3894; x_wconf 50' lang='lat' dir='ltr'><strong>:varictas</strong></span> <span class='ocrx_word' id='word_1_393' title='bbox 589 3825 878 3892; x_wconf 86' lang='lat' dir='ltr'><strong>attulerit;</strong></span> <span class='ocrx_word' id='word_1_394' title='bbox 914 3839 1217 3893; x_wconf 83' lang='lat' dir='ltr'><strong>rursusque</strong></span> <span class='ocrx_word' id='word_1_395' title='bbox 1278 3822 1453 3878; x_wconf 88' lang='lat' dir='ltr'><strong>libros</strong></span> <span class='ocrx_word' id='word_1_396' title='bbox 1511 3821 1648 3876; x_wconf 77' lang='lat' dir='ltr'><strong>Novi</strong></span> <span class='ocrx_word' id='word_1_397' title='bbox 1687 3819 1886 3876; x_wconf 83' lang='lat' dir='ltr'><strong>Testa-</strong></span> 
     </span>
    </p>
   </div>
   <div class='ocr_carea' id='block_1_56' title="bbox 296 3897 1888 3989">
    <p class='ocr_par' dir='ltr' id='par_1_56' title="bbox 296 3897 1888 3989">
     <span class='ocr_line' id='line_1_56' title="bbox 296 3897 1888 3989; baseline -0.004 -15"><span class='ocrx_word' id='word_1_398' title='bbox 296 3897 507 3986; x_wconf 32' lang='lat' dir='ltr'><strong>Tmenti,</strong></span> <span class='ocrx_word' id='word_1_399' title='bbox 535 3921 580 3975; x_wconf 90' lang='lat' dir='ltr'><strong>si</strong></span> <span class='ocrx_word' id='word_1_400' title='bbox 614 3919 746 3989; x_wconf 88' lang='lat' dir='ltr'><strong>quid</strong></span> <span class='ocrx_word' id='word_1_401' title='bbox 777 3921 832 3974; x_wconf 89' lang='lat' dir='ltr'><strong>in</strong></span> <span class='ocrx_word' id='word_1_402' title='bbox 865 3917 1076 3972; x_wconf 89' lang='lat' dir='ltr'><strong>Latinis</strong></span> <span class='ocrx_word' id='word_1_403' title='bbox 1091 3916 1452 3971; x_wconf 83' lang='lat' dir='ltr'><strong>varietatibus</strong></span> <span class='ocrx_word' id='word_1_404' title='bbox 1480 3913 1702 3979; x_wconf 89' lang='lat' dir='ltr'><strong>titubat,</strong></span> <span class='ocrx_word' id='word_1_405' title='bbox 1734 3911 1888 3968; x_wconf 64' lang='lat' dir='ltr'><strong>Grat-</strong></span> 
     </span>
    </p>
   </div>
   <div class='ocr_carea' id='block_1_57' title="bbox 296 3989 1884 4081">
    <p class='ocr_par' dir='ltr' id='par_1_57' title="bbox 296 3989 1884 4081">
     <span class='ocr_line' id='line_1_57' title="bbox 296 3989 1884 4081; baseline -0.006 -13"><span class='ocrx_word' id='word_1_406' title='bbox 296 3989 396 4068; x_wconf 64' lang='lat' dir='ltr'><strong>&#39;cis</strong></span> <span class='ocrx_word' id='word_1_407' title='bbox 422 4012 619 4068; x_wconf 86' lang='lat' dir='ltr'><strong>cedere</strong></span> <span class='ocrx_word' id='word_1_408' title='bbox 653 4021 906 4081; x_wconf 90' lang='lat' dir='ltr'><strong>oportere</strong></span> <span class='ocrx_word' id='word_1_409' title='bbox 936 4008 1221 4080; x_wconf 66' lang='lat' dir='ltr'><strong>diiudicat.</strong></span> <span class='ocrx_word' id='word_1_410' title='bbox 1251 4007 1431 4062; x_wconf 88' lang='lat' dir='ltr'><strong>Taceo</strong></span> <span class='ocrx_word' id='word_1_411' title='bbox 1453 4007 1600 4076; x_wconf 91' lang='lat' dir='ltr'><strong>quod</strong></span> <span class='ocrx_word' id='word_1_412' title='bbox 1629 4005 1884 4060; x_wconf 88' lang='lat' dir='ltr'><strong>doctores</strong></span> 
     </span>
    </p>
   </div>
   <div class='ocr_carea' id='block_1_58' title="bbox 297 4095 1882 4184">
    <p class='ocr_par' dir='ltr' id='par_1_58' title="bbox 297 4095 1882 4184">
     <span class='ocr_line' id='line_1_58' title="bbox 297 4095 1882 4184; baseline -0.007 -24"><span class='ocrx_word' id='word_1_413' title='bbox 297 4103 514 4184; x_wconf 27' lang='lat' dir='ltr'><strong>)Graeci,</strong></span> <span class='ocrx_word' id='word_1_414' title='bbox 540 4101 826 4173; x_wconf 87' lang='lat' dir='ltr'><strong>Origenes,</strong></span> <span class='ocrx_word' id='word_1_415' title='bbox 866 4100 1320 4171; x_wconf 81' lang='lat' dir='ltr'><strong>Chrysostomus,</strong></span> <span class='ocrx_word' id='word_1_416' title='bbox 1350 4097 1590 4169; x_wconf 86' lang='lat' dir='ltr'><strong>Cyrillus</strong></span> <span class='ocrx_word' id='word_1_417' title='bbox 1615 4104 1670 4151; x_wconf 88' lang='lat' dir='ltr'><strong>et</strong></span> <span class='ocrx_word' id='word_1_418' title='bbox 1699 4095 1882 4150; x_wconf 65' lang='lat' dir='ltr'><strong>caeteri</strong></span> 
     </span>
    </p>
   </div>
   <div class='ocr_carea' id='block_1_59' title="bbox 312 4193 1883 4260">
    <p class='ocr_par' dir='ltr' id='par_1_59' title="bbox 312 4193 1883 4260">
     <span class='ocr_line' id='line_1_59' title="bbox 312 4193 1883 4260; baseline -0.006 -7"><span class='ocrx_word' id='word_1_419' title='bbox 312 4212 507 4253; x_wconf 89' lang='lat' dir='ltr'><strong>omnes</strong></span> <span class='ocrx_word' id='word_1_420' title='bbox 529 4196 677 4250; x_wconf 91' lang='lat' dir='ltr'><strong>hunc</strong></span> <span class='ocrx_word' id='word_1_421' title='bbox 703 4196 885 4251; x_wconf 93' lang='lat' dir='ltr'><strong>locum</strong></span> <span class='ocrx_word' id='word_1_422' title='bbox 943 4208 1011 4249; x_wconf 90' lang='lat' dir='ltr'><strong>eo</strong></span> <span class='ocrx_word' id='word_1_423' title='bbox 1043 4193 1208 4248; x_wconf 89' lang='lat' dir='ltr'><strong>modo</strong></span> <span class='ocrx_word' id='word_1_424' title='bbox 1243 4197 1526 4260; x_wconf 87' lang='lat' dir='ltr'><strong>exponunt</strong></span> <span class='ocrx_word' id='word_1_425' title='bbox 1581 4203 1692 4259; x_wconf 93' lang='lat' dir='ltr'><strong>quo</strong></span> <span class='ocrx_word' id='word_1_426' title='bbox 1740 4197 1794 4243; x_wconf 89' lang='lat' dir='ltr'><strong>et</strong></span> <span class='ocrx_word' id='word_1_427' title='bbox 1823 4203 1883 4245; x_wconf 88' lang='lat' dir='ltr'><strong>se</strong></span> 
     </span>
    </p>
   </div>
   <div class='ocr_carea' id='block_1_60' title="bbox 316 4281 1879 4358">
    <p class='ocr_par' dir='ltr' id='par_1_60' title="bbox 316 4281 1879 4358">
     <span class='ocr_line' id='line_1_60' title="bbox 316 4281 1879 4358; baseline -0.006 -16"><span class='ocrx_word' id='word_1_428' title='bbox 316 4287 522 4343; x_wconf 85' lang='lat' dir='ltr'><strong>habere</strong></span> <span class='ocrx_word' id='word_1_429' title='bbox 547 4287 786 4340; x_wconf 86' lang='lat' dir='ltr'><strong>litteram</strong></span> <span class='ocrx_word' id='word_1_430' title='bbox 813 4283 1072 4350; x_wconf 81' lang='lat' dir='ltr'><strong>diximus,</strong></span> <span class='ocrx_word' id='word_1_431' title='bbox 1094 4282 1297 4358; x_wconf 88' lang='lat' dir='ltr'><strong>quibus</strong></span> <span class='ocrx_word' id='word_1_432' title='bbox 1331 4281 1584 4350; x_wconf 78' lang='lat' dir='ltr'><strong>profecto</strong></span> <span class='ocrx_word' id='word_1_433' title='bbox 1617 4291 1879 4348; x_wconf 83' lang='lat' dir='ltr'><strong>tanquam</strong></span> 
     </span>
    </p>
   </div>
   <div class='ocr_carea' id='block_1_61' title="bbox 301 4369 1886 4444">
    <p class='ocr_par' dir='ltr' id='par_1_61' title="bbox 301 4369 1886 4444">
     <span class='ocr_line' id='line_1_61' title="bbox 301 4369 1886 4444; baseline -0.006 -12"><span class='ocrx_word' id='word_1_434' title='bbox 301 4369 548 4432; x_wconf 85' lang='lat' dir='ltr'><strong>summis</strong></span> <span class='ocrx_word' id='word_1_435' title='bbox 584 4377 739 4442; x_wconf 83' lang='lat' dir='ltr'><strong>viris,</strong></span> <span class='ocrx_word' id='word_1_436' title='bbox 764 4389 827 4430; x_wconf 88' lang='lat' dir='ltr'><strong>ac</strong></span> <span class='ocrx_word' id='word_1_437' title='bbox 860 4375 914 4429; x_wconf 88' lang='lat' dir='ltr'><strong>in</strong></span> <span class='ocrx_word' id='word_1_438' title='bbox 960 4373 1185 4444; x_wconf 86' lang='lat' dir='ltr'><strong>propria</strong></span> <span class='ocrx_word' id='word_1_439' title='bbox 1212 4372 1398 4442; x_wconf 85' lang='lat' dir='ltr'><strong>lingua</strong></span> <span class='ocrx_word' id='word_1_440' title='bbox 1430 4371 1676 4440; x_wconf 90' lang='lat' dir='ltr'><strong>apprime</strong></span> <span class='ocrx_word' id='word_1_441' title='bbox 1699 4371 1886 4424; x_wconf 83' lang='lat' dir='ltr'><strong>erudi-</strong></span> 
     </span>
    </p>
   </div>
   <div class='ocr_carea' id='block_1_62' title="bbox 1972 1899 3545 1963">
    <p class='ocr_par' dir='ltr' id='par_1_62' title="bbox 1972 1899 3545 1963">
     <span class='ocr_line' id='line_1_62' title="bbox 1972 1899 3545 1963; baseline 0.001 -10"><span class='ocrx_word' id='word_1_442' title='bbox 1972 1899 2183 1954; x_wconf 76' lang='lat' dir='ltr'><strong>iuerint</strong></span> <span class='ocrx_word' id='word_1_443' title='bbox 2246 1899 2486 1954; x_wconf 84' lang='lat' dir='ltr'><strong>assecuti</strong></span> <span class='ocrx_word' id='word_1_444' title='bbox 2516 1937 2532 1963; x_wconf 86' lang='lat'><strong>.</strong></span> <span class='ocrx_word' id='word_1_445' title='bbox 2576 1913 2762 1954; x_wconf 87' lang='lat' dir='ltr'><strong>veram</strong></span> <span class='ocrx_word' id='word_1_446' title='bbox 2819 1906 2999 1953; x_wconf 90' lang='lat' dir='ltr'><strong>tamen</strong></span> <span class='ocrx_word' id='word_1_447' title='bbox 3046 1901 3373 1954; x_wconf 83' lang='lat' dir='ltr'><strong>sententiam</strong></span> <span class='ocrx_word' id='word_1_448' title='bbox 3420 1916 3545 1954; x_wconf 88' lang='lat' dir='ltr'><strong>cum</strong></span> 
     </span>
    </p>
   </div>
   <div class='ocr_carea' id='block_1_63' title="bbox 1972 1988 3540 2060">
    <p class='ocr_par' dir='ltr' id='par_1_63' title="bbox 1972 1988 3540 2060">
     <span class='ocr_line' id='line_1_63' title="bbox 1972 1988 3540 2060; baseline 0 -16"><span class='ocrx_word' id='word_1_449' title='bbox 1972 2006 2184 2044; x_wconf 79' lang='lat' dir='ltr'><strong>sunima</strong></span> <span class='ocrx_word' id='word_1_450' title='bbox 2211 1989 2478 2060; x_wconf 88' lang='lat' dir='ltr'><strong>sapientia</strong></span> <span class='ocrx_word' id='word_1_451' title='bbox 2493 1988 2868 2060; x_wconf 89' lang='lat' dir='ltr'><strong>excerpserint</strong></span> <span class='ocrx_word' id='word_1_452' title='bbox 2886 2030 2900 2054; x_wconf 95' lang='lat'><strong>,</strong></span> <span class='ocrx_word' id='word_1_453' title='bbox 2933 2003 3326 2059; x_wconf 87' lang='lat' dir='ltr'><strong>nonnunquam</strong></span> <span class='ocrx_word' id='word_1_454' title='bbox 3354 1994 3540 2056; x_wconf 84' lang='lat' dir='ltr'><strong>etiam,</strong></span> 
     </span>
    </p>
   </div>
   <div class='ocr_carea' id='block_1_64' title="bbox 1975 2081 3546 2151">
    <p class='ocr_par' dir='ltr' id='par_1_64' title="bbox 1975 2081 3546 2151">
     <span class='ocr_line' id='line_1_64' title="bbox 1975 2081 3546 2151; baseline -0.001 -15"><span class='ocrx_word' id='word_1_455' title='bbox 1975 2081 2020 2136; x_wconf 82' lang='lat' dir='ltr'><strong>si</strong></span> <span class='ocrx_word' id='word_1_456' title='bbox 2057 2082 2215 2136; x_wconf 89' lang='lat' dir='ltr'><strong>aliam</strong></span> <span class='ocrx_word' id='word_1_457' title='bbox 2246 2082 2902 2145; x_wconf 83' lang='lat' dir='ltr'><strong>ediderintsententiam,</strong></span> <span class='ocrx_word' id='word_1_458' title='bbox 2959 2097 3124 2151; x_wconf 90' lang='lat' dir='ltr'><strong>quam</strong></span> <span class='ocrx_word' id='word_1_459' title='bbox 3176 2083 3420 2138; x_wconf 68' lang='lat' dir='ltr'><strong>auctoris</strong></span> <span class='ocrx_word' id='word_1_460' title='bbox 3449 2099 3546 2138; x_wconf 81' lang='lat' dir='ltr'><strong>ex-</strong></span> 
     </span>
    </p>
   </div>
   <div class='ocr_carea' id='block_1_65' title="bbox 1977 2174 3543 2244">
    <p class='ocr_par' dir='ltr' id='par_1_65' title="bbox 1977 2174 3543 2244">
     <span class='ocr_line' id='line_1_65' title="bbox 1977 2174 3543 2244; baseline -0.002 -16"><span class='ocrx_word' id='word_1_461' title='bbox 1977 2175 2207 2244; x_wconf 66' lang='lat' dir='ltr'><strong>stiterit,</strong></span> <span class='ocrx_word' id='word_1_462' title='bbox 2234 2175 2307 2228; x_wconf 91' lang='lat' dir='ltr'><strong>ita</strong></span> <span class='ocrx_word' id='word_1_463' title='bbox 2332 2184 2511 2228; x_wconf 87' lang='lat' dir='ltr'><strong>tamen</strong></span> <span class='ocrx_word' id='word_1_464' title='bbox 2549 2182 2766 2234; x_wconf 86' lang='lat' dir='ltr'><strong>acutam</strong></span> <span class='ocrx_word' id='word_1_465' title='bbox 2791 2181 2847 2228; x_wconf 90' lang='lat' dir='ltr'><strong>et</strong></span> <span class='ocrx_word' id='word_1_466' title='bbox 2881 2189 3100 2244; x_wconf 86' lang='lat' dir='ltr'><strong>gravem</strong></span> <span class='ocrx_word' id='word_1_467' title='bbox 3125 2184 3179 2228; x_wconf 89' lang='lat' dir='ltr'><strong>et</strong></span> <span class='ocrx_word' id='word_1_468' title='bbox 3209 2174 3543 2229; x_wconf 85' lang='lat' dir='ltr'><strong>luculentam</strong></span> 
     </span>
    </p>
   </div>
   <div class='ocr_carea' id='block_1_66' title="bbox 1976 2264 3544 2334">
    <p class='ocr_par' dir='ltr' id='par_1_66' title="bbox 1976 2264 3544 2334">
     <span class='ocr_line' id='line_1_66' title="bbox 1976 2264 3544 2334; baseline 0 -16"><span class='ocrx_word' id='word_1_469' title='bbox 1976 2264 2275 2331; x_wconf 73' lang='lat' dir='ltr'><strong>ediderﬁit,</strong></span> <span class='ocrx_word' id='word_1_470' title='bbox 2345 2274 2403 2318; x_wconf 91' lang='lat' dir='ltr'><strong>ut</strong></span> <span class='ocrx_word' id='word_1_471' title='bbox 2455 2264 2575 2334; x_wconf 89' lang='lat' dir='ltr'><strong>ipsa</strong></span> <span class='ocrx_word' id='word_1_472' title='bbox 2633 2275 2689 2320; x_wconf 89' lang='lat' dir='ltr'><strong>et</strong></span> <span class='ocrx_word' id='word_1_473' title='bbox 2723 2281 2834 2320; x_wconf 89' lang='lat' dir='ltr'><strong>non</strong></span> <span class='ocrx_word' id='word_1_474' title='bbox 2890 2265 2997 2320; x_wconf 85' lang='lat' dir='ltr'><strong>alia</strong></span> <span class='ocrx_word' id='word_1_475' title='bbox 3024 2265 3277 2320; x_wconf 88' lang='lat' dir='ltr'><strong>videatur</strong></span> <span class='ocrx_word' id='word_1_476' title='bbox 3305 2280 3425 2320; x_wconf 90' lang='lat' dir='ltr'><strong>esse</strong></span> <span class='ocrx_word' id='word_1_477' title='bbox 3453 2267 3544 2322; x_wconf 82' lang='lat' dir='ltr'><strong>dc-</strong></span> 
     </span>
    </p>
   </div>
   <div class='ocr_carea' id='block_1_67' title="bbox 1978 2355 3544 2428">
    <p class='ocr_par' dir='ltr' id='par_1_67' title="bbox 1978 2355 3544 2428">
     <span class='ocr_line' id='line_1_67' title="bbox 1978 2355 3544 2428; baseline -0.001 -18"><span class='ocrx_word' id='word_1_478' title='bbox 1978 2355 2131 2411; x_wconf 73' lang='lat' dir='ltr'><strong>liere.</strong></span> <span class='ocrx_word' id='word_1_479' title='bbox 2161 2357 2428 2428; x_wconf 79' lang='lat' dir='ltr'><strong>Equidem</strong></span> <span class='ocrx_word' id='word_1_480' title='bbox 2459 2359 2632 2412; x_wconf 80' lang='lat' dir='ltr'><strong>fateor</strong></span> <span class='ocrx_word' id='word_1_481' title='bbox 2671 2357 3061 2426; x_wconf 84' lang='lat' dir='ltr'><strong>Augustinum,</strong></span> <span class='ocrx_word' id='word_1_482' title='bbox 3088 2358 3267 2412; x_wconf 82' lang='lat' dir='ltr'><strong>virum</strong></span> <span class='ocrx_word' id='word_1_483' title='bbox 3293 2358 3544 2413; x_wconf 78' lang='lat' dir='ltr'><strong>sublimis</strong></span> 
     </span>
    </p>
   </div>
   <div class='ocr_carea' id='block_1_68' title="bbox 1980 2446 3544 2518">
    <p class='ocr_par' dir='ltr' id='par_1_68' title="bbox 1980 2446 3544 2518">
     <span class='ocr_line' id='line_1_68' title="bbox 1980 2446 3544 2518; baseline 0 -18"><span class='ocrx_word' id='word_1_484' title='bbox 1980 2446 2204 2517; x_wconf 87' lang='lat' dir='ltr'><strong>ingenii,</strong></span> <span class='ocrx_word' id='word_1_485' title='bbox 2238 2463 2333 2516; x_wconf 87' lang='lat' dir='ltr'><strong>per</strong></span> <span class='ocrx_word' id='word_1_486' title='bbox 2361 2448 2436 2500; x_wconf 83' lang='lat' dir='ltr'><strong>sic</strong></span> <span class='ocrx_word' id='word_1_487' title='bbox 2471 2448 2618 2501; x_wconf 90' lang='lat' dir='ltr'><strong>hunc</strong></span> <span class='ocrx_word' id='word_1_488' title='bbox 2638 2447 2817 2500; x_wconf 90' lang='lat' dir='ltr'><strong>locum</strong></span> <span class='ocrx_word' id='word_1_489' title='bbox 2872 2448 3212 2517; x_wconf 90' lang='lat' dir='ltr'><strong>exposuisse,</strong></span> <span class='ocrx_word' id='word_1_490' title='bbox 3243 2458 3298 2503; x_wconf 93' lang='lat' dir='ltr'><strong>ct</strong></span> <span class='ocrx_word' id='word_1_491' title='bbox 3323 2449 3544 2518; x_wconf 86' lang='lat' dir='ltr'><strong>quidem</strong></span> 
     </span>
    </p>
   </div>
   <div class='ocr_carea' id='block_1_69' title="bbox 1979 2538 3543 2610">
    <p class='ocr_par' dir='ltr' id='par_1_69' title="bbox 1979 2538 3543 2610">
     <span class='ocr_line' id='line_1_69' title="bbox 1979 2538 3543 2610; baseline 0 -18"><span class='ocrx_word' id='word_1_492' title='bbox 1979 2539 2319 2610; x_wconf 88' lang='lat' dir='ltr'><strong>gravissimis</strong></span> <span class='ocrx_word' id='word_1_493' title='bbox 2369 2538 2814 2608; x_wconf 86' lang='lat' dir='ltr'><strong>acutissimisque</strong></span> <span class='ocrx_word' id='word_1_494' title='bbox 2865 2538 3330 2605; x_wconf 72' lang='lat' dir='ltr'><strong>rationibus,&#39;hoc</strong></span> <span class='ocrx_word' id='word_1_495' title='bbox 3362 2549 3543 2594; x_wconf 88' lang='lat' dir='ltr'><strong>autem</strong></span> 
     </span>
    </p>
   </div>
   <div class='ocr_carea' id='block_1_70' title="bbox 1980 2627 3546 2698">
    <p class='ocr_par' dir='ltr' id='par_1_70' title="bbox 1980 2627 3546 2698">
     <span class='ocr_line' id='line_1_70' title="bbox 1980 2627 3546 2698; baseline 0.002 -17"><span class='ocrx_word' id='word_1_496' title='bbox 1980 2644 2086 2683; x_wconf 88' lang='lat' dir='ltr'><strong>non</strong></span> <span class='ocrx_word' id='word_1_497' title='bbox 2115 2631 2247 2684; x_wconf 85' lang='lat' dir='ltr'><strong>satis</strong></span> <span class='ocrx_word' id='word_1_498' title='bbox 2273 2643 2393 2683; x_wconf 77' lang='lat' dir='ltr'><strong>esse</strong></span> <span class='ocrx_word' id='word_1_499' title='bbox 2453 2631 2517 2682; x_wconf 87' lang='lat' dir='ltr'><strong>ad</strong></span> <span class='ocrx_word' id='word_1_500' title='bbox 2548 2627 2990 2698; x_wconf 83' lang='lat' dir='ltr'><strong>persuadendum</strong></span> <span class='ocrx_word' id='word_1_501' title='bbox 3031 2629 3106 2683; x_wconf 91' lang='lat' dir='ltr'><strong>ita</strong></span> <span class='ocrx_word' id='word_1_502' title='bbox 3131 2629 3332 2684; x_wconf 88' lang='lat' dir='ltr'><strong>debere</strong></span> <span class='ocrx_word' id='word_1_503' title='bbox 3353 2631 3546 2695; x_wconf 90' lang='lat' dir='ltr'><strong>scribi,</strong></span> 
     </span>
    </p>
   </div>
   <div class='ocr_carea' id='block_1_71' title="bbox 1979 2719 3547 2789">
    <p class='ocr_par' dir='ltr' id='par_1_71' title="bbox 1979 2719 3547 2789">
     <span class='ocr_line' id='line_1_71' title="bbox 1979 2719 3547 2789; baseline 0.003 -15"><span class='ocrx_word' id='word_1_504' title='bbox 1979 2735 2043 2774; x_wconf 86' lang='lat' dir='ltr'><strong>ex</strong></span> <span class='ocrx_word' id='word_1_505' title='bbox 2088 2720 2280 2774; x_wconf 89' lang='lat' dir='ltr'><strong>eodem</strong></span> <span class='ocrx_word' id='word_1_506' title='bbox 2308 2721 2531 2774; x_wconf 88' lang='lat' dir='ltr'><strong>doctore</strong></span> <span class='ocrx_word' id='word_1_507' title='bbox 2559 2719 3006 2774; x_wconf 78' lang='lat' dir='ltr'><strong>manifestissime</strong></span> <span class='ocrx_word' id='word_1_508' title='bbox 3030 2720 3296 2789; x_wconf 89' lang='lat' dir='ltr'><strong>probabo.</strong></span> <span class='ocrx_word' id='word_1_509' title='bbox 3321 2721 3372 2778; x_wconf 88' lang='lat' dir='ltr'><strong>is</strong></span> <span class='ocrx_word' id='word_1_510' title='bbox 3399 2724 3547 2778; x_wconf 88' lang='lat' dir='ltr'><strong>enim</strong></span> 
     </span>
    </p>
   </div>
   <div class='ocr_carea' id='block_1_72' title="bbox 1979 2813 3549 2890">
    <p class='ocr_par' dir='ltr' id='par_1_72' title="bbox 1979 2813 3549 2890">
     <span class='ocr_line' id='line_1_72' title="bbox 1979 2813 3549 2890; baseline 0.004 -20"><span class='ocrx_word' id='word_1_511' title='bbox 1979 2817 2163 2872; x_wconf 90' lang='lat' dir='ltr'><strong>locum</strong></span> <span class='ocrx_word' id='word_1_512' title='bbox 2197 2813 2347 2868; x_wconf 84' lang='lat' dir='ltr'><strong>illum</strong></span> <span class='ocrx_word' id='word_1_513' title='bbox 2379 2815 2636 2884; x_wconf 67' lang='lat' dir='ltr'><strong>Epistolis</strong></span> <span class='ocrx_word' id='word_1_514' title='bbox 2683 2815 2875 2885; x_wconf 75' lang='lat' dir='ltr'><strong>prima:</strong></span> <span class='ocrx_word' id='word_1_515' title='bbox 2919 2815 2984 2869; x_wconf 90' lang='lat' dir='ltr'><strong>ad</strong></span> <span class='ocrx_word' id='word_1_516' title='bbox 3009 2814 3354 2872; x_wconf 83' lang='lat' dir='ltr'><strong>Timotheum</strong></span> <span class='ocrx_word' id='word_1_517' title='bbox 3377 2835 3549 2890; x_wconf 87' lang='lat' dir='ltr'><strong>expo-</strong></span> 
     </span>
    </p>
   </div>
   <div class='ocr_carea' id='block_1_73' title="bbox 1983 2904 3547 2978">
    <p class='ocr_par' dir='ltr' id='par_1_73' title="bbox 1983 2904 3547 2978">
     <span class='ocr_line' id='line_1_73' title="bbox 1983 2904 3547 2978; baseline 0.003 -18"><span class='ocrx_word' id='word_1_518' title='bbox 1983 2921 2140 2970; x_wconf 87' lang='lat' dir='ltr'><strong>nens,</strong></span> <span class='ocrx_word' id='word_1_519' title='bbox 2169 2905 2263 2959; x_wconf 92' lang='lat' dir='ltr'><strong>ubi</strong></span> <span class='ocrx_word' id='word_1_520' title='bbox 2309 2906 2451 2975; x_wconf 91' lang='lat' dir='ltr'><strong>apud</strong></span> <span class='ocrx_word' id='word_1_521' title='bbox 2491 2906 2709 2960; x_wconf 71' lang='lat' dir='ltr'><strong>Graecos</strong></span> <span class='ocrx_word' id='word_1_522' title='bbox 2739 2904 3027 2973; x_wconf 90' lang='lat' dir='ltr'><strong>scribitur,</strong></span> <span class='ocrx_word' id='word_1_523' title='bbox 3077 2907 3274 2969; x_wconf 69' lang='grc' dir='ltr'><strong>Πιστὸς</strong></span> <span class='ocrx_word' id='word_1_524' title='bbox 3322 2910 3547 2978; x_wconf 35' lang='grc' dir='ltr'><strong>ὀ,,λόγος</strong></span> 
     </span>
    </p>
   </div>
   <div class='ocr_carea' id='block_1_74' title="bbox 1983 2989 3554 3068">
    <p class='ocr_par' dir='ltr' id='par_1_74' title="bbox 1983 2989 3554 3068">
     <span class='ocr_line' id='line_1_74' title="bbox 1983 2989 3554 3068; baseline 0.004 -18"><span class='ocrx_word' id='word_1_525' title='bbox 1983 2997 2079 3050; x_wconf 65' lang='grc' dir='ltr'><strong>καὶ</strong></span> <span class='ocrx_word' id='word_1_526' title='bbox 2111 2997 2292 3068; x_wconf 81' lang='grc' dir='ltr'><strong>πάσης</strong></span> <span class='ocrx_word' id='word_1_527' title='bbox 2343 2997 2614 3066; x_wconf 82' lang='grc' dir='ltr'><strong>ἀποδοχῆς</strong></span> <span class='ocrx_word' id='word_1_528' title='bbox 2660 2997 2830 3064; x_wconf 75' lang='grc' dir='ltr'><strong>ἄξιος,</strong></span> <span class='ocrx_word' id='word_1_529' title='bbox 2886 2997 2990 3053; x_wconf 91' lang='lat' dir='ltr'><strong>hoc</strong></span> <span class='ocrx_word' id='word_1_530' title='bbox 3013 3006 3117 3066; x_wconf 88' lang='lat' dir='ltr'><strong>est,</strong></span> <span class='ocrx_word' id='word_1_531' title='bbox 3153 2998 3354 3054; x_wconf 78' lang='lat' dir='ltr'><strong>Fidelis</strong></span> <span class='ocrx_word' id='word_1_532' title='bbox 3380 2989 3554 3056; x_wconf 80' lang='lat' dir='ltr'><strong>seruio</strong></span> 
     </span>
    </p>
   </div>
   <div class='ocr_carea' id='block_1_75' title="bbox 1983 3087 3553 3164">
    <p class='ocr_par' dir='ltr' id='par_1_75' title="bbox 1983 3087 3553 3164">
     <span class='ocr_line' id='line_1_75' title="bbox 1983 3087 3553 3164; baseline 0.004 -23"><span class='ocrx_word' id='word_1_533' title='bbox 1983 3095 2033 3141; x_wconf 84' lang='lat' dir='ltr'><strong>et</strong></span> <span class='ocrx_word' id='word_1_534' title='bbox 2085 3087 2228 3140; x_wconf 80' lang='lat' dir='ltr'><strong>omni</strong></span> <span class='ocrx_word' id='word_1_535' title='bbox 2274 3089 2576 3158; x_wconf 84' lang='lat' dir='ltr'><strong>acceptione</strong></span> <span class='ocrx_word' id='word_1_536' title='bbox 2639 3088 2846 3157; x_wconf 84' lang='lat' dir='ltr'><strong>dignus,</strong></span> <span class='ocrx_word' id='word_1_537' title='bbox 2909 3088 2985 3143; x_wconf 88' lang='lat' dir='ltr'><strong>ita</strong></span> <span class='ocrx_word' id='word_1_538' title='bbox 3006 3090 3153 3145; x_wconf 86' lang='lat' dir='ltr'><strong>enim</strong></span> <span class='ocrx_word' id='word_1_539' title='bbox 3186 3089 3553 3164; x_wconf 76' lang='lat' dir='ltr'><strong>Hieronymus</strong></span> 
     </span>
    </p>
   </div>
   <div class='ocr_carea' id='block_1_76' title="bbox 1984 3179 3553 3252">
    <p class='ocr_par' dir='ltr' id='par_1_76' title="bbox 1984 3179 3553 3252">
     <span class='ocr_line' id='line_1_76' title="bbox 1984 3179 3553 3252; baseline 0.008 -21"><span class='ocrx_word' id='word_1_540' title='bbox 1984 3193 2201 3249; x_wconf 90' lang='lat' dir='ltr'><strong>quoque</strong></span> <span class='ocrx_word' id='word_1_541' title='bbox 2252 3179 2400 3235; x_wconf 86' lang='lat' dir='ltr'><strong>hunc</strong></span> <span class='ocrx_word' id='word_1_542' title='bbox 2447 3180 2629 3235; x_wconf 90' lang='lat' dir='ltr'><strong>locum</strong></span> <span class='ocrx_word' id='word_1_543' title='bbox 2683 3182 3077 3252; x_wconf 88' lang='lat' dir='ltr'><strong>interpretatus</strong></span> <span class='ocrx_word' id='word_1_544' title='bbox 3128 3193 3234 3250; x_wconf 89' lang='lat' dir='ltr'><strong>est,</strong></span> <span class='ocrx_word' id='word_1_545' title='bbox 3273 3185 3553 3243; x_wconf 77' lang='lat' dir='ltr'><strong>Iliunanus</strong></span> 
     </span>
    </p>
   </div>
   <div class='ocr_carea' id='block_1_77' title="bbox 1986 3270 3552 3350">
    <p class='ocr_par' dir='ltr' id='par_1_77' title="bbox 1986 3270 3552 3350">
     <span class='ocr_line' id='line_1_77' title="bbox 1986 3270 3552 3350; baseline 0.008 -26"><span class='ocrx_word' id='word_1_546' title='bbox 1986 3270 2188 3340; x_wconf 89' lang='lat' dir='ltr'><strong>inquit,</strong></span> <span class='ocrx_word' id='word_1_547' title='bbox 2245 3288 2436 3325; x_wconf 84' lang='lat' dir='ltr'><strong>sermo.</strong></span> <span class='ocrx_word' id='word_1_548' title='bbox 2489 3271 2631 3338; x_wconf 87' lang='lat' dir='ltr'><strong>Quid</strong></span> <span class='ocrx_word' id='word_1_549' title='bbox 2698 3273 2812 3327; x_wconf 81' lang='lat' dir='ltr'><strong>ita?</strong></span> <span class='ocrx_word' id='word_1_550' title='bbox 2853 3273 2990 3342; x_wconf 84' lang='lat' dir='ltr'><strong>Quia</strong></span> <span class='ocrx_word' id='word_1_551' title='bbox 3021 3275 3096 3330; x_wconf 88' lang='lat' dir='ltr'><strong>ita</strong></span> <span class='ocrx_word' id='word_1_552' title='bbox 3123 3287 3254 3331; x_wconf 91' lang='lat' dir='ltr'><strong>tunc</strong></span> <span class='ocrx_word' id='word_1_553' title='bbox 3282 3279 3552 3350; x_wconf 88' lang='lat' dir='ltr'><strong>scriptum</strong></span> 
     </span>
    </p>
   </div>
   <div class='ocr_carea' id='block_1_78' title="bbox 1986 3364 3554 3436">
    <p class='ocr_par' dir='ltr' id='par_1_78' title="bbox 1986 3364 3554 3436">
     <span class='ocr_line' id='line_1_78' title="bbox 1986 3364 3554 3436; baseline 0.009 -21"><span class='ocrx_word' id='word_1_554' title='bbox 1986 3373 2266 3431; x_wconf 85' lang='lat' dir='ltr'><strong>repererat</strong></span> <span class='ocrx_word' id='word_1_555' title='bbox 2324 3373 2376 3416; x_wconf 91' lang='lat' dir='ltr'><strong>et</strong></span> <span class='ocrx_word' id='word_1_556' title='bbox 2432 3364 2511 3418; x_wconf 88' lang='lat' dir='ltr'><strong>sic</strong></span> <span class='ocrx_word' id='word_1_557' title='bbox 2566 3379 2665 3433; x_wconf 81' lang='lat' dir='ltr'><strong>per</strong></span> <span class='ocrx_word' id='word_1_558' title='bbox 2722 3365 3084 3436; x_wconf 90' lang='lat' dir='ltr'><strong>interpretem</strong></span> <span class='ocrx_word' id='word_1_559' title='bbox 3115 3368 3285 3425; x_wconf 79' lang='lat' dir='ltr'><strong>fuisse</strong></span> <span class='ocrx_word' id='word_1_560' title='bbox 3318 3374 3554 3429; x_wconf 88' lang='lat' dir='ltr'><strong>transla-</strong></span> 
     </span>
    </p>
   </div>
   <div class='ocr_carea' id='block_1_79' title="bbox 1989 3453 3556 3532">
    <p class='ocr_par' dir='ltr' id='par_1_79' title="bbox 1989 3453 3556 3532">
     <span class='ocr_line' id='line_1_79' title="bbox 1989 3453 3556 3532; baseline 0.01 -28"><span class='ocrx_word' id='word_1_561' title='bbox 1989 3459 2148 3515; x_wconf 89' lang='lat' dir='ltr'><strong>tum,</strong></span> <span class='ocrx_word' id='word_1_562' title='bbox 2207 3463 2465 3522; x_wconf 86' lang='lat' dir='ltr'><strong>tantoque</strong></span> <span class='ocrx_word' id='word_1_563' title='bbox 2519 3453 2772 3510; x_wconf 89' lang='lat' dir='ltr'><strong>acumine</strong></span> <span class='ocrx_word' id='word_1_564' title='bbox 2828 3458 3168 3529; x_wconf 88' lang='lat' dir='ltr'><strong>etelegantia</strong></span> <span class='ocrx_word' id='word_1_565' title='bbox 3195 3477 3256 3517; x_wconf 92' lang='lat' dir='ltr'><strong>ac</strong></span> <span class='ocrx_word' id='word_1_566' title='bbox 3289 3465 3556 3532; x_wconf 85' lang='lat' dir='ltr'><strong>gravitate</strong></span> 
     </span>
    </p>
   </div>
   <div class='ocr_carea' id='block_1_80' title="bbox 1986 3544 3554 3628">
    <p class='ocr_par' dir='ltr' id='par_1_80' title="bbox 1986 3544 3554 3628">
     <span class='ocr_line' id='line_1_80' title="bbox 1986 3544 3554 3628; baseline 0.01 -30"><span class='ocrx_word' id='word_1_567' title='bbox 1986 3544 2382 3598; x_wconf 87' lang='lat' dir='ltr'><strong>sententiarum</strong></span> <span class='ocrx_word' id='word_1_568' title='bbox 2406 3560 2531 3599; x_wconf 89' lang='lat' dir='ltr'><strong>eum</strong></span> <span class='ocrx_word' id='word_1_569' title='bbox 2559 3545 2742 3602; x_wconf 91' lang='lat' dir='ltr'><strong>locum</strong></span> <span class='ocrx_word' id='word_1_570' title='bbox 2806 3565 3092 3621; x_wconf 79' lang='lat' dir='ltr'><strong>exponens</strong></span> <span class='ocrx_word' id='word_1_571' title='bbox 3124 3554 3366 3616; x_wconf 82' lang='lat' dir='ltr'><strong>illustrat</strong></span> <span class='ocrx_word' id='word_1_572' title='bbox 3387 3567 3554 3628; x_wconf 82' lang='lat' dir='ltr'><strong>atque</strong></span> 
     </span>
    </p>
   </div>
   <div class='ocr_carea' id='block_1_81' title="bbox 1985 3637 3553 3716">
    <p class='ocr_par' dir='ltr' id='par_1_81' title="bbox 1985 3637 3553 3716">
     <span class='ocr_line' id='line_1_81' title="bbox 1985 3637 3553 3716; baseline 0.011 -28"><span class='ocrx_word' id='word_1_573' title='bbox 1985 3646 2216 3692; x_wconf 73' lang='lat' dir='ltr'><strong>exornat</strong></span> <span class='ocrx_word' id='word_1_574' title='bbox 2236 3637 2316 3690; x_wconf 89' lang='lat' dir='ltr'><strong>vir</strong></span> <span class='ocrx_word' id='word_1_575' title='bbox 2341 3637 2429 3691; x_wconf 92' lang='lat' dir='ltr'><strong>ille</strong></span> <span class='ocrx_word' id='word_1_576' title='bbox 2476 3640 2919 3709; x_wconf 81' lang='lat' dir='ltr'><strong>sapientissimus</strong></span> <span class='ocrx_word' id='word_1_577' title='bbox 2951 3654 3115 3714; x_wconf 89' lang='lat' dir='ltr'><strong>atque</strong></span> <span class='ocrx_word' id='word_1_578' title='bbox 3145 3649 3553 3716; x_wconf 88' lang='lat' dir='ltr'><strong>sanctissimus,</strong></span> 
     </span>
    </p>
   </div>
   <div class='ocr_carea' id='block_1_82' title="bbox 1991 3731 3551 3810">
    <p class='ocr_par' dir='ltr' id='par_1_82' title="bbox 1991 3731 3551 3810">
     <span class='ocr_line' id='line_1_82' title="bbox 1991 3731 3551 3810; baseline 0.012 -28"><span class='ocrx_word' id='word_1_579' title='bbox 1991 3739 2050 3783; x_wconf 91' lang='grc' dir='ltr'><strong>ιιι</strong></span> <span class='ocrx_word' id='word_1_580' title='bbox 2077 3746 2238 3784; x_wconf 84' lang='lat' dir='ltr'><strong>nemo</strong></span> <span class='ocrx_word' id='word_1_581' title='bbox 2264 3731 2518 3786; x_wconf 89' lang='lat' dir='ltr'><strong>crederet</strong></span> <span class='ocrx_word' id='word_1_582' title='bbox 2547 3732 2707 3787; x_wconf 87' lang='lat' dir='ltr'><strong>aliter</strong></span> <span class='ocrx_word' id='word_1_583' title='bbox 2729 3736 2896 3790; x_wconf 90' lang='lat' dir='ltr'><strong>scribi</strong></span> <span class='ocrx_word' id='word_1_584' title='bbox 2925 3736 3207 3804; x_wconf 84' lang='lat' dir='ltr'><strong>debuisse,</strong></span> <span class='ocrx_word' id='word_1_585' title='bbox 3239 3745 3551 3810; x_wconf 66' lang='lat' dir='ltr'><strong>praisertim</strong></span> 
     </span>
    </p>
   </div>
   <div class='ocr_carea' id='block_1_83' title="bbox 1987 3821 3556 3902">
    <p class='ocr_par' dir='ltr' id='par_1_83' title="bbox 1987 3821 3556 3902">
     <span class='ocr_line' id='line_1_83' title="bbox 1987 3821 3556 3902; baseline 0.01 -29"><span class='ocrx_word' id='word_1_586' title='bbox 1987 3821 2117 3889; x_wconf 91' lang='lat' dir='ltr'><strong>quid</strong></span> <span class='ocrx_word' id='word_1_587' title='bbox 2141 3821 2284 3890; x_wconf 81' lang='lat' dir='ltr'><strong>apud</strong></span> <span class='ocrx_word' id='word_1_588' title='bbox 2310 3821 2530 3876; x_wconf 71' lang='lat' dir='ltr'><strong>Graecos</strong></span> <span class='ocrx_word' id='word_1_589' title='bbox 2556 3824 2831 3879; x_wconf 87' lang='lat' dir='ltr'><strong>scribatur</strong></span> <span class='ocrx_word' id='word_1_590' title='bbox 2861 3826 3140 3895; x_wconf 84' lang='lat' dir='ltr'><strong>ignorans.</strong></span> <span class='ocrx_word' id='word_1_591' title='bbox 3165 3829 3326 3886; x_wconf 85' lang='lat' dir='ltr'><strong>Nulla</strong></span> <span class='ocrx_word' id='word_1_592' title='bbox 3351 3834 3556 3902; x_wconf 87' lang='lat' dir='ltr'><strong>quippe</strong></span> 
     </span>
    </p>
   </div>
   <div class='ocr_carea' id='block_1_84' title="bbox 1987 3912 3552 3992">
    <p class='ocr_par' dir='ltr' id='par_1_84' title="bbox 1987 3912 3552 3992">
     <span class='ocr_line' id='line_1_84' title="bbox 1987 3912 3552 3992; baseline 0.007 -26"><span class='ocrx_word' id='word_1_593' title='bbox 1987 3912 2130 3981; x_wconf 88' lang='lat' dir='ltr'><strong>apud</strong></span> <span class='ocrx_word' id='word_1_594' title='bbox 2176 3913 2300 3966; x_wconf 83' lang='lat' dir='ltr'><strong>illos</strong></span> <span class='ocrx_word' id='word_1_595' title='bbox 2360 3913 2615 3968; x_wconf 87' lang='lat' dir='ltr'><strong>vocabuli</strong></span> <span class='ocrx_word' id='word_1_596' title='bbox 2663 3914 2828 3984; x_wconf 88' lang='lat' dir='ltr'><strong>hujus</strong></span> <span class='ocrx_word' id='word_1_597' title='bbox 2865 3917 3226 3987; x_wconf 86' lang='lat' dir='ltr'><strong>ambiguitas.</strong></span> <span class='ocrx_word' id='word_1_598' title='bbox 3263 3921 3552 3992; x_wconf 80' lang='lat' dir='ltr'><strong>Siquidem</strong></span> 
     </span>
    </p>
   </div>
   <div class='ocr_carea' id='block_1_85' title="bbox 1988 4004 3557 4078">
    <p class='ocr_par' dir='ltr' id='par_1_85' title="bbox 1988 4004 3557 4078">
     <span class='ocr_line' id='line_1_85' title="bbox 1988 4004 3557 4078; baseline 0.01 -20"><span class='ocrx_word' id='word_1_599' title='bbox 1988 4004 2175 4066; x_wconf 73' lang='grc' dir='ltr'>πιστὸς</span> <span class='ocrx_word' id='word_1_600' title='bbox 2191 4005 2365 4072; x_wconf 79' lang='lat' dir='ltr'><strong>ﬁdelis</strong></span> <span class='ocrx_word' id='word_1_601' title='bbox 2382 4006 2499 4060; x_wconf 89' lang='lat' dir='ltr'><strong>sine</strong></span> <span class='ocrx_word' id='word_1_602' title='bbox 2517 4005 2863 4061; x_wconf 89' lang='lat' dir='ltr'><strong>dubitatione</strong></span> <span class='ocrx_word' id='word_1_603' title='bbox 2885 4008 3179 4078; x_wconf 71' lang='lat' dir='ltr'><strong>signiﬁcat,</strong></span> <span class='ocrx_word' id='word_1_604' title='bbox 3199 4017 3557 4076; x_wconf 87' lang='lat' dir='ltr'><strong>quemadmo-</strong></span> 
     </span>
    </p>
   </div>
   <div class='ocr_carea' id='block_1_86' title="bbox 1987 4091 3558 4172">
    <p class='ocr_par' dir='ltr' id='par_1_86' title="bbox 1987 4091 3558 4172">
     <span class='ocr_line' id='line_1_86' title="bbox 1987 4091 3558 4172; baseline 0.009 -21"><span class='ocrx_word' id='word_1_605' title='bbox 1987 4097 2118 4151; x_wconf 78' lang='lat' dir='ltr'><strong>dum</strong></span> <span class='ocrx_word' id='word_1_606' title='bbox 2141 4109 2196 4152; x_wconf 90' lang='lat' dir='ltr'><strong>et</strong></span> <span class='ocrx_word' id='word_1_607' title='bbox 2216 4100 2398 4161; x_wconf 78' lang='grc' dir='ltr'><strong>πίστις</strong></span> <span class='ocrx_word' id='word_1_608' title='bbox 2412 4098 2546 4162; x_wconf 79' lang='lat' dir='ltr'><strong>ﬁdes</strong></span> <span class='ocrx_word' id='word_1_609' title='bbox 2567 4091 2808 4168; x_wconf 88' lang='lat' dir='ltr'><strong>dicitur;</strong></span> <span class='ocrx_word' id='word_1_610' title='bbox 2830 4116 2931 4156; x_wconf 90' lang='lat' dir='ltr'><strong>nec</strong></span> <span class='ocrx_word' id='word_1_611' title='bbox 2950 4102 3130 4172; x_wconf 88' lang='lat' dir='ltr'><strong>aliqua</strong></span> <span class='ocrx_word' id='word_1_612' title='bbox 3147 4116 3236 4162; x_wconf 91' lang='lat' dir='ltr'><strong>est</strong></span> <span class='ocrx_word' id='word_1_613' title='bbox 3257 4108 3558 4164; x_wconf 72' lang='lat' dir='ltr'><strong>similitudo</strong></span> 
     </span>
    </p>
   </div>
   <div class='ocr_carea' id='block_1_87' title="bbox 1987 4191 3558 4272">
    <p class='ocr_par' dir='ltr' id='par_1_87' title="bbox 1987 4191 3558 4272">
     <span class='ocr_line' id='line_1_87' title="bbox 1987 4191 3558 4272; baseline 0.008 -28"><span class='ocrx_word' id='word_1_614' title='bbox 1987 4191 2155 4260; x_wconf 85' lang='lat' dir='ltr'><strong>hujus</strong></span> <span class='ocrx_word' id='word_1_615' title='bbox 2202 4192 2354 4245; x_wconf 89' lang='lat' dir='ltr'><strong>verbi</strong></span> <span class='ocrx_word' id='word_1_616' title='bbox 2413 4192 2604 4255; x_wconf 76' lang='grc' dir='ltr'><strong>πιστὸς</strong></span> <span class='ocrx_word' id='word_1_617' title='bbox 2665 4207 2787 4248; x_wconf 87' lang='lat' dir='ltr'><strong>cum</strong></span> <span class='ocrx_word' id='word_1_618' title='bbox 2833 4207 2896 4247; x_wconf 90' lang='lat' dir='ltr'><strong>ea</strong></span> <span class='ocrx_word' id='word_1_619' title='bbox 2946 4194 3188 4252; x_wconf 90' lang='lat' dir='ltr'><strong>dictione</strong></span> <span class='ocrx_word' id='word_1_620' title='bbox 3219 4197 3405 4255; x_wconf 70' lang='lat' dir='ltr'><strong>Graeca</strong></span> <span class='ocrx_word' id='word_1_621' title='bbox 3435 4218 3558 4272; x_wconf 71' lang='lat' dir='ltr'><strong>qua:</strong></span> 
     </span>
    </p>
   </div>
   <div class='ocr_carea' id='block_1_88' title="bbox 1987 4282 3553 4360">
    <p class='ocr_par' dir='ltr' id='par_1_88' title="bbox 1987 4282 3553 4360">
     <span class='ocr_line' id='line_1_88' title="bbox 1987 4282 3553 4360; baseline 0.007 -24"><span class='ocrx_word' id='word_1_622' title='bbox 1987 4284 2278 4337; x_wconf 81' lang='lat' dir='ltr'><strong>humanum</strong></span> <span class='ocrx_word' id='word_1_623' title='bbox 2327 4282 2636 4353; x_wconf 86' lang='lat' dir='ltr'><strong>signiﬁcat;</strong></span> <span class='ocrx_word' id='word_1_624' title='bbox 2698 4292 2755 4338; x_wconf 90' lang='lat' dir='ltr'><strong>et</strong></span> <span class='ocrx_word' id='word_1_625' title='bbox 2812 4292 2996 4340; x_wconf 87' lang='lat' dir='ltr'><strong>tamen</strong></span> <span class='ocrx_word' id='word_1_626' title='bbox 3047 4285 3124 4340; x_wconf 90' lang='lat' dir='ltr'><strong>ita</strong></span> <span class='ocrx_word' id='word_1_627' title='bbox 3183 4302 3328 4360; x_wconf 61' lang='lat' dir='ltr'><strong>sepe</strong></span> <span class='ocrx_word' id='word_1_628' title='bbox 3379 4307 3446 4346; x_wconf 91' lang='lat' dir='ltr'><strong>eo</strong></span> <span class='ocrx_word' id='word_1_629' title='bbox 3499 4293 3553 4347; x_wconf 89' lang='lat' dir='ltr'><strong>in</strong></span> 
     </span>
    </p>
   </div>
   <div class='ocr_carea' id='block_1_89' title="bbox 1989 4373 3556 4445">
    <p class='ocr_par' dir='ltr' id='par_1_89' title="bbox 1989 4373 3556 4445">
     <span class='ocr_line' id='line_1_89' title="bbox 1989 4373 3556 4445; baseline 0.006 -17"><span class='ocrx_word' id='word_1_630' title='bbox 1989 4374 2112 4430; x_wconf 90' lang='lat' dir='ltr'><strong>loco</strong></span> <span class='ocrx_word' id='word_1_631' title='bbox 2164 4373 2392 4444; x_wconf 87' lang='lat' dir='ltr'><strong>replicat</strong></span> <span class='ocrx_word' id='word_1_632' title='bbox 2440 4375 2542 4430; x_wconf 86' lang='lat' dir='ltr'><strong>hoc</strong></span> <span class='ocrx_word' id='word_1_633' title='bbox 2580 4374 2808 4431; x_wconf 87' lang='lat' dir='ltr'><strong>verbum</strong></span> <span class='ocrx_word' id='word_1_634' title='bbox 2834 4377 3137 4445; x_wconf 77' lang='lat' dir='ltr'><strong>apostolus,</strong></span> <span class='ocrx_word' id='word_1_635' title='bbox 3174 4388 3233 4433; x_wconf 93' lang='lat' dir='ltr'><strong>ut</strong></span> <span class='ocrx_word' id='word_1_636' title='bbox 3256 4381 3556 4438; x_wconf 82' lang='lat' dir='ltr'><strong>vehemen-</strong></span> 
     </span>
    </p>
   </div>
   <div class='ocr_carea' id='block_1_90' title="bbox 317 4461 3556 4544">
    <p class='ocr_par' dir='ltr' id='par_1_90' title="bbox 317 4461 3556 4544">
     <span class='ocr_line' id='line_1_90' title="bbox 317 4461 3556 4544; baseline 0.004 -28"><span class='ocrx_word' id='word_1_637' title='bbox 317 4471 408 4534; x_wconf 78' lang='lat' dir='ltr'><strong>tis,</strong></span> <span class='ocrx_word' id='word_1_638' title='bbox 434 4477 490 4524; x_wconf 80' lang='lat' dir='ltr'><strong>et</strong></span> <span class='ocrx_word' id='word_1_639' title='bbox 519 4484 642 4539; x_wconf 63' lang='lat' dir='ltr'><strong>qua;</strong></span> <span class='ocrx_word' id='word_1_640' title='bbox 665 4467 721 4522; x_wconf 76' lang='grc' dir='ltr'>ιη</span> <span class='ocrx_word' id='word_1_641' title='bbox 749 4467 939 4522; x_wconf 82' lang='lat' dir='ltr'><strong>eadem</strong></span> <span class='ocrx_word' id='word_1_642' title='bbox 967 4466 1154 4536; x_wconf 83' lang='lat' dir='ltr'><strong>lingua</strong></span> <span class='ocrx_word' id='word_1_643' title='bbox 1181 4465 1384 4534; x_wconf 82' lang='lat' dir='ltr'><strong>scripta</strong></span> <span class='ocrx_word' id='word_1_644' title='bbox 1415 4471 1542 4517; x_wconf 86' lang='lat' dir='ltr'><strong>sunt</strong></span> <span class='ocrx_word' id='word_1_645' title='bbox 1560 4461 1884 4530; x_wconf 89' lang='lat' dir='ltr'><strong>exponenti-</strong></span> <span class='ocrx_word' id='word_1_646' title='bbox 1909 4477 1964 4540; x_wconf 70' lang='grc' dir='ltr'><strong>ῃ</strong></span> <span class='ocrx_word' id='word_1_647' title='bbox 1989 4475 2072 4520; x_wconf 91' lang='lat' dir='ltr'><strong>ter</strong></span> <span class='ocrx_word' id='word_1_648' title='bbox 2100 4466 2340 4520; x_wconf 83' lang='lat' dir='ltr'><strong>admirer</strong></span> <span class='ocrx_word' id='word_1_649' title='bbox 2367 4482 2477 4536; x_wconf 91' lang='lat' dir='ltr'><strong>quo</strong></span> <span class='ocrx_word' id='word_1_650' title='bbox 2513 4477 2672 4534; x_wconf 89' lang='lat' dir='ltr'><strong>pacto</strong></span> <span class='ocrx_word' id='word_1_651' title='bbox 2707 4467 2803 4536; x_wconf 92' lang='lat' dir='ltr'><strong>qui</strong></span> <span class='ocrx_word' id='word_1_652' title='bbox 2829 4468 3043 4544; x_wconf 65' lang='lat' dir='ltr'><strong>primus</strong></span> <span class='ocrx_word' id='word_1_653' title='bbox 3066 4468 3170 4524; x_wconf 88' lang='lat' dir='ltr'><strong>hoc</strong></span> <span class='ocrx_word' id='word_1_654' title='bbox 3216 4470 3272 4525; x_wconf 89' lang='lat' dir='ltr'><strong>in</strong></span> <span class='ocrx_word' id='word_1_655' title='bbox 3299 4469 3556 4528; x_wconf 88' lang='lat' dir='ltr'><strong>Latinum</strong></span> 
     </span>
    </p>
   </div>
   <div class='ocr_carea' id='block_1_91' title="bbox 315 4555 1882 4631">
    <p class='ocr_par' dir='ltr' id='par_1_91' title="bbox 315 4555 1882 4631">
     <span class='ocr_line' id='line_1_91' title="bbox 315 4555 1882 4631; baseline -0.004 -17"><span class='ocrx_word' id='word_1_656' title='bbox 315 4561 441 4626; x_wconf 90' lang='lat' dir='ltr'><strong>bus,</strong></span> <span class='ocrx_word' id='word_1_657' title='bbox 476 4560 662 4631; x_wconf 84' lang='lat' dir='ltr'><strong>potius</strong></span> <span class='ocrx_word' id='word_1_658' title='bbox 693 4572 856 4630; x_wconf 91' lang='lat' dir='ltr'><strong>quam</strong></span> <span class='ocrx_word' id='word_1_659' title='bbox 890 4557 1180 4627; x_wconf 87' lang='lat' dir='ltr'><strong>quibusvis</strong></span> <span class='ocrx_word' id='word_1_660' title='bbox 1213 4557 1338 4611; x_wconf 90' lang='lat' dir='ltr'><strong>aliis</strong></span> <span class='ocrx_word' id='word_1_661' title='bbox 1393 4555 1728 4610; x_wconf 66' lang='lat' dir='ltr'><strong>credendum</strong></span> <span class='ocrx_word' id='word_1_662' title='bbox 1759 4567 1882 4608; x_wconf 87' lang='lat' dir='ltr'><strong>esse</strong></span> 
     </span>
    </p>
   </div>
   <div class='ocr_carea' id='block_1_92' title="bbox 313 4646 1883 4725">
    <p class='ocr_par' dir='ltr' id='par_1_92' title="bbox 313 4646 1883 4725">
     <span class='ocr_line' id='line_1_92' title="bbox 313 4646 1883 4725; baseline -0.005 -17"><span class='ocrx_word' id='word_1_663' title='bbox 313 4654 502 4725; x_wconf 87' lang='lat' dir='ltr'><strong>negari</strong></span> <span class='ocrx_word' id='word_1_664' title='bbox 537 4667 648 4708; x_wconf 91' lang='lat' dir='ltr'><strong>non</strong></span> <span class='ocrx_word' id='word_1_665' title='bbox 705 4658 905 4721; x_wconf 90' lang='lat' dir='ltr'><strong>potest.</strong></span> <span class='ocrx_word' id='word_1_666' title='bbox 947 4647 1053 4704; x_wconf 89' lang='lat' dir='ltr'><strong>Sed</strong></span> <span class='ocrx_word' id='word_1_667' title='bbox 1119 4663 1188 4703; x_wconf 88' lang='lat' dir='ltr'><strong>ne</strong></span> <span class='ocrx_word' id='word_1_668' title='bbox 1253 4646 1597 4703; x_wconf 81' lang='lat' dir='ltr'><strong>recentiores</strong></span> <span class='ocrx_word' id='word_1_669' title='bbox 1659 4647 1883 4716; x_wconf 89' lang='lat' dir='ltr'><strong>quidem</strong></span> 
     </span>
    </p>
   </div>
   <div class='ocr_carea' id='block_1_93' title="bbox 314 4737 1881 4808">
    <p class='ocr_par' dir='ltr' id='par_1_93' title="bbox 314 4737 1881 4808">
     <span class='ocr_line' id='line_1_93' title="bbox 314 4737 1881 4808; baseline -0.006 -7"><span class='ocrx_word' id='word_1_670' title='bbox 314 4747 574 4801; x_wconf 86' lang='lat' dir='ltr'><strong>doctores</strong></span> <span class='ocrx_word' id='word_1_671' title='bbox 604 4741 834 4797; x_wconf 90' lang='lat' dir='ltr'><strong>Latinos</strong></span> <span class='ocrx_word' id='word_1_672' title='bbox 871 4741 988 4794; x_wconf 64' lang='lat' dir='ltr'><strong>haec</strong></span> <span class='ocrx_word' id='word_1_673' title='bbox 1013 4740 1246 4804; x_wconf 88' lang='lat' dir='ltr'><strong>latuere,</strong></span> <span class='ocrx_word' id='word_1_674' title='bbox 1277 4739 1694 4808; x_wconf 68' lang='lat' dir='ltr'><strong>prmsertimque</strong></span> <span class='ocrx_word' id='word_1_675' title='bbox 1727 4737 1881 4792; x_wconf 80' lang='lat' dir='ltr'><strong>Tho-</strong></span> 
     </span>
    </p>
   </div>
   <div class='ocr_carea' id='block_1_94' title="bbox 316 4830 1884 4905">
    <p class='ocr_par' dir='ltr' id='par_1_94' title="bbox 316 4830 1884 4905">
     <span class='ocr_line' id='line_1_94' title="bbox 316 4830 1884 4905; baseline -0.004 -13"><span class='ocrx_word' id='word_1_676' title='bbox 316 4851 461 4892; x_wconf 89' lang='lat' dir='ltr'><strong>mam</strong></span> <span class='ocrx_word' id='word_1_677' title='bbox 483 4835 833 4905; x_wconf 78' lang='lat' dir='ltr'><strong>Aquinatem,</strong></span> <span class='ocrx_word' id='word_1_678' title='bbox 862 4832 1042 4886; x_wconf 89' lang='lat' dir='ltr'><strong>virum</strong></span> <span class='ocrx_word' id='word_1_679' title='bbox 1071 4839 1130 4885; x_wconf 93' lang='lat' dir='ltr'><strong>ut</strong></span> <span class='ocrx_word' id='word_1_680' title='bbox 1153 4830 1584 4893; x_wconf 87' lang='lat' dir='ltr'><strong>sanctissimum,</strong></span> <span class='ocrx_word' id='word_1_681' title='bbox 1620 4832 1692 4884; x_wconf 89' lang='lat' dir='ltr'><strong>ita</strong></span> <span class='ocrx_word' id='word_1_682' title='bbox 1720 4831 1884 4885; x_wconf 84' lang='lat' dir='ltr'><strong>etiam</strong></span> 
     </span>
    </p>
   </div>
   <div class='ocr_carea' id='block_1_95' title="bbox 313 4923 1885 4994">
    <p class='ocr_par' dir='ltr' id='par_1_95' title="bbox 313 4923 1885 4994">
     <span class='ocr_line' id='line_1_95' title="bbox 313 4923 1885 4994; baseline -0.005 -8"><span class='ocrx_word' id='word_1_683' title='bbox 313 4930 722 4986; x_wconf 83' lang='lat' dir='ltr'><strong>doctissimum.</strong></span> <span class='ocrx_word' id='word_1_684' title='bbox 751 4925 850 4980; x_wconf 78' lang='lat' dir='ltr'><strong>Hic</strong></span> <span class='ocrx_word' id='word_1_685' title='bbox 885 4925 940 4979; x_wconf 90' lang='lat' dir='ltr'><strong>in</strong></span> <span class='ocrx_word' id='word_1_686' title='bbox 979 4940 1043 4978; x_wconf 90' lang='lat' dir='ltr'><strong>ea</strong></span> <span class='ocrx_word' id='word_1_687' title='bbox 1078 4940 1240 4994; x_wconf 90' lang='lat' dir='ltr'><strong>quam</strong></span> <span class='ocrx_word' id='word_1_688' title='bbox 1267 4937 1434 4992; x_wconf 88' lang='lat' dir='ltr'><strong>super</strong></span> <span class='ocrx_word' id='word_1_689' title='bbox 1462 4923 1776 4992; x_wconf 65' lang='lat' dir='ltr'><strong>Evangeliis</strong></span> <span class='ocrx_word' id='word_1_690' title='bbox 1819 4941 1885 4980; x_wconf 90' lang='lat' dir='ltr'><strong>ex</strong></span> 
     </span>
    </p>
   </div>
   <div class='ocr_carea' id='block_1_96' title="bbox 316 5014 1888 5085">
    <p class='ocr_par' dir='ltr' id='par_1_96' title="bbox 316 5014 1888 5085">
     <span class='ocr_line' id='line_1_96' title="bbox 316 5014 1888 5085; baseline -0.001 -15"><span class='ocrx_word' id='word_1_691' title='bbox 316 5033 564 5076; x_wconf 75' lang='lat' dir='ltr'><strong>\‘t‘lCl&#39;IlIII</strong></span> <span class='ocrx_word' id='word_1_692' title='bbox 602 5019 890 5074; x_wconf 89' lang='lat' dir='ltr'><strong>doctorum</strong></span> <span class='ocrx_word' id='word_1_693' title='bbox 923 5016 1084 5071; x_wconf 90' lang='lat' dir='ltr'><strong>dictis</strong></span> <span class='ocrx_word' id='word_1_694' title='bbox 1114 5014 1460 5085; x_wconf 85' lang='lat' dir='ltr'><strong>expositione</strong></span> <span class='ocrx_word' id='word_1_695' title='bbox 1503 5025 1809 5084; x_wconf 77' lang='lat' dir='ltr'><strong>componit,</strong></span> <span class='ocrx_word' id='word_1_696' title='bbox 1839 5016 1888 5069; x_wconf 79' lang='lat' dir='ltr'><strong>si</strong></span> 
     </span>
    </p>
   </div>
   <div class='ocr_carea' id='block_1_97' title="bbox 314 5105 1888 5184">
    <p class='ocr_par' dir='ltr' id='par_1_97' title="bbox 314 5105 1888 5184">
     <span class='ocr_line' id='line_1_97' title="bbox 314 5105 1888 5184; baseline -0.004 -16"><span class='ocrx_word' id='word_1_697' title='bbox 314 5115 580 5184; x_wconf 88' lang='lat' dir='ltr'><strong>scriptum</strong></span> <span class='ocrx_word' id='word_1_698' title='bbox 615 5125 737 5166; x_wconf 83' lang='lat' dir='ltr'><strong>esse</strong></span> <span class='ocrx_word' id='word_1_699' title='bbox 771 5111 950 5180; x_wconf 88' lang='lat' dir='ltr'><strong>inquit</strong></span> <span class='ocrx_word' id='word_1_700' title='bbox 988 5109 1042 5163; x_wconf 93' lang='lat' dir='ltr'><strong>in</strong></span> <span class='ocrx_word' id='word_1_701' title='bbox 1062 5106 1274 5162; x_wconf 76' lang='lat' dir='ltr'><strong>Graeco.</strong></span> <span class='ocrx_word' id='word_1_702' title='bbox 1317 5105 1474 5174; x_wconf 85' lang='lat' dir='ltr'><strong>Quod</strong></span> <span class='ocrx_word' id='word_1_703' title='bbox 1506 5107 1552 5161; x_wconf 90' lang='lat' dir='ltr'><strong>si</strong></span> <span class='ocrx_word' id='word_1_704' title='bbox 1608 5107 1663 5161; x_wconf 90' lang='lat' dir='ltr'><strong>in</strong></span> <span class='ocrx_word' id='word_1_705' title='bbox 1697 5107 1888 5163; x_wconf 66' lang='lat' dir='ltr'><strong>Graeco</strong></span> 
     </span>
    </p>
   </div>
   <div class='ocr_carea' id='block_1_98' title="bbox 314 5198 1886 5274">
    <p class='ocr_par' dir='ltr' id='par_1_98' title="bbox 314 5198 1886 5274">
     <span class='ocr_line' id='line_1_98' title="bbox 314 5198 1886 5274; baseline -0.004 -14"><span class='ocrx_word' id='word_1_706' title='bbox 314 5209 361 5260; x_wconf 87' lang='lat' dir='ltr'><strong>si</strong></span> <span class='ocrx_word' id='word_1_707' title='bbox 392 5206 666 5274; x_wconf 79' lang='lat' dir='ltr'><strong>scriptum</strong></span> <span class='ocrx_word' id='word_1_708' title='bbox 701 5209 808 5267; x_wconf 89' lang='lat' dir='ltr'><strong>est,</strong></span> <span class='ocrx_word' id='word_1_709' title='bbox 837 5212 899 5256; x_wconf 93' lang='lat' dir='ltr'><strong>ut</strong></span> <span class='ocrx_word' id='word_1_710' title='bbox 921 5200 1164 5272; x_wconf 82' lang='lat' dir='ltr'><strong>Thomas</strong></span> <span class='ocrx_word' id='word_1_711' title='bbox 1215 5199 1434 5266; x_wconf 89' lang='lat' dir='ltr'><strong>asserit,</strong></span> <span class='ocrx_word' id='word_1_712' title='bbox 1475 5198 1530 5252; x_wconf 92' lang='lat' dir='ltr'><strong>in</strong></span> <span class='ocrx_word' id='word_1_713' title='bbox 1567 5199 1886 5254; x_wconf 77' lang='lat' dir='ltr'><strong>translatio-</strong></span> 
     </span>
    </p>
   </div>
   <div class='ocr_carea' id='block_1_99' title="bbox 317 5291 1888 5363">
    <p class='ocr_par' dir='ltr' id='par_1_99' title="bbox 317 5291 1888 5363">
     <span class='ocr_line' id='line_1_99' title="bbox 317 5291 1888 5363; baseline -0.004 -9"><span class='ocrx_word' id='word_1_714' title='bbox 317 5301 482 5354; x_wconf 89' lang='lat' dir='ltr'><strong>nibus</strong></span> <span class='ocrx_word' id='word_1_715' title='bbox 508 5313 641 5353; x_wconf 89' lang='lat' dir='ltr'><strong>vero</strong></span> <span class='ocrx_word' id='word_1_716' title='bbox 661 5313 766 5352; x_wconf 92' lang='lat' dir='ltr'><strong>non</strong></span> <span class='ocrx_word' id='word_1_717' title='bbox 789 5293 1023 5360; x_wconf 83' lang='lat' dir='ltr'><strong>vitiosis,</strong></span> <span class='ocrx_word' id='word_1_718' title='bbox 1049 5302 1184 5348; x_wconf 87' lang='lat' dir='ltr'><strong>teste</strong></span> <span class='ocrx_word' id='word_1_719' title='bbox 1213 5291 1566 5363; x_wconf 82' lang='lat' dir='ltr'><strong>Hieronymo,</strong></span> <span class='ocrx_word' id='word_1_720' title='bbox 1589 5309 1694 5346; x_wconf 89' lang='lat' dir='ltr'><strong>non</strong></span> <span class='ocrx_word' id='word_1_721' title='bbox 1725 5295 1888 5348; x_wconf 89' lang='lat' dir='ltr'><strong>modo</strong></span> 
     </span>
    </p>
   </div>
   <div class='ocr_carea' id='block_1_100' title="bbox 319 5387 1888 5458">
    <p class='ocr_par' dir='ltr' id='par_1_100' title="bbox 319 5387 1888 5458">
     <span class='ocr_line' id='line_1_100' title="bbox 319 5387 1888 5458; baseline -0.003 -12"><span class='ocrx_word' id='word_1_722' title='bbox 319 5392 506 5458; x_wconf 84' lang='lat' dir='ltr'><strong>verba,</strong></span> <span class='ocrx_word' id='word_1_723' title='bbox 546 5392 642 5446; x_wconf 88' lang='lat' dir='ltr'><strong>sed</strong></span> <span class='ocrx_word' id='word_1_724' title='bbox 671 5393 838 5445; x_wconf 72' lang='lat' dir='ltr'><strong>etiam</strong></span> <span class='ocrx_word' id='word_1_725' title='bbox 891 5387 1032 5444; x_wconf 88' lang='lat' dir='ltr'><strong>ordo</strong></span> <span class='ocrx_word' id='word_1_726' title='bbox 1065 5387 1183 5458; x_wconf 87' lang='lat' dir='ltr'><strong>ipse</strong></span> <span class='ocrx_word' id='word_1_727' title='bbox 1217 5387 1513 5442; x_wconf 88' lang='lat' dir='ltr'><strong>verborum</strong></span> <span class='ocrx_word' id='word_1_728' title='bbox 1576 5390 1888 5441; x_wconf 88' lang='lat' dir='ltr'><strong>servandus</strong></span> 
     </span>
    </p>
   </div>
   <div class='ocr_carea' id='block_1_101' title="bbox 315 5477 1889 5544">
    <p class='ocr_par' dir='ltr' id='par_1_101' title="bbox 315 5477 1889 5544">
     <span class='ocr_line' id='line_1_101' title="bbox 315 5477 1889 5544; baseline -0.003 -6"><span class='ocrx_word' id='word_1_729' title='bbox 315 5495 422 5544; x_wconf 67' lang='lat' dir='ltr'><strong>est,</strong></span> <span class='ocrx_word' id='word_1_730' title='bbox 461 5493 676 5538; x_wconf 85' lang='lat' dir='ltr'><strong>constat</strong></span> <span class='ocrx_word' id='word_1_731' title='bbox 703 5497 838 5538; x_wconf 88' lang='lat' dir='ltr'><strong>sane</strong></span> <span class='ocrx_word' id='word_1_732' title='bbox 865 5481 1090 5538; x_wconf 88' lang='lat' dir='ltr'><strong>Latinos</strong></span> <span class='ocrx_word' id='word_1_733' title='bbox 1127 5479 1346 5536; x_wconf 90' lang='lat' dir='ltr'><strong>codices</strong></span> <span class='ocrx_word' id='word_1_734' title='bbox 1373 5477 1730 5532; x_wconf 88' lang='lat' dir='ltr'><strong>librariorum</strong></span> <span class='ocrx_word' id='word_1_735' title='bbox 1755 5479 1889 5534; x_wconf 90' lang='lat' dir='ltr'><strong>vitio</strong></span> 
     </span>
    </p>
   </div>
   <div class='ocr_carea' id='block_1_102' title="bbox 315 5571 1363 5644">
    <p class='ocr_par' dir='ltr' id='par_1_102' title="bbox 315 5571 1363 5644">
     <span class='ocr_line' id='line_1_102' title="bbox 315 5571 1363 5644; baseline -0.004 -16"><span class='ocrx_word' id='word_1_736' title='bbox 315 5578 671 5644; x_wconf 78' lang='lat' dir='ltr'><strong>depravatos,</strong></span> <span class='ocrx_word' id='word_1_737' title='bbox 725 5589 834 5628; x_wconf 90' lang='lat' dir='ltr'><strong>non</strong></span> <span class='ocrx_word' id='word_1_738' title='bbox 873 5584 1021 5628; x_wconf 84' lang='lat' dir='ltr'><strong>recte</strong></span> <span class='ocrx_word' id='word_1_739' title='bbox 1053 5587 1111 5628; x_wconf 89' lang='lat' dir='ltr'><strong>se</strong></span> <span class='ocrx_word' id='word_1_740' title='bbox 1140 5571 1363 5627; x_wconf 83' lang='lat' dir='ltr'><strong>habere.</strong></span> 
     </span>
    </p>
   </div>
   <div class='ocr_carea' id='block_1_103' title="bbox 395 5661 1887 5735">
    <p class='ocr_par' dir='ltr' id='par_1_103' title="bbox 395 5661 1887 5735">
     <span class='ocr_line' id='line_1_103' title="bbox 395 5661 1887 5735; baseline -0.002 -14"><span class='ocrx_word' id='word_1_741' title='bbox 395 5669 457 5721; x_wconf 79' lang='lat' dir='ltr'><strong>Et</strong></span> <span class='ocrx_word' id='word_1_742' title='bbox 510 5667 624 5721; x_wconf 66' lang='lat' dir='ltr'><strong>haec</strong></span> <span class='ocrx_word' id='word_1_743' title='bbox 684 5665 906 5735; x_wconf 89' lang='lat' dir='ltr'><strong>quidem</strong></span> <span class='ocrx_word' id='word_1_744' title='bbox 961 5666 1029 5719; x_wconf 89' lang='lat' dir='ltr'><strong>ad</strong></span> <span class='ocrx_word' id='word_1_745' title='bbox 1088 5665 1426 5735; x_wconf 87' lang='lat' dir='ltr'><strong>probandam</strong></span> <span class='ocrx_word' id='word_1_746' title='bbox 1456 5661 1659 5717; x_wconf 61' lang='lat' dir='ltr'><strong>Graecae</strong></span> <span class='ocrx_word' id='word_1_747' title='bbox 1693 5663 1887 5718; x_wconf 66' lang='lat' dir='ltr'><strong>litterae</strong></span> 
     </span>
    </p>
   </div>
   <div class='ocr_carea' id='block_1_104' title="bbox 313 5754 1882 5825">
    <p class='ocr_par' dir='ltr' id='par_1_104' title="bbox 313 5754 1882 5825">
     <span class='ocr_line' id='line_1_104' title="bbox 313 5754 1882 5825; baseline -0.003 -10"><span class='ocrx_word' id='word_1_748' title='bbox 313 5762 688 5816; x_wconf 73' lang='lat' dir='ltr'><strong>sinceritatem</strong></span> <span class='ocrx_word' id='word_1_749' title='bbox 754 5759 886 5813; x_wconf 87' lang='lat' dir='ltr'><strong>satis</strong></span> <span class='ocrx_word' id='word_1_750' title='bbox 942 5759 1013 5816; x_wconf 86' lang='lat' dir='ltr'><strong>sit</strong></span> <span class='ocrx_word' id='word_1_751' title='bbox 1062 5759 1117 5812; x_wconf 91' lang='lat' dir='ltr'><strong>iu</strong></span> <span class='ocrx_word' id='word_1_752' title='bbox 1172 5755 1460 5825; x_wconf 81' lang='lat' dir='ltr'><strong>praesentia</strong></span> <span class='ocrx_word' id='word_1_753' title='bbox 1517 5754 1761 5825; x_wconf 63' lang='lat' dir='ltr'><strong>dixisse,</strong></span> <span class='ocrx_word' id='word_1_754' title='bbox 1819 5773 1882 5812; x_wconf 79' lang='lat' dir='ltr'><strong>ex</strong></span> 
     </span>
    </p>
   </div>
   <div class='ocr_carea' id='block_1_105' title="bbox 1988 4557 3559 4633">
    <p class='ocr_par' dir='ltr' id='par_1_105' title="bbox 1988 4557 3559 4633">
     <span class='ocr_line' id='line_1_105' title="bbox 1988 4557 3559 4633; baseline 0.005 -21"><span class='ocrx_word' id='word_1_755' title='bbox 1988 4559 2222 4612; x_wconf 87' lang='lat' dir='ltr'><strong>mutavit</strong></span> <span class='ocrx_word' id='word_1_756' title='bbox 2251 4557 2556 4626; x_wconf 85' lang='lat' dir='ltr'><strong>eloquium,</strong></span> <span class='ocrx_word' id='word_1_757' title='bbox 2573 4565 2786 4612; x_wconf 91' lang='lat' dir='ltr'><strong>tantum</strong></span> <span class='ocrx_word' id='word_1_758' title='bbox 2823 4574 2856 4612; x_wconf 88' lang='lat' dir='ltr'><strong>a</strong></span> <span class='ocrx_word' id='word_1_759' title='bbox 2885 4558 3084 4626; x_wconf 64' lang='lat' dir='ltr'><strong>Gnaeus</strong></span> <span class='ocrx_word' id='word_1_760' title='bbox 3114 4563 3262 4617; x_wconf 87' lang='lat' dir='ltr'><strong>vocis</strong></span> <span class='ocrx_word' id='word_1_761' title='bbox 3281 4563 3559 4633; x_wconf 82' lang='lat' dir='ltr'><strong>signiﬁca-</strong></span> 
     </span>
    </p>
   </div>
   <div class='ocr_carea' id='block_1_106' title="bbox 1989 4648 3562 4714">
    <p class='ocr_par' dir='ltr' id='par_1_106' title="bbox 1989 4648 3562 4714">
     <span class='ocr_line' id='line_1_106' title="bbox 1989 4648 3562 4714; baseline 0.006 -10"><span class='ocrx_word' id='word_1_762' title='bbox 1989 4649 2140 4704; x_wconf 85' lang='lat' dir='ltr'><strong>tione</strong></span> <span class='ocrx_word' id='word_1_763' title='bbox 2170 4649 2509 4704; x_wconf 86' lang='lat' dir='ltr'><strong>discesserit.</strong></span> <span class='ocrx_word' id='word_1_764' title='bbox 2557 4648 2698 4714; x_wconf 86' lang='lat' dir='ltr'><strong>Quid</strong></span> <span class='ocrx_word' id='word_1_765' title='bbox 2743 4650 2896 4704; x_wconf 89' lang='lat' dir='ltr'><strong>enim</strong></span> <span class='ocrx_word' id='word_1_766' title='bbox 2924 4666 3218 4710; x_wconf 85' lang='lat' dir='ltr'><strong>commune</strong></span> <span class='ocrx_word' id='word_1_767' title='bbox 3253 4654 3422 4712; x_wconf 84' lang='lat' dir='ltr'><strong>habet</strong></span> <span class='ocrx_word' id='word_1_768' title='bbox 3460 4661 3562 4713; x_wconf 82' lang='lat' dir='ltr'><strong>Im-</strong></span> 
     </span>
    </p>
   </div>
   <div class='ocr_carea' id='block_1_107' title="bbox 1989 4739 3560 4820">
    <p class='ocr_par' dir='ltr' id='par_1_107' title="bbox 1989 4739 3560 4820">
     <span class='ocr_line' id='line_1_107' title="bbox 1989 4739 3560 4820; baseline 0.006 -26"><span class='ocrx_word' id='word_1_769' title='bbox 1989 4757 2179 4795; x_wconf 83' lang='lat' dir='ltr'><strong>manus</strong></span> <span class='ocrx_word' id='word_1_770' title='bbox 2221 4755 2347 4795; x_wconf 90' lang='lat' dir='ltr'><strong>cum</strong></span> <span class='ocrx_word' id='word_1_771' title='bbox 2399 4739 2590 4807; x_wconf 75' lang='lat' dir='ltr'><strong>fideli?</strong></span> <span class='ocrx_word' id='word_1_772' title='bbox 2642 4740 3008 4820; x_wconf 78' lang='lat' dir='ltr'><strong>Hieronymus</strong></span> <span class='ocrx_word' id='word_1_773' title='bbox 3071 4755 3263 4815; x_wconf 87' lang='lat' dir='ltr'><strong>postea</strong></span> <span class='ocrx_word' id='word_1_774' title='bbox 3320 4749 3447 4816; x_wconf 84' lang='lat' dir='ltr'><strong>hoc,</strong></span> <span class='ocrx_word' id='word_1_775' title='bbox 3503 4764 3560 4806; x_wconf 91' lang='lat' dir='ltr'><strong>ut</strong></span> 
     </span>
    </p>
   </div>
   <div class='ocr_carea' id='block_1_108' title="bbox 1991 4831 3558 4911">
    <p class='ocr_par' dir='ltr' id='par_1_108' title="bbox 1991 4831 3558 4911">
     <span class='ocr_line' id='line_1_108' title="bbox 1991 4831 3558 4911; baseline 0.007 -25"><span class='ocrx_word' id='word_1_776' title='bbox 1991 4834 2265 4903; x_wconf 89' lang='lat' dir='ltr'><strong>pleraque</strong></span> <span class='ocrx_word' id='word_1_777' title='bbox 2292 4831 2422 4898; x_wconf 88' lang='lat' dir='ltr'><strong>alia,</strong></span> <span class='ocrx_word' id='word_1_778' title='bbox 2458 4831 2718 4900; x_wconf 89' lang='lat' dir='ltr'><strong>correxit,</strong></span> <span class='ocrx_word' id='word_1_779' title='bbox 2771 4843 2828 4888; x_wconf 91' lang='lat' dir='ltr'><strong>et</strong></span> <span class='ocrx_word' id='word_1_780' title='bbox 2855 4833 3099 4889; x_wconf 64' lang='lat' dir='ltr'><strong>Graecam</strong></span> <span class='ocrx_word' id='word_1_781' title='bbox 3131 4852 3320 4893; x_wconf 84' lang='lat' dir='ltr'><strong>vocem</strong></span> <span class='ocrx_word' id='word_1_782' title='bbox 3358 4857 3558 4911; x_wconf 81' lang='lat' dir='ltr'><strong>reprae-</strong></span> 
     </span>
    </p>
   </div>
   <div class='ocr_carea' id='block_1_109' title="bbox 1991 4922 3563 5001">
    <p class='ocr_par' dir='ltr' id='par_1_109' title="bbox 1991 4922 3563 5001">
     <span class='ocr_line' id='line_1_109' title="bbox 1991 4922 3563 5001; baseline 0.005 -23"><span class='ocrx_word' id='word_1_783' title='bbox 1991 4933 2240 4988; x_wconf 88' lang='lat' dir='ltr'><strong>sentans,</strong></span> <span class='ocrx_word' id='word_1_784' title='bbox 2281 4922 2457 4989; x_wconf 82' lang='lat' dir='ltr'><strong>ﬁdelis</strong></span> <span class='ocrx_word' id='word_1_785' title='bbox 2500 4939 2672 4977; x_wconf 82' lang='lat' dir='ltr'><strong>sermo</strong></span> <span class='ocrx_word' id='word_1_786' title='bbox 2711 4924 2954 4995; x_wconf 86' lang='lat' dir='ltr'><strong>scripsit,</strong></span> <span class='ocrx_word' id='word_1_787' title='bbox 2983 4941 3094 4981; x_wconf 86' lang='lat' dir='ltr'><strong>non</strong></span> <span class='ocrx_word' id='word_1_788' title='bbox 3123 4929 3420 4995; x_wconf 76' lang='lat' dir='ltr'><strong>humanus;</strong></span> <span class='ocrx_word' id='word_1_789' title='bbox 3453 4948 3563 5001; x_wconf 85' lang='lat' dir='ltr'><strong>quo</strong></span> 
     </span>
    </p>
   </div>
   <div class='ocr_carea' id='block_1_110' title="bbox 1991 5016 3561 5088">
    <p class='ocr_par' dir='ltr' id='par_1_110' title="bbox 1991 5016 3561 5088">
     <span class='ocr_line' id='line_1_110' title="bbox 1991 5016 3561 5088; baseline 0.006 -16"><span class='ocrx_word' id='word_1_790' title='bbox 1991 5017 2052 5072; x_wconf 91' lang='lat' dir='ltr'><strong>ﬁt</strong></span> <span class='ocrx_word' id='word_1_791' title='bbox 2111 5029 2168 5070; x_wconf 92' lang='lat' dir='ltr'><strong>ut</strong></span> <span class='ocrx_word' id='word_1_792' title='bbox 2217 5032 2320 5072; x_wconf 90' lang='lat' dir='ltr'><strong>nec</strong></span> <span class='ocrx_word' id='word_1_793' title='bbox 2373 5016 2568 5072; x_wconf 89' lang='lat' dir='ltr'><strong>Latino</strong></span> <span class='ocrx_word' id='word_1_794' title='bbox 2597 5019 2877 5088; x_wconf 87' lang='lat' dir='ltr'><strong>.cuiquam</strong></span> <span class='ocrx_word' id='word_1_795' title='bbox 2940 5018 3175 5076; x_wconf 90' lang='lat' dir='ltr'><strong>dubium</strong></span> <span class='ocrx_word' id='word_1_796' title='bbox 3209 5038 3330 5086; x_wconf 85' lang='lat' dir='ltr'><strong>esse</strong></span> <span class='ocrx_word' id='word_1_797' title='bbox 3362 5025 3561 5081; x_wconf 82' lang='lat' dir='ltr'><strong>debeat</strong></span> 
     </span>
    </p>
   </div>
   <div class='ocr_carea' id='block_1_111' title="bbox 1990 5094 3562 5181">
    <p class='ocr_par' dir='ltr' id='par_1_111' title="bbox 1990 5094 3562 5181">
     <span class='ocr_line' id='line_1_111' title="bbox 1990 5094 3562 5181; baseline 0.005 -17"><span class='ocrx_word' id='word_1_798' title='bbox 1990 5125 2209 5166; x_wconf 87' lang='lat' dir='ltr'><strong>errasse</strong></span> <span class='ocrx_word' id='word_1_799' title='bbox 2238 5110 2412 5175; x_wconf 90' lang='lat' dir='ltr'><strong>illum,</strong></span> <span class='ocrx_word' id='word_1_800' title='bbox 2448 5110 2541 5180; x_wconf 86' lang='lat' dir='ltr'><strong>qui</strong></span> <span class='ocrx_word' id='word_1_801' title='bbox 2576 5125 2673 5181; x_wconf 89' lang='lat' dir='ltr'><strong>pro</strong></span> <span class='ocrx_word' id='word_1_802' title='bbox 2721 5094 2922 5180; x_wconf 43' lang='lat' dir='ltr'><strong>ﬁdelis.</strong></span> <span class='ocrx_word' id='word_1_803' title='bbox 2945 5113 3208 5168; x_wconf 75' lang='lat' dir='ltr'><strong>humanus</strong></span> <span class='ocrx_word' id='word_1_804' title='bbox 3235 5125 3395 5171; x_wconf 89' lang='lat' dir='ltr'><strong>antea</strong></span> <span class='ocrx_word' id='word_1_805' title='bbox 3421 5122 3562 5172; x_wconf 82' lang='lat' dir='ltr'><strong>seri-</strong></span> 
     </span>
    </p>
   </div>
   <div class='ocr_carea' id='block_1_112' title="bbox 1993 5199 3562 5274">
    <p class='ocr_par' dir='ltr' id='par_1_112' title="bbox 1993 5199 3562 5274">
     <span class='ocr_line' id='line_1_112' title="bbox 1993 5199 3562 5274; baseline 0.005 -20"><span class='ocrx_word' id='word_1_806' title='bbox 1993 5200 2164 5270; x_wconf 90' lang='lat' dir='ltr'><strong>pserit</strong></span> <span class='ocrx_word' id='word_1_807' title='bbox 2187 5209 2378 5255; x_wconf 86' lang='lat' dir='ltr'><strong>contra</strong></span> <span class='ocrx_word' id='word_1_808' title='bbox 2407 5199 2744 5271; x_wconf 80' lang='lat' dir='ltr'><strong>Hieronymi,</strong></span> <span class='ocrx_word' id='word_1_809' title='bbox 2775 5202 2868 5272; x_wconf 90' lang='lat' dir='ltr'><strong>qui</strong></span> <span class='ocrx_word' id='word_1_810' title='bbox 2893 5201 3094 5258; x_wconf 68' lang='lat' dir='ltr'><strong>Graecae</strong></span> <span class='ocrx_word' id='word_1_811' title='bbox 3115 5204 3314 5273; x_wconf 74' lang='lat' dir='ltr'><strong>linguae</strong></span> <span class='ocrx_word' id='word_1_812' title='bbox 3341 5208 3562 5274; x_wconf 77' lang='lat' dir='ltr'><strong>peritis~</strong></span> 
     </span>
    </p>
   </div>
   <div class='ocr_carea' id='block_1_113' title="bbox 1991 5291 3563 5366">
    <p class='ocr_par' dir='ltr' id='par_1_113' title="bbox 1991 5291 3563 5366">
     <span class='ocr_line' id='line_1_113' title="bbox 1991 5291 3563 5366; baseline 0.005 -20"><span class='ocrx_word' id='word_1_813' title='bbox 1991 5291 2166 5346; x_wconf 85' lang='lat' dir='ltr'><strong>simus</strong></span> <span class='ocrx_word' id='word_1_814' title='bbox 2197 5291 2630 5362; x_wconf 84' lang='lat' dir='ltr'><strong>iuit,judicium.</strong></span> <span class='ocrx_word' id='word_1_815' title='bbox 2663 5291 2820 5348; x_wconf 87' lang='lat' dir='ltr'><strong>Hunc</strong></span> <span class='ocrx_word' id='word_1_816' title='bbox 2851 5303 3034 5350; x_wconf 85' lang='lat' dir='ltr'><strong>tamen</strong></span> <span class='ocrx_word' id='word_1_817' title='bbox 3064 5294 3182 5349; x_wconf 89' lang='lat' dir='ltr'><strong>sive</strong></span> <span class='ocrx_word' id='word_1_818' title='bbox 3212 5297 3452 5366; x_wconf 85' lang='lat' dir='ltr'><strong>imperiti</strong></span> <span class='ocrx_word' id='word_1_819' title='bbox 3481 5300 3563 5354; x_wconf 91' lang='lat' dir='ltr'><strong>in-</strong></span> 
     </span>
    </p>
   </div>
   <div class='ocr_carea' id='block_1_114' title="bbox 1994 5384 3562 5453">
    <p class='ocr_par' dir='ltr' id='par_1_114' title="bbox 1994 5384 3562 5453">
     <span class='ocr_line' id='line_1_114' title="bbox 1994 5384 3562 5453; baseline 0.007 -18"><span class='ocrx_word' id='word_1_820' title='bbox 1994 5384 2253 5452; x_wconf 88' lang='lat' dir='ltr'><strong>terpretis</strong></span> <span class='ocrx_word' id='word_1_821' title='bbox 2275 5398 2370 5438; x_wconf 89' lang='lat' dir='ltr'><strong>seu</strong></span> <span class='ocrx_word' id='word_1_822' title='bbox 2405 5384 2755 5438; x_wconf 81' lang='lat' dir='ltr'><strong>dortuitantis</strong></span> <span class='ocrx_word' id='word_1_823' title='bbox 2781 5398 3029 5440; x_wconf 83' lang='lat' dir='ltr'><strong>errorem</strong></span> <span class='ocrx_word' id='word_1_824' title='bbox 3053 5385 3284 5453; x_wconf 84' lang='lat' dir='ltr'><strong>librarii,</strong></span> <span class='ocrx_word' id='word_1_825' title='bbox 3313 5388 3385 5443; x_wconf 87' lang='lat' dir='ltr'><strong>ita</strong></span> <span class='ocrx_word' id='word_1_826' title='bbox 3402 5390 3562 5452; x_wconf 86' lang='lat' dir='ltr'><strong>scite,</strong></span> 
     </span>
    </p>
   </div>
   <div class='ocr_carea' id='block_1_115' title="bbox 1991 5477 3563 5554">
    <p class='ocr_par' dir='ltr' id='par_1_115' title="bbox 1991 5477 3563 5554">
     <span class='ocr_line' id='line_1_115' title="bbox 1991 5477 3563 5554; baseline 0.004 -24"><span class='ocrx_word' id='word_1_827' title='bbox 1991 5478 2236 5547; x_wconf 71' lang='lat' dir='ltr'><strong>graviter</strong></span> <span class='ocrx_word' id='word_1_828' title='bbox 2264 5492 2328 5530; x_wconf 90' lang='lat' dir='ltr'><strong>ac</strong></span> <span class='ocrx_word' id='word_1_829' title='bbox 2351 5478 2628 5546; x_wconf 87' lang='lat' dir='ltr'><strong>sapienter</strong></span> <span class='ocrx_word' id='word_1_830' title='bbox 2657 5477 2883 5546; x_wconf 89' lang='lat' dir='ltr'><strong>exponit</strong></span> <span class='ocrx_word' id='word_1_831' title='bbox 2907 5493 3184 5533; x_wconf 87' lang='lat' dir='ltr'><strong>summum</strong></span> <span class='ocrx_word' id='word_1_832' title='bbox 3219 5480 3353 5534; x_wconf 89' lang='lat' dir='ltr'><strong>illud</strong></span> <span class='ocrx_word' id='word_1_833' title='bbox 3377 5481 3563 5554; x_wconf 78' lang='lat' dir='ltr'><strong>Augu-</strong></span> 
     </span>
    </p>
   </div>
   <div class='ocr_carea' id='block_1_116' title="bbox 1992 5569 3564 5642">
    <p class='ocr_par' dir='ltr' id='par_1_116' title="bbox 1992 5569 3564 5642">
     <span class='ocr_line' id='line_1_116' title="bbox 1992 5569 3564 5642; baseline 0.004 -18"><span class='ocrx_word' id='word_1_834' title='bbox 1992 5571 2122 5624; x_wconf 78' lang='lat' dir='ltr'><strong>Stini</strong></span> <span class='ocrx_word' id='word_1_835' title='bbox 2183 5569 2674 5637; x_wconf 88' lang='lat' dir='ltr'><strong>acutissimumque</strong></span> <span class='ocrx_word' id='word_1_836' title='bbox 2728 5569 3034 5639; x_wconf 85' lang='lat' dir='ltr'><strong>ingenium,</strong></span> <span class='ocrx_word' id='word_1_837' title='bbox 3072 5580 3150 5637; x_wconf 83' lang='grc' dir='ltr'>ιιι,</span> <span class='ocrx_word' id='word_1_838' title='bbox 3203 5575 3564 5642; x_wconf 87' lang='lat' dir='ltr'><strong>quemadmo-</strong></span> 
     </span>
    </p>
   </div>
   <div class='ocr_carea' id='block_1_117' title="bbox 1992 5662 3564 5733">
    <p class='ocr_par' dir='ltr' id='par_1_117' title="bbox 1992 5662 3564 5733">
     <span class='ocr_line' id='line_1_117' title="bbox 1992 5662 3564 5733; baseline 0.004 -16"><span class='ocrx_word' id='word_1_839' title='bbox 1992 5664 2124 5717; x_wconf 88' lang='lat' dir='ltr'><strong>dum</strong></span> <span class='ocrx_word' id='word_1_840' title='bbox 2155 5679 2320 5733; x_wconf 86' lang='lat' dir='ltr'><strong>supra</strong></span> <span class='ocrx_word' id='word_1_841' title='bbox 2350 5664 2609 5729; x_wconf 80' lang='lat' dir='ltr'><strong>diximus,</strong></span> <span class='ocrx_word' id='word_1_842' title='bbox 2647 5662 2874 5717; x_wconf 77' lang='lat' dir='ltr'><strong>diiticile</strong></span> <span class='ocrx_word' id='word_1_843' title='bbox 2932 5663 3005 5718; x_wconf 90' lang='lat' dir='ltr'><strong>sit</strong></span> <span class='ocrx_word' id='word_1_844' title='bbox 3040 5666 3360 5721; x_wconf 89' lang='lat' dir='ltr'><strong>existimare</strong></span> <span class='ocrx_word' id='word_1_845' title='bbox 3401 5670 3564 5724; x_wconf 85' lang='lat' dir='ltr'><strong>aliter</strong></span> 
     </span>
    </p>
   </div>
   <div class='ocr_carea' id='block_1_118' title="bbox 1993 5757 3564 5825">
    <p class='ocr_par' dir='ltr' id='par_1_118' title="bbox 1993 5757 3564 5825">
     <span class='ocr_line' id='line_1_118' title="bbox 1993 5757 3564 5825; baseline 0.006 -14"><span class='ocrx_word' id='word_1_846' title='bbox 1993 5757 2404 5825; x_wconf 70' lang='lat' dir='ltr'><strong>dicidebn’sse,</strong></span> <span class='ocrx_word' id='word_1_847' title='bbox 2445 5759 2547 5813; x_wconf 84' lang='lat' dir='ltr'><strong>nisi</strong></span> <span class='ocrx_word' id='word_1_848' title='bbox 2593 5759 2717 5825; x_wconf 82' lang='lat' dir='ltr'><strong>quis</strong></span> <span class='ocrx_word' id='word_1_849' title='bbox 2767 5758 2834 5812; x_wconf 82' lang='lat' dir='ltr'><strong>ab</strong></span> <span class='ocrx_word' id='word_1_850' title='bbox 2870 5767 3094 5818; x_wconf 86' lang='lat' dir='ltr'><strong>auctore</strong></span> <span class='ocrx_word' id='word_1_851' title='bbox 3131 5760 3338 5817; x_wconf 87' lang='lat' dir='ltr'><strong>dictum</strong></span> <span class='ocrx_word' id='word_1_852' title='bbox 3388 5761 3564 5820; x_wconf 76' lang='lat' dir='ltr'><strong>fuisse</strong></span> 
     </span>
    </p>
   </div>
  </div>
