3880 6220
342 305 452 367 635

1297 285 1912 361 usssantomss.
1949 292 2029 360 n.
2081 299 2140 361 ιη).
2170 298 2632 363 CARDINALIS

3485 299 3590 368 636

339 415 699 490 perspexerit.
771 414 924 481 Quod
993 423 1050 468 nt
1102 412 1316 468 facilius
1371 411 1731 482 intelligatur,
1765 407 1906 466 libet
1935 421 1979 478 Α
2011 417 2210 481 tiones,
2244 434 2350 472 non
2383 429 2465 472 est
2520 415 2768 473 mirabile
2820 417 3268 482 existimandum,
3317 416 3363 472 si
3394 427 3591 488 prteter

339 513 458 580 ipsa
515 505 804 578 Augustini
837 504 1019 570 verba,
1075 511 1197 573 qua:
1239 504 1292 557 in
1350 513 1601 558 sermone
1642 497 1717 555 De
1746 503 1911 557 verbis

341 597 576 672 Apostoii
603 600 844 670 scripsit,
876 599 1138 653 inserere.
1172 615 1191 648 ς
1227 597 1520 662 Audimus,
1546 595 1748 666 inquit,
1780 595 1913 651 bea-

345 705 457 750 tum
521 687 749 747 Paulum
806 689 1154 760 apostolum,
1231 688 1505 743 dicentem
1569 705 1583 742 :
1635 683 1913 741 Humana;

343 793 534 850 sermo,
595 790 646 835 et
701 780 842 835 ωηηί
897 780 1194 847 deceptione
1263 778 1471 847 dignus,
1524 776 1647 846 quia
1669 773 1912 829 Christus

342 872 495 928 Iesus
541 868 689 926 venit
731 874 789 926 in
854 871 1136 934 mundum,
1190 875 1488 937 peccatores
1518 865 1690 920 salvos
1719 865 1908 935 facere,

343 973 568 1032 quorum
619 963 823 1034 primus
875 971 967 1031 ego
999 973 1114 1013 sum
1144 959 1192 1013 ‘.
1227 957 1516 1012 Humanu‘s
1556 967 1689 1025 ergo
1731 963 1912 1010 sermo

336 1065 400 1112 et
456 1054 609 1112 omni
667 1054 991 1124 acceptione
1049 1050 1270 1120 dignus.
1324 1048 1506 1115 Quare
1567 1047 1840 1100 humanus
1862 1053 1918 1100 et

2013 524 2201 562 veram
2256 509 2484 579 alicujus
2536 509 2884 564 auctoritatis
2938 510 3294 572 sententiam,
3351 508 3453 564 alia
3489 511 3592 563 mi-

2014 612 2117 653 nus
2160 609 2306 655 recta
2355 599 2590 654 diversis
2647 589 2960 654 rationibus
3017 592 3095 652 ita
3149 595 3504 663 defendatur,
3538 607 3592 654 ut

2017 700 2164 746 recte
2209 691 2458 745 videatur
2507 704 2575 744 ex
2633 689 2782 744 omni
2839 698 2990 760 parte
3022 689 3347 744 consistere.
3380 690 3592 744 Etenim

2015 798 2141 837 cum
2176 783 2232 836 in
2266 781 2478 836 caeteris
2508 781 2819 851 disciplinis
2859 783 3118 836 omnibus
3162 796 3317 836 voces
3353 791 3592 836 tantum-

2015 874 2178 929 modo
2229 873 2361 937 sint,
2411 891 2533 942 quae
2583 890 2676 929 res
2708 873 3037 942 significent,
3080 872 3186 928 hoc
3208 873 3496 942 pr0prium
3520 889 3592 930 est

2015 979 2078 1018 ac
2108 965 2383 1034 peculiare
2417 963 2714 1033 Scriptura:
2761 978 2952 1027 sacrae,
3016 962 3160 1033 quod
3201 976 3310 1016 non
3337 961 3507 1018 modo
3545 964 3594 1016 in

2016 1072 2079 1111 ea
2131 1070 2290 1112 voces
2352 1071 2440 1110 res
2491 1055 2821 1125 significant,
2882 1054 2977 1110 sed
3042 1054 3209 1108 etiam
3245 1068 3334 1108 res
3364 1068 3465 1123 per
3500 1053 3597 1108 hu-

341 1161 456 1204 non
512 1140 774 1203 divinus?
830 1143 1033 1199 Procul
1077 1141 1246 1196 dubio
1298 1139 1403 1194 nisi
1467 1139 1572 1194 isre
1646 1140 1922 1192 humanus
2012 1142 2252 1217 jusmodj
2299 1163 2464 1203 voces
2520 1148 2859 1219 signiﬁcata,
2925 1161 3016 1224 pes
3058 1147 3195 1200 alias
3261 1146 3596 1216 signiﬁcant,

344 1249 527 1294 sermo
573 1248 630 1292 et
679 1230 902 1290 divinus
965 1242 1142 1298 esset,
1195 1227 1393 1302 dignos
1419 1229 1571 1284 omni
1594 1229 1915 1299 acceptione

349 1338 458 1384 non
529 1334 701 1382 esset.
745 1323 850 1380 Sed
909 1324 991 1378 sic
1032 1330 1120 1377 est
1168 1329 1352 1376 sermo
1399 1319 1503 1373 iste
1537 1317 1813 1370 humanus
1853 1323 1912 1369 et

349 1420 571 1475 divinus
625 1415 910 1488 quomodo
957 1421 1047 1470 est
1089 1413 1207 1482 ipse
1269 1409 1521 1466 Christus
1570 1417 1626 1464 et
1658 1407 1823 1461 homo
1862 1415 1918 1460 et

351 1515 519 1569 Deus.
577 1511 640 1567 Si
677 1519 828 1565 recte
871 1505 1228 1576 intelligimus
1252 1515 1568 1558 sermonem
1602 1501 1767 1556 istum
1807 1511 1918 1553 non

350 1605 529 1658 solum
584 1603 884 1657 burnanum
935 1611 1077 1661 esse,
1139 1603 1332 1649 verum
1399 1592 1566 1648 etiam
1643 1591 1914 1656 divinum,

350 1710 523 1767 quare
584 1689 879 1763 Apostolus
923 1690 1227 1743 humanum
1272 1686 1460 1740 dicere
1517 1683 1712 1738 maluit
1749 1695 1913 1752 quam

2019 1227 2157 1294 liinc
2181 1249 2265 1294 est
2301 1240 2442 1310 quod
2477 1256 2586 1294 non
2647 1240 2810 1294 modo
2843 1231 3000 1310 juxta
3039 1239 3302 1302 litteram,
3335 1237 3432 1292 sed
3463 1238 3600 1291 alle-

2019 1312 2204 1401 gorice
2231 1340 2284 1386 et
2306 1331 2608 1396 moraliter,
2627 1338 2683 1384 et
2701 1331 2994 1400 anagogice
3025 1344 3234 1384 sacram
3253 1327 3595 1398 Scripturam

2019 1433 2322 1493 exponunt,
2363 1424 2438 1479 ita
2469 1431 2531 1478 ut
2563 1423 2771 1493 quaevis
2819 1423 2940 1494 ejus
2963 1419 3231 1492 particula
3253 1421 3320 1476 ad
3355 1421 3596 1490 aliquem

2019 1514 2251 1570 istorum
2280 1530 2540 1571 sensuum
2570 1515 2760 1570 reduci
2784 1517 2974 1585 possit.
3001 1516 3073 1569 At
3095 1514 3185 1575 ubi
3207 1513 3471 1568 historica
3500 1528 3598 1568 seu

2020 1608 2274 1665 litteratis
2308 1607 2577 1678 expositio
2632 1606 3012 1678 prosequenda
3052 1614 3159 1673 est,
3191 1596 3298 1661 nisi
3345 1619 3480 1659 vera
3530 1606 3602 1660 sit

2020 1700 2227 1766 littera,
2254 1713 2448 1753 sensus
2477 1713 2696 1768 quoque
2723 1698 2996 1753 claudicet
3026 1711 3250 1753 necesse
3275 1705 3382 1752 est.

353 1785 632 1842 divinum?
673 1783 868 1839 Procul
905 1781 1078 1836 dubio
1105 1779 1259 1833 enim
1289 1776 1382 1846 qui
1411 1790 1526 1830 non
1556 1777 1912 1838 mentiretur,
1952 1763 1993 1816 Β
2089 1763 2245 1858 Quod
2274 1805 2405 1844 vero
2434 1763 2676 1844 ,e'cunao
2729 1787 2852 1844 ιοοο
2911 1796 3191 1852 asserum,
3239 1786 3383 1841 nihil
3438 1768 3600 1857 πίνος-

353 1880 398 1933 si
445 1878 657 1933 diceret
711 1875 980 1941 divinum,
1006 1883 1116 1926 non
1151 1871 1272 1924 sine
1303 1880 1466 1923 causa
1513 1867 1916 1922 inal'uitd'icere

353 1974 677 2025 humanum.
703 1968 820 2021 Hoc
862 1978 995 2035 ergo
1037 1962 1223 2032 elegit,
1257 1971 1356 2029 per
1393 1957 1540 2028 quod
1576 1956 1831 2012 Christus
1862 1955 1917 2010 in

355 2060 618 2114 mundum
668 2059 843 2114 venit.
891 2056 1052 2111 Venit
1095 2055 1242 2108 enim
1284 2065 1384 2121 per
1405 2049 1557 2120 quod
1587 2050 1750 2104 homo
1776 2056 1914 2114 erat,

354 2169 465 2207 non
521 2158 620 2220 per
683 2148 831 2219 quod
877 2144 1025 2202 Deus
1065 2153 1205 2200 erat.
1267 2144 1498 2214 Semper
1526 2143 1616 2197 hic
1637 2150 1781 2220 ψη.
1815 2141 1918 2196 Ubi

351 2247 498 2298 enim
553 2249 664 2296 non
715 2247 800 2295 est
873 2238 1039 2305 Deus,
1089 2236 1343 2307 qui‘dixit
1370 2252 1385 2290 :
1414 2232 1622 2290 Cretum
1649 2243 1697 2288 et
1725 2242 1920 2287 terram

353 2349 447 2406 ego
504 2333 701 2404 impiae
726 2329 796 2386 "i
825 2328 1082 2386 Christus
1125 2338 1276 2384 certe
1305 2335 1391 2384 est
1436 2326 1707 2397 sapientia
1729 2334 1785 2379 ct
1815 2327 1921 2378 vir-

355 2439 442 2484 tus
494 2425 591 2482 Dei
629 2426 704 2480 'de
756 2433 864 2495 q'u'a
917 2422 1141 2484 dicitur,
1192 2421 1420 2491 Attingit
1459 2436 1492 2474 a
1529 2419 1635 2489 ﬁne
1666 2429 1828 2487 usque
1849 2417 1922 2470 ad

353 2524 516 2589 ﬁnem
555 2520 782 2591 fortiter,
819 2525 871 2571 et
918 2514 1149 2585 disponit
1203 2514 1380 2568 omnia
1420 2503 1658 2576 suaviter
1687 2511 1730 2569 ⁸.
1779 2509 1923 2579 Ergo

357 2618 411 2669 in
453 2613 557 2668 hoc
599 2609 809 2666 mundo
864 2615 1006 2675 erat,
1062 2615 1119 2662 et
1144 2604 1385 2660 mundus
1412 2619 1511 2674 per
1542 2604 1720 2673 ipsum
1747 2599 1924 2656 lactus

351 2715 459 2771 est,
494 2707 551 2759 et
581 2701 818 2757 mundus
839 2711 970 2756 eum
1000 2709 1114 2753 non
1140 2694 1424 2765 cognovit.
1473 2694 1538 2749 Et
1568 2693 1663 2748 hic
1686 2700 1833 2754 erat,
1867 2695 1923 2746 et

352 2797 508 2852 venit
540 2814 558 2852 :
589 2795 679 2850 hic
734 2803 854 2849 erat
903 2804 1004 2862 per
1051 2787 1298 2844 divinam
1356 2786 1720 2856 maiestatem,
1774 2785 1926 2840 venit

352 2903 456 2961 per
503 2889 794 2944 humanam
848 2884 1242 2939 inﬁrmitatem.
1299 2879 1444 2948 Quia
1481 2890 1613 2948 ergo
1644 2878 1797 2933 venit
1827 2885 1926 2948 per

353 2978 729 3034 inﬁrmitatem
773 2975 1085 3040 humanam,
1117 2972 1241 3026 ideo
1299 2969 1600 3040 prirdicans
1631 2968 1923 3023 adventum

2021 1897 2113 1936 sus
2137 1880 2190 1934 in
2216 1880 2496 1951 Scriptura
2528 1893 2683 1935 sacra
2719 1879 3094 1934 innovandum
3133 1893 3255 1933 esse
3285 1919 3300 1943 ,
3339 1878 3600 1947 impium-

2022 1985 2131 2044 que
2187 1987 2307 2027 esse
2360 1987 2427 2026 ex
2484 1987 2549 2026 ea
2608 1970 2934 2025 imminuere
2966 1969 3194 2040 aliquid,
3232 1969 3316 2024 vel
3358 1979 3596 2032 mutare,

2023 2078 2090 2118 an
2152 2063 2225 2117 ita
2285 2063 2378 2130 sit,
2429 2058 2793 2133 Hieronymus
2837 2059 2954 2128 ipse
3007 2059 3355 2128 respondeat,
3395 2060 3514 2131 qui,
3542 2070 3601 2114 ut

2023 2173 2188 2226 supra
2248 2156 2563 2221 retulimus,
2611 2171 2720 2211 non
2757 2155 2935 2211 solum
2981 2164 3244 2221 mutasse,
3274 2154 3370 2209 sed
3405 2169 3597 2209 emen-

2024 2249 2185 2304 dasse
2237 2262 2296 2304 se
2350 2263 2415 2302 ac
2463 2246 2769 2303 correxisse
2805 2245 3117 2317 profitetur,
3153 2261 3276 2316 quas
3313 2261 3342 2300 a
3385 2261 3601 2316 praece-

2024 2337 2282 2394 dentibus
2346 2337 2741 2409 interpretibus
2795 2329 2940 2393 male
2986 2337 3132 2393 dicta
3174 2338 3406 2404 invenit,
3440 2340 3531 2394 vel
3571 2355 3600 2392 a

2029 2431 2482 2501 praesumptuosis
2539 2427 2832 2486 emendata
2882 2430 3218 2501 perversius,
3247 2430 3329 2485 vel
3359 2445 3392 2484 a
3429 2431 3604 2485 libra-

2029 2521 2125 2576 riis
2182 2519 2609 2576 dortnitantibus
2660 2521 2848 2576 addita
2895 2520 2979 2576 vel
3007 2531 3370 2587 commutata.
3406 2522 3603 2593 Neque

2028 2611 2204 2668 solum
2261 2609 2449 2676 Vetus,
2509 2611 2604 2672 sed
2659 2612 2872 2668 Novum
2930 2614 3098 2682 etiam
3147 2613 3596 2677 Testamentum,

2029 2707 2316 2775 ipsumque
2371 2704 2725 2774 Evangelium
2788 2713 3046 2776 tanquam
3090 2715 3247 2762 antea
3278 2712 3624 2777 corruptum

2027 2797 2348 2852 emendasse
2409 2812 2468 2852 se
2499 2795 2778 2866 praedicat,
2808 2807 2869 2851 ut
2904 2797 3238 2868 posteriores
3299 2797 3464 2853 etiam
3523 2799 3605 2852 fe-

2030 2885 2194 2952 cisse,
2225 2884 2508 2954 Scriptura
2551 2883 2798 2938 camdem
2843 2885 3110 2955 jacturain
3155 2893 3276 2955 post
3334 2885 3607 2956 Hierony-

2035 2991 2184 3030 mum
2235 2990 2416 3046 passa,
2450 2989 2616 3046 supra
2650 2975 3173 3032 demonstravimus.
3205 2976 3259 3032 Si
3297 2978 3467 3048 igitur
3490 2994 3603 3033 non

355 3071 480 3138 ejus
526 3069 670 3123 dixit
704 3067 962 3120 humanus
1016 3073 1189 3117 sermo
1207 3063 1256 3118 ⁸.
1303 3058 1424 3116 Non
1462 3059 1791 3115 liberaretur
1823 3061 1922 3113 hu-

2032 3068 2281 3138 impium,
2307 3067 2400 3124 sed
2428 3068 2598 3137 pium,
2638 3067 2748 3122 imo
2777 3083 2910 3124 vero
2969 3070 3275 3138 piissimum
3308 3068 3437 3135 fuit.
3473 3071 3595 3128 Hie-

353 3171 580 3216 mannm
633 3171 826 3232 genus,
881 3157 988 3214 nisi
1047 3169 1227 3212 sermo
1274 3151 1372 3209 Dei
1431 3155 1751 3223 dignaretur
1803 3166 1924 3208 esse

355 3255 656 3310 humanus.
710 3250 845 3306 Nam
893 3259 950 3306 et
1005 3256 1174 3304 homo
1223 3245 1315 3303 ille
1367 3245 1575 3302 dicitur
1625 3244 1923 3312 humanus,

357 3349 453 3418 qui
502 3355 562 3403 se
609 3345 829 3402 exhibet
877 3341 1113 3406 homini,
1163 3351 1225 3397 'et
1283 3339 1521 3394 maxime
1552 3338 1648 3408 qui
1679 3337 1922 3408 hospitio

352 3439 589 3510 suscipit
638 3437 940 3493 hominem.
999 3433 1056 3490 Si
1109 3441 1240 3504 ergo
1269 3432 1545 3490 humanus
1574 3430 1794 3494 dicitur,
1831 3430 1926 3500 qui

353 3535 414 3588 in
463 3531 632 3588 duino
682 3541 781 3586 sna
838 3526 1072 3600 Suscipit
1120 3525 1424 3592 hominem,
1457 3540 1621 3596 quam
1653 3526 1927 3578 hum‘a-ius

354 3631 464 3690 est,
519 3625 617 3694 qui
662 3622 722 3676 in
772 3633 831 3677 se
867 3620 1104 3689 suscipit
1133 3619 1415 3677 hominem
1439 3618 1464 3670 ἵ
1493 3618 1635 3689 Ergo
1665 3617 1926 3670 humanus

353 3727 546 3784 centro,
575 3718 624 3769 et
653 3712 804 3768 omni
849 3710 1148 3781 acceptione
1181 3709 1390 3780 dignus.
1428 3725 1447 3758 ι
1489 3697 1812 3764 Ἶὶἁθεηθύῑ
1848 3709 1929 3762 Ιο-

359 3823 487 3861 cum
543 3806 697 3859 hunc
749 3801 1127 3858 sanctissimus
1181 3798 1377 3855 doctor
1406 3797 1650 3870 graviter
1676 3797 1928 3853 luculeno

359 3901 552 3964 terque
585 3894 832 3963 exponit,
857 3892 950 3946 ubi
1001 3893 1206 3957 tamen,
1253 3889 1588 3960 Hieronymo
1622 3896 1783 3955 teste,
1817 3905 1923 3943 non

359 3993 507 4045 recte
532 3987 822 4052 nummus,
855 3983 951 4040 sed
982 3983 1155 4052 ﬁdelis
1179 3983 1481 4039 dicendum
1515 3992 1638 4037 esse
1668 3983 1928 4052 explora-

357 4084 514 4140 tum!
539 4083 658 4139 Non
703 4091 794 4137 εει
831 4080 998 4151 igitur
1027 4071 1321 4146 sufﬁciens
1350 4076 1600 4131 veritatis
1632 4080 1931 4145 argumen-

359 4191 498 4242 tum,
533 4176 678 4236 .ideo
713 4175 793 4230 sic
836 4171 1197 4228 scribendum
1247 4175 1494 4224 asserere
1525 4166 1655 4236 quia
1677 4173 1806 4220 eum
1843 4167 1925 4221 lo-

357 4277 482 4325 cum
545 4267 883 4336 Augustinus
921 4257 981 4317 ‘e't
1046 4249 1297 4316 nonnulli
1328 4259 1422 4314 alii
1447 4255 1710 4315 'do'ctor'es
1739 4260 1812 4314 ita
1835 4263 1931 4315 eit-

357 4365 680 4433 posuerunt.
752 4356 1142 4427 Hieronymum
1201 4359 1382 4407 autem
1440 4351 1514 4406 ita
1548 4357 1927 4422 exponentem

2029 3175 2313 3232 ronymum
2361 3157 2492 3214 talia
2547 3159 2864 3227 emendare,
2893 3160 3169 3230 addendo,
3200 3161 3603 3226 subtrahendo.

2029 3253 2328 3318 mutando;
2377 3251 2424 3311 si
2479 3253 2881 3326 posterioribus
2960 3253 3154 3322 licuit,
3222 3271 3386 3328 prout
3448 3271 3604 3316 certe

2027 3348 2204 3412 licuit,
2263 3346 2456 3419 quavis
2505 3360 2668 3404 causa
2703 3355 2854 3405 ortos
2902 3363 3125 3409 errores
3182 3351 3505 3421 corrigere,
3534 3367 3604 3406 ex

2028 3455 2138 3512 quo
2199 3447 2279 3497 tot
2328 3441 2618 3496 doctorum
2686 3439 2930 3496 virorum
2987 3439 3114 3496 libri
3155 3439 3608 3513 fluxerunt,qui-

2027 3535 2132 3589 bus
2153 3519 2549 3589 correctorium
2601 3531 2794 3586 Bibliae
2838 3547 3040 3588 nomen
3067 3543 3152 3587 est
3215 3534 3477 3602 inditum,
3507 3551 3609 3590 cur

2030 3627 2081 3682 id
2106 3636 2307 3681 nostrae
2363 3624 2539 3680 aetatis
2593 3623 2910 3680 hominibus
2956 3640 3064 3679 non
3112 3624 3319 3682 liceat?
3349 3626 3611 3684 Audeaat

2028 3717 2213 3796 itaque
2265 3717 2444 3787 primo
2495 3715 2916 3783 Hieronymum.
2979 3726 3036 3771 et
3097 3725 3329 3773 caeteros
3355 3719 3452 3789 qui
3478 3734 3607 3774 eum

2029 3811 2202 3867 secuti
2255 3820 2404 3877 sunt,
2467 3809 2729 3865 Ecclesiae
2785 3808 3040 3864 doctores
3071 3808 3271 3879 impios
3306 3810 3517 3879 dicere,
3555 3821 3612 3866 et

2031 3913 2161 3960 tunc
2189 3918 2287 3959 nos
2312 3917 2532 3973 quoque
2593 3900 2840 3974 ejusdem
2896 3891 3145 3957 criminis
3173 3910 3461 3973 peragant.
3499 3904 3608 3960 Sed

2030 3997 2146 4052 haec
2202 4004 2353 4050 certe
2392 4001 2490 4049 aut
2543 3993 2762 4048 rudium
2827 3993 3114 4051 hominum
3156 3993 3326 4050 verba
3353 4007 3485 4050 sunt
3515 4011 3613 4051 aut

2031 4085 2419 4141 maievolorum
2452 4067 2700 4154 maleque
2729 4083 3059 4140 dicentium.

2099 4178 2255 4232 Nunc
2291 4175 2359 4230 ad
2381 4174 2515 4230 illud
2549 4174 2694 4244 quod
2747 4174 2908 4229 tertio
2945 4173 3068 4230 loco
3093 4185 3421 4245 posuerunt,
3449 4193 3614 4249 argu-

2030 4279 2275 4325 mentum
2306 4266 2658 4337 responsuri,
2688 4267 2736 4320 si
2782 4266 3228 4336 conjunctionem
3263 4268 3389 4324 ideo
3416 4272 3614 4326 condi-

2033 4361 2298 4416 tionalem
2337 4357 2448 4415 dici
2479 4356 2814 4414 aiiirmamus
2838 4394 2855 4422 ,
2883 4359 3031 4428 quod
3068 4374 3351 4429 nunquam
3380 4376 3513 4416 vera
3543 4365 3616 4417 sit

359 4431 469 4509 non
522 4449 878 4507 meminimus
920 4448 1142 4517 legisse.
1203 4445 1361 4501 Patet
1420 4445 1526 4500 hoc
1566 4444 1712 4499 idem
1759 4444 1926 4512 illius,
1957 4431 2007 4489 θ
2035 4451 2139 4506 nisi
2170 4449 2487 4505 conditione
2524 4447 2797 4518 completa
2823 4487 2839 4514 ,
2877 4455 2934 4502 et
2979 4447 3228 4518 regulam
3263 4447 3405 4504 hanc
3447 4465 3614 4518 quam

357 4557 520 4614 quem
575 4547 741 4612 supra
803 4537 1266 4602 memoravimus,
1325 4529 1531 4591 Νίσοιεί
1580 4535 1928 4591 bibliotheca:

355 4633 688 4704 son‘raga‘nei
715 4632 921 4699 verbis,
954 4630 1050 4702 qui
1080 4639 1205 4700 pOSt
1237 4629 1406 4683 multa
1438 4637 1560 4699 quae
1593 4617 1926 4684 commemo-

361 4730 521 4793 ravit,
581 4718 849 4782 mendose
904 4726 992 4781 vel
1049 4725 1313 4780 translata
1362 4724 1447 4778 vel
1505 4730 1602 4795 per
1665 4721 1925 4778 librarios

357 4820 583 4888 scripta,
607 4817 762 4873 addit
806 4823 1109 4887 postremo,
1144 4833 1164 4867 σ
1199 4814 1453 4881 Quonim
1512 4815 1923 4870 mendaciorum

359 4909 623 4964 nonnulla
671 4911 837 4964 etiam
888 4909 1133 4978 eXpOSit'a
1185 4907 1456 4977 reperisse
1499 4923 1586 4962 me
1617 4907 1862 4962 memini.
1906 4925 1924 4958 ι

361 5003 443 5057 Ex
467 5002 670 5071 quibus
722 4999 904 5056 verbis
951 5005 1177 5071 apparet
1204 4999 1450 5069 potuisse
1475 5000 1659 5069 aliqua
1681 5019 1712 5054 ει
1734 5002 1932 5055 docto-

363 5094 516 5149 ribus
545 5092 768 5163 exponi,
796 5091 916 5163 qul,
939 5092 1184 5162 linguam
1235 5090 1380 5147 unde
1405 5094 1666 5166 translata
1690 5092 1932 5156 fuerant,

363 5191 698 5257 ignorantes,
737 5187 976 5240 litteram
1025 5195 1188 5255 quam
1237 5185 1587 5256 reperiebant
1622 5186 1934 5242 necessario

361 5279 756 5348 sequebantur,
811 5283 868 5332 et
917 5275 1283 5331 nihilominus
1349 5291 1470 5331 esse
1524 5276 1806 5332 mendosa.
1849 5277 1932 5334 Arl

365 5375 480 5428 haec
515 5371 746 5438 accedit,
787 5373 932 5442 quod
982 5378 1106 5426 cum
1149 5385 1316 5427 sacrae
1350 5372 1570 5437 littere,
1601 5373 1931 5441 sicutsupra

366 5467 571 5524 dictum
620 5473 738 5528 est,
783 5473 951 5519 tantae
1014 5465 1126 5519 sint
1187 5463 1606 5534 profunditatis,
1643 5474 1701 5518 ut
1752 5447 1930 5518 varios

366 5567 582 5622 sensus,
633 5555 940 5623 multasque
990 5564 1046 5608 et
1103 5553 1348 5608 diversas
1379 5553 1933 5622 suscipiantexposi-

2032 4541 2276 4607 tradunt,
2321 4551 2381 4596 ut
2413 4554 2611 4595 novam
2654 4538 2882 4609 quidem
2927 4546 3246 4610 temereque
3309 4539 3614 4610 inventam,

2032 4634 2480 4692 minime,veram
2519 4632 2843 4686 asserimus.
2885 4631 3075 4701 Neque
3104 4634 3252 4687 enim
3287 4633 3612 4701 indicativo,

2031 4723 2147 4779 sive
2176 4723 2432 4794 przesenti
2470 4722 2584 4776 sive
2609 4722 2916 4792 praeterito,
2953 4722 3144 4792 juncta
3165 4763 3182 4788 ,
3219 4724 3616 4786 conditionalis

2029 4829 2246 4887 semper
2277 4829 2400 4869 vera
2424 4820 2528 4879 est,
2559 4813 2655 4868 sed
2698 4812 2995 4882 aliquando
3022 4813 3193 4867 etiam
3234 4813 3404 4879 falsa;
3437 4831 3616 4885 neque

2035 4925 2159 4965 cum
2189 4905 2542 4979 subjunctivo
2560 4905 2760 4975 posita,
2785 4906 2920 4961 falsa
2939 4921 3179 4976 semper,
3199 4906 3296 4962 sed
3317 4907 3612 4975 aliquando

2036 5017 2185 5066 vera,
2216 5011 2383 5070 prout
2427 5013 2495 5053 ex
2521 5012 2705 5052 rerum
2740 4998 3057 5054 conditione
3096 4998 3305 5054 falsitas
3341 4999 3614 5053 veritasvc

2035 5093 2329 5162 colligitur.
2384 5089 2538 5158 Quod
2573 5100 2632 5146 ut
2683 5090 3030 5147 manifestius
3069 5090 3442 5162 intelligatur,
3476 5092 3611 5162 quid

2035 5184 2374 5256 grammatici
2397 5182 2674 5248 sentiant,
2701 5181 2947 5239 dicemus
2971 5221 2988 5250 ,
3035 5181 3237 5239 deinde
3262 5181 3513 5254 quaedam
3544 5199 3609 5238 ex

2041 5276 2326 5331 dialectica
2379 5274 2794 5352 subjungemus.
2851 5272 3208 5330 Grammatici
3273 5288 3466 5331 omnes
3500 5285 3609 5330 tam

2040 5366 2212 5420 Graeci
2240 5381 2402 5435 quam
2445 5363 2648 5429 Latini,
2689 5373 2745 5420 et
2797 5365 2853 5419 in
2893 5364 3086 5434 primis
3137 5363 3471 5444 Priscianus,
3512 5365 3609 5436 qui

2039 5475 2148 5513 non
2206 5456 2368 5511 modo
2429 5455 2677 5525 sequitur
2726 5454 2982 5524 Gracos,
3041 5455 3134 5511 sed
3205 5455 3262 5512 id
3314 5471 3373 5512 se
3427 5455 3611 5512 facere

2040 5549 2225 5602 inultis
2267 5548 2320 5601 iu
2366 5547 2502 5602 locis
2539 5547 2830 5618 gloriatur,
2866 5553 2910 5601 sl
2958 5546 3405 5620 conjunctionem
3431 5548 3609 5602 couti-

438 5742 456 5772 ³
490 5740 514 5794 ι
545 5742 683 5794 Tim.
715 5756 756 5803 ι,
803 5739 887 5795 l5.
955 5739 976 5770 ³
1013 5739 1216 5825 Jerem.
1249 5758 1403 5806 uin.
1430 5744 1519 5797 24.
1597 5744 1616 5774 ³
1644 5743 1769 5804 Sap.
1798 5755 1914 5804 νιιιο

2073 5737 2094 5768 ⁵
2141 5733 2336 5790 lTim.
2374 5751 2413 5800 ι,
2463 5735 2546 5788 15.
