3880 6220
200 295 307 358 63)

1183 281 1694 346 BESSARIONtS
1729 282 1785 343 S.
1835 283 1902 340 Β.
1949 280 2014 342 E.
2044 277 2504 340 CARDINALIS

3345 274 3454 340 (iiO

191 406 318 476 quid
383 403 451 456 ad
506 401 598 456 te?
663 396 953 455 comedere
999 410 1058 450 se
1103 404 1223 449 actu
1252 394 1502 448 atlirmat.
1540 390 1682 457 Quid
1729 389 1776 445 si
1809 399 1853 454 Α
1884 407 2107 462 quoque
2161 402 2368 462 partem
2416 390 2675 445 intactam
2741 385 3076 459 praeteriisse
3130 385 3457 452 videamur,

195 495 345 548 idem
401 492 613 547 dicatur
675 504 784 543 non
825 484 1168 544 comedenti?
1206 483 1399 538 Nonne
1452 490 1510 537 et
1558 481 1649 536 ille
1697 481 1774 534 ita

198 585 593 658 respondebit,
637 582 696 637 Si
743 579 977 644 comedo,
1006 577 1129 649 quid
1165 576 1234 631 ad
1268 586 1314 630 te
1337 575 1364 628 2
1409 591 1519 630 non
1552 572 1776 644 quidem

201 689 264 736 ut
292 678 440 734 vesci
479 691 538 732 se
570 675 829 730 carnibus
861 671 1120 735 fateatur,
1148 671 1244 725 sed
1277 679 1336 724 ut
1371 669 1510 724 falso
1538 681 1776 737 arguen-

203 781 312 828 tem
345 767 590 830 irrideat,
623 772 680 818 et
713 763 976 832 iniustum
1006 772 1385 816 accusatorem
1411 758 1593 814 irritet
1613 767 1778 825 atque

201 865 539 918 contemnat.
570 852 714 919 Quid
762 853 808 906 si
850 865 918 906 eo
961 850 1051 904 die
1097 847 1662 907 comedens.carnes,
1710 842 1779 896 ab

204 957 523 1004 accusatore
559 958 660 999 suo
694 952 1020 1013 provocatus
1049 981 1066 1006 ,
1092 941 1166 995 ita
1201 937 1570 1009 respondeat,
1601 933 1660 989 Si
1691 949 1780 987 co-

204 1040 354 1096 medo
383 1037 461 1093 vel
497 1052 602 1091 non
621 1034 853 1100 comedo,
873 1031 1000 1102 quid
1021 1030 1090 1085 ad
1112 1031 1200 1084 te?
1230 1037 1376 1086 recta
1403 1036 1552 1083 certe
1572 1023 1781 1080 locutio

204 1133 331 1194 erit,
373 1146 442 1184 an
495 1129 618 1182 ideo
649 1126 917 1186 dicemus,
963 1123 1226 1194 quoniam
1274 1118 1662 1176 conditionalis
1695 1116 1783 1170 in-

205 1226 443 1278 dicativo
475 1218 848 1290 conjungitur,
879 1214 1293 1287 approbativam
1315 1227 1456 1278 esse,
1478 1221 1784 1278 verumque

205 1332 351 1380 esse,
375 1314 519 1386 quod
574 1313 664 1366 ille
695 1324 889 1364 carnes
926 1308 1074 1372 edat,
1124 1315 1180 1362 et
1217 1320 1327 1360 non
1355 1308 1483 1360 edat
1517 1321 1532 1358 :
1566 1303 1620 1356 id
1652 1315 1784 1356 vero

210 1424 278 1462 ne
340 1404 519 1462 insani
573 1401 793 1472 quidem
842 1399 1168 1454 faterentur.
1226 1397 1310 1451 An
1354 1410 1486 1449 vero
1535 1393 1785 1448 dicemus

211 1515 376 1554 unam
407 1495 628 1567 quidem
661 1503 876 1563 partem
905 1505 1093 1545 veram
1125 1503 1267 1554 esse,
1301 1488 1530 1541 alteram
1556 1485 1786 1540 falsam?

215 1591 431 1645 Falsum
459 1587 624 1656 igitur
643 1585 771 1648 erit,
791 1582 1008 1653 quoties
1025 1582 1070 1634 si
1091 1578 1386 1634 indicativo
1412 1576 1784 1646 coniungitur,

215 1696 334 1734 esse
384 1677 818 1748 approbativam.
861 1671 1018 1738 Quod
1072 1685 1202 1724 vero
1260 1668 1598 1732 adversarii,
1637 1666 1788 1720 velut

1881 481 2293 557 Hieronymum,
2319 481 2682 553 Augustinum
2711 489 3048 550 cmterosque
3071 488 3128 534 et
3160 488 3376 534 veteres
3406 491 3462 534 et

1880 589 2054 631 novos
2098 574 2354 630 doctores
2413 574 2764 643 opponimus,
2805 573 2898 642 qui
2945 585 3070 626 cum
3133 587 3242 628 non
3294 573 3464 627 modo

1877 664 2158 729 catholici,
2191 679 2383 720 verum
2433 663 2599 718 etiam
2657 662 2993 717 sanctissimi
3049 661 3254 719 fuerint
3295 671 3463 733 atque

1882 754 2210 820 habeantur,
2266 753 2434 807 multa
2484 762 2665 807 tamen
2700 760 2756 806 et
2795 751 2850 805 in
2902 752 3076 807 Veteri
3111 767 3178 806 ex
3209 752 3463 818 Hebraeo,

1881 854 1938 899 et
1971 844 2025 898 in
2052 844 2206 900 Novo
2233 844 2584 899 Testamento
2611 859 2677 898 ex
2707 843 2896 898 Graeco
2935 842 3084 898 fonte
3111 844 3317 912 edocti,
3348 862 3467 898 mu-

1883 947 2019 1002 tare,
2059 935 2302 999 demere,
2329 934 2555 1000 addere,
2608 935 2908 1005 corrigere,
2940 933 3265 1001 emendare,
3315 951 3469 990 rese-

1883 1043 2030 1094 care,
2059 1028 2379 1092 reformare,
2403 1036 2480 1093 et,
2521 1036 2582 1081 ut
2606 1041 2796 1081 eorum
2819 1027 3004 1082 verbis
3030 1039 3171 1092 utar,
3199 1027 3465 1083 readdcre

1883 1135 1992 1174 non
2041 1120 2426 1184 erubuerunt,
2457 1118 2919 1187 quemadmodum
2983 1118 3039 1172 in
3089 1118 3466 1188 superioribus

1883 1209 2020 1264 satis
2043 1224 2316 1278 superque
2344 1225 2374 1262 a
2407 1207 2568 1262 nobis
2615 1216 2897 1262 ostensum
2931 1217 3212 1277 putamus.
3239 1208 3461 1275 Verum,

1886 1310 1947 1356 ut
1976 1301 2270 1371 aliquando
2297 1300 2516 1355 dicendi
2545 1301 2704 1355 linem
2739 1299 3026 1365 faciamus,
3051 1299 3465 1370 dissolutisjam

1887 1404 2052 1464 atque
2081 1391 2328 1448 rescissis
2352 1391 2798 1447 adversariorum
2834 1393 3199 1462 argumentis,
3227 1392 3465 1447 dicimus

1889 1485 2233 1554 ingenueque
2279 1484 2778 1551 testamur,licere
2830 1483 3027 1546 cuivis,
3080 1493 3192 1538 tum
3234 1485 3466 1540 veritate

1889 1578 1996 1640 rei,
2028 1587 2146 1631 tum
2171 1575 2374 1631 Graecae
2400 1584 2565 1645 atque
2593 1575 2878 1646 originalis
2915 1577 3117 1646 lingua:
3167 1578 3468 1631 concordia

1887 1669 2056 1734 (rete,
2086 1667 2296 1738 absque
2337 1667 2448 1722 ullo
2482 1677 2631 1722 metu
2657 1667 2913 1737 aliquove
2939 1668 3156 1739 injustee
3182 1670 3472 1725 calumnia:

218 1773 395 1828 tacita:
419 1732 722 1840 ebjectioni
755 1763 1175 1836 respondentes,
1196 1777 1307 1815 non
1339 1761 1446 1815 vim
1491 1760 1788 1814 verborum
1817 1732 1864 1791 Β
1893 1758 2158 1828 periculo,
2191 1773 2314 1812 cum
2346 1767 2540 1812 sancto
2563 1757 2913 1827 Evangelista
2937 1757 3250 1829 Graecisque
3281 1761 3475 1816 docto—

218 1875 273 1919 et
305 1876 527 1916 sensum
556 1857 884 1912 intellexisse
911 1853 1226 1915 Demittunt,
1255 1849 1351 1906 sed
1384 1864 1583 1920 negare
1612 1849 1794 1903 Evana

219 1953 488 2019 gelistam,
505 1948 676 2011 aiunt,
699 1946 850 1999 illum
879 1942 1258 2012 hujuscemodi
1281 1941 1449 1996 verba
1474 1939 1790 2010 protulisse,

173 2065 180 2074 υ
224 2045 408 2112 inepta
431 2037 564 2094 sane
584 2049 637 2093 et
662 2036 890 2108 puerilis
933 2034 1293 2104 Evangelistae
1327 2033 1597 2088 sententia
1627 2031 1790 2095 foret,

222 2134 270 2188 si
298 2134 477 2187 sciens
497 2129 782 2183 Dominum
802 2126 941 2182 velle
961 2127 1090 2181 sein
1115 2126 1216 2180 hac
1234 2114 1355 2193 vita,
1372 2139 1590 2178 manere
1624 2124 1796 2179 donec

225 2224 459 2286 veniret,
489 2217 897 2288 condiscipulos
928 2215 1096 2270 veluti
1121 2215 1257 2270 falsa
1295 2215 1585 2285 opinantes
1613 2213 1798 2268 redar-

225 2323 437 2386 gueret,
491 2312 656 2380 idque
701 2311 966 2366 duntaxat
1016 2307 1325 2378 prolatione
1353 2306 1685 2372 verborum;
1740 2307 1796 2359 in

225 2424 340 2478 quo
375 2405 468 2459 illi
515 2403 736 2474 quidem
788 2399 1018 2455 mirifice
1065 2398 1259 2459 forent.
1285 2398 1582 2465 laudandi,
1627 2397 1798 2453 nimio

226 2496 479 2552 acumine
517 2493 719 2565 ingenii
767 2507 836 2547 ex
889 2490 1150 2561 ambiguo
1183 2504 1440 2546 sermone
1468 2504 1652 2544 veram
1697 2489 1800 2544 eli-

221 2587 434 2644 cientes
463 2583 822 2639 sententiam.
841 2580 989 2648 Quos
1009 2591 1197 2636 contra
1217 2578 1801 2649 Chrysostomusfalsa:

228 2677 299 2732 de
347 2692 405 2731 se
449 2674 726 2745 opinionis
767 2671 934 2728 refert
975 2670 1044 2726 ab
1071 2671 1414 2740 Evangelista
1464 2669 1633 2724 fuisse
1681 2685 1802 2725 coro

232 2779 448 2840 raptos;
475 2768 620 2838 quod
653 2765 832 2821 caeteri
859 2779 1098 2836 quoque,
1127 2763 1220 2833 qui
1251 2778 1378 2817 eum
1410 2761 1521 2817 vita
1550 2760 1801 2816 functum

232 2869 447 2932 putant,
483 2858 672 2930 procul
697 2855 864 2911 dubio
896 2855 1163 2910 dicerent.
1200 2853 1387 2908 Dicere
1415 2861 1677 2922 praeterea
1707 2867 1804 2922 per

231 2969 296 3008 ea
331 2954 512 3019 verba,
540 2950 626 3006 Sic
655 2965 774 3015 leum
816 2947 934 3002 volo
969 2962 1206 3011 manere,
1251 2946 1490 3018 voluisse
1521 2943 1802 3001 Christum

235 3048 308 3101 ita
343 3060 565 3100 manere
608 3045 894 3106 Joannem,
926 3039 1022 3096 sed
1053 3038 1273 3094 l’etrum
1303 3036 1654 3108 redarguere,
1694 3036 1800 3090 mi-

234 3138 384 3192 nime
409 3134 478 3190 ad
525 3149 586 3189 se
616 3131 940 3204 pertinentia
982 3137 1340 3201 quarentem,
1373 3127 1572 3198 puerili
1621 3127 1802 3196 potius

233 3225 573 3284 contentioni
619 3224 703 3279 vel
745 3223 980 3294 argutuli
1024 3220 1282 3290 sophista.
1335 3219 1588 3283 fallaciis,
1639 3235 1801 3289 quam

236 3317 453 3374 Domini
487 3318 660 3372 nostri
701 3314 826 3370 Jesu
877 3312 1088 3369 Christi
1131 3309 1384 3382 gravitati
1420 3320 1475 3365 et
1523 3311 1804 3380 sapientia:

233 3408 516 3466 convenit.
547 3406 655 3463 Sed
686 3414 805 3462 esto
843 3420 974 3460 sane
1010 3411 1069 3457 ut
1097 3403 1338 3470 dicitur;
1365 3416 1548 3457 nonne
1578 3401 1683 3455 hoc
1713 3416 1805 3456 sn-

236 3502 547 3575 perioribus
579 3499 740 3555 dictis
773 3495 1076 3566 repugnat?
1131 3494 1344 3550 Etenim
1380 3495 1425 3549 si
1455 3493 1624 3548 verba
1659 3492 1806 3546 dun-

236 3605 384 3650 taxat
423 3590 761 3663 Evangelista
819 3596 1020 3659 negat,
1072 3596 1134 3640 ut
1162 3587 1367 3642 dictum
1415 3594 1522 3652 est,
1579 3599 1804 3642 sensum

237 3689 406 3758 igitur
442 3685 739 3751 concedit;
767 3667 908 3736 dixit.
947 3696 1079 3752 ergo
1107 3695 1235 3735 eum
1263 3679 1517 3737 Christus
1542 3696 1656 3738 non
1685 3695 1808 3736 mo-

236 3781 512 3845 riturum;
548 3775 696 3848 quod
742 3774 898 3830 sLita
927 3783 1034 3841 est,
1075 3772 1354 3844 quomodo
1383 3772 1501 3829 haec
1532 3774 1644 3830 duo
1677 3787 1809 3830 con-

235 3872 496 3935 Stabunt,
554 3867 699 3940 quod
745 3877 799 3923 et
864 3881 994 3923 eum
1057 3882 1167 3921 non
1224 3867 1554 3923 moriturum
1606 3866 1809 3922 dixerit

235 3961 518 4022 Christus,
547 3967 601 4014 et
629 3958 776 4029 quod
807 3972 915 4013 non
939 3957 1062 4012 ideo
1095 3957 1315 4024 dixerit,
1347 3960 1497 4028 quod
1520 3958 1593 4013 ita
1621 3959 1806 4024 vellet,

239 4047 336 4101 sed
386 4053 446 4099 ut
509 4046 730 4101 Petrum
785 4045 1138 4117 redargueret
1185 4061 1387 4101 arcana
1425 4047 1809 4116 quaerentem?

242 4139 504 4209 Demum,
555 4139 680 4208 quis
708 4153 821 4193 non
852 4139 1032 4192 videat
1067 4147 1324 4208 quartum
1365 4138 1808 4194 adversariorum

237 4242 622 4304 argumentum
674 4230 804 4285 huic
836 4229 1099 4285 solutioni
1144 4229 1486 4287 contrarium
1524 4232 1690 4286 esse?
1721 4227 1808 4288 Si-

238 4324 462 4396 quidem
495 4323 608 4378 illic
652 4321 843 4376 dicunt
871 4321 1063 4392 procul
1107 4319 1280 4377 dubio
1308 4319 1576 4378 Joannem
1627 4324 1809 4380 adhuc

1829 3087 1876 3153 C

1895 1850 2067 1914 ribus,
2107 1848 2169 1904 Si
2219 1863 2338 1902 curn
2381 1849 2498 1902 volo
2540 1863 2755 1900 manere
2805 1847 2969 1900 donec
3015 1850 3220 1903 veniam
3245 1890 3260 1915 ,
3289 1852 3474 1922 legere

1893 1950 2059 2010 atque
2118 1939 2396 2010 proferre,
2456 1939 2822 1993 muliebribus
2881 1939 3044 1994 minis
3101 1949 3157 1995 et
3205 1957 3475 1997 vanorum

1896 2031 2179 2087 hominum
2206 2030 2404 2102 jurgiis
2438 2030 2770 2100 contemptis
2798 2045 2861 2085 ac
2905 2046 3005 2100 pro
3034 2031 3207 2087 nihilo
3247 2033 3478 2092 habitis.

1897 2124 2050 2179 Licet
2101 2133 2282 2178 autem
2326 2123 2378 2176 in
2415 2123 2565 2177 calce
2622 2122 2891 2177 orationis
2941 2124 3096 2192 quasi
3130 2125 3372 2196 signum,
3415 2138 3480 2182 ut

1899 2215 2079 2274 aiunt.
2109 2213 2429 2284 imprimere
2445 2213 2712 2279 sermoni,
2753 2221 2809 2269 et
2839 2214 3008 2268 veluti
3041 2217 3256 2287 asylum
3281 2227 3479 2272 contra

1899 2322 2092 2363 omnes
2145 2314 2527 2376 oppugnantes
2570 2320 2671 2360 nos
2720 2305 2988 2374 recipere.
3015 2305 3111 2360 Eia
3144 2289 3308 2377 igitur
3361 2319 3477 2373 eat,

1903 2397 2398 2469 progrediatnrque
2423 2398 2478 2450 in
2510 2395 2752 2450 medium
2779 2395 3033 2467 egregius
3063 2412 3346 2452 sacrarum
3385 2399 3480 2453 lit-

1902 2497 2140 2541 terarum
2194 2487 2486 2555 interpres,
2528 2485 2917 2556 integerrimus
2965 2487 3047 2542 vir
3087 2487 3478 2560 Hieronymus,

1900 2589 1956 2634 et
1974 2577 2133 2647 quasi
2154 2578 2404 2632 veritatis
2434 2577 2739 2649 acjustitia‘.
2771 2588 3169 2648 propugnator,
3195 2586 3478 2651 quomodo

1903 2672 2021 2742 ipse
2051 2671 2200 2726 hunc
2238 2672 2420 2727 locum
2451 2672 2820 2737 transtulerit,
2860 2672 3138 2728 ostendat.
3168 2673 3268 2730 Hic
3305 2677 3361 2731 in
3389 2694 3478 2742 ea,

1903 2779 2067 2834 quam
2097 2764 2166 2818 ad
2191 2761 2540 2819 Jovinianum
2573 2763 2637 2818 de
2661 2765 2968 2834 virginitate
2992 2766 3232 2837 scripsit,
3261 2769 3483 2840 elegan-

1904 2856 2114 2912 tissima
2143 2855 2412 2921 oratione,
2443 2869 2684 2918 rursum,
2718 2855 2920 2925 inquit,
2944 2855 3013 2911 de
3034 2858 3200 2914 Petro
3222 2859 3480 2930 loquens,

1905 2961 2029 3018 post
2061 2947 2299 3003 auditam
2331 2948 2681 3010 sententiam,
2741 2948 2888 3016 quod
2928 2949 2998 3005 ab
3025 2950 3132 3006 alio
3175 2954 3485 3024 cingendus

1907 3047 2074 3102 esset,
2104 3049 2160 3093 et
2185 3038 2470 3092 ducendus
2502 3054 2610 3108 quo
2654 3039 2843 3106 nollet,
2871 3049 2927 3096 et
2945 3043 3128 3099 crucis
3168 3044 3244 3100 illi
3282 3048 3483 3102 fuisset

1910 3133 2091 3202 passio
2143 3132 2461 3201 prophetata
2484 3169 2499 3194 ,
2530 3139 2607 3186 .et
2652 3131 2744 3189 ille
2774 3133 2986 3190 diceret
3011 3152 3028 3192 :
3056 3135 3305 3204 Domine,
3340 3142 3476 3210 quid

1909 3223 2056 3278 iste?
2110 3222 2304 3277 nolens
2349 3223 2612 3277 Joannem
2647 3223 2939 3290 deserere,
2984 3240 3109 3282 cum
3159 3243 3268 3298 quo
3297 3231 3483 3285 fuerat

1906 3331 2122 3385 semper
2144 3316 2450 3384 copulatus,
2480 3315 2614 3373 dicit
2644 3316 2698 3372 ei
2738 3315 3040 3375 Dominus:
3070 3319 3210 3385 Quid
3236 3323 3306 3375 ad
3336 3331 3405 3384 te,
3436 3326 3485 3377 si

1905 3423 2022 3460 eum
2044 3405 2163 3461 volo
2200 3409 2275 3461 sic
2306 3407 2464 3462 esse?
2499 3406 2636 3474 Quis
2681 3407 2919 3479 amplius
2941 3410 3080 3466 alios
3112 3421 3278 3481 testes
3304 3418 3436 3470 citat
3461 3416 3485 3467 τ

1907 3498 2032 3567 quis
2069 3496 2218 3551 aliud
2266 3497 2544 3553 desiderat
2578 3498 3002 3563 testimonium?
3034 3516 3158 3556 cum
3210 3503 3483 3577 Hierony-

1909 3603 2058 3644 mum
2087 3589 2160 3643 ita
2193 3588 2482 3644 audiamus
2526 3588 2828 3656 dicentem,
2859 3589 2922 3648 Si
2952 3595 3092 3647 enim
3116 3595 3233 3649 solo
3266 3597 3343 3650 sic
3365 3616 3488 3652 ma-

1907 3696 2051 3738 nere.
2083 3679 2223 3748 Quid
2261 3681 2409 3735 enim
2455 3680 2607 3736 aliud
2657 3690 2744 3737 est
2779 3683 2861 3738 sic
2907 3698 3048 3751 esse,
3077 3687 3184 3742 nisi
3214 3693 3486 3746 manere?

1907 3772 2043 3828 Nam
2065 3774 2141 3827 ita
2171 3770 2375 3836 dicere,
2404 3770 2494 3826 Sic
2523 3787 2642 3826 eum
2674 3774 2814 3840 volo,
2846 3775 2922 3828 sic
2951 3791 3082 3844 esse,
3117 3794 3282 3836 nemo
3310 3783 3483 3839 aude-

1909 3873 2015 3930 ret,
2051 3863 2150 3918 nisi
2195 3864 2484 3920 barbarus.
2521 3863 2867 3921 Manifestum
2897 3877 2985 3922 est
3021 3869 3210 3937 igitur,
3254 3884 3314 3928 et
3337 3879 3485 3930 anti-

1909 3955 2132 4025 quiores
2183 3956 2518 4026 Hieronymo
2577 3956 2939 4028 interpretes,
2995 3962 3090 4031 qui
3143 3965 3222 4017 sic
3283 3981 3381 4034 pro
3433 3971 3485 4024 si

1908 4047 2270 4118 scripserunt,
2302 4047 2409 4102 nisi
2427 4047 2777 4104 librariorum
2798 4052 2991 4107 menda
3019 4053 3208 4124 fuerit,
3238 4072 3478 4130 errasse,

1910 4155 2036 4196 eum
2069 4139 2436 4212 Hieronymus
2471 4140 2608 4210 ipse,
2639 4143 2687 4196 si
2729 4144 2869 4211 uoto,
2901 4145 3127 4216 dixerit,
3159 4161 3214 4205 et
3254 4167 3351 4208 eos
3382 4157 3480 4224 qui

1911 4232 2303 4304 Hieronymum
2362 4243 2494 4288 sunt
2538 4235 2747 4301 secuti,
2785 4236 3020 4306 pristino
3073 4255 3177 4296 usu
3233 4249 3485 4316 corrupti

1911 4325 2185 4380 sermonis
2211 4326 2560 4397 praevalente,
2590 4327 2673 4382 vel
2691 4328 3074 4399 imperitorum
3096 4343 3484 4412 pmuinpuo.

239 4431 300 4470 se
327 4430 568 4484 manere,
604 4413 690 4470 hic
721 4428 873 4479 vero,
899 4429 1009 4470 non
1034 4414 1156 4468 ideo
1181 4413 1263 4470 sic
1287 4414 1492 4472 dixisse
1517 4417 1808 4503 Dominum
1838 4427 1888 4486 υ
1913 4430 2008 4481 ne,
2047 4416 2128 4470 vel
2161 4415 2374 4472 incuria
2398 4417 2772 4486 librariorum,
2808 4437 2911 4491 pro
2951 4425 2999 4478 si
3035 4423 3480 4503 Hieronymiano,

196 4541 205 4578 ι
231 4507 386 4578 quod
439 4509 514 4564 ita
565 4507 749 4571 vellet,
782 4505 880 4562 sed
922 4514 982 4561 ut
1029 4506 1251 4562 Petrum
1306 4497 1636 4576 increparet.
1669 4507 1808 4562 Nam

241 4599 386 4670 quod
441 4609 717 4672 postremo
768 4598 1003 4664 addunt,
1055 4597 1400 4654 moriendum
1451 4601 1637 4670 potius
1687 4615 1811 4656 esse

192 4660 212 4817 ὲ
239 4709 402 4762 quam
431 4660 732 4764 quidquam
760 4691 827 4746 de
845 4704 1001 4746 sacra
1017 4687 1298 4760 Scriptura
1321 4660 1810 4759 commutandam;

243 4801 418 4817 nnnnn
466 4799 623 4817 nnncn
659 4797 780 4817 anno
812 4783 1140 4817 nolhnlinnm
1202 4786 1294 4817 ηιιε
1344 4787 1488 4817 Ιηηιη
1529 4786 1807 4817 ιΐνηηηιιιίἱ

242 4801 419 4854 neque
461 4799 625 4856 posse
658 4797 781 4839 esse
812 4783 1166 4851 catholicum,
1202 4786 1296 4853 qui
1343 4787 1490 4838 hunc
1529 4786 1808 4854 Evangelii

237 4875 418 4930 locum
452 4887 793 4931 commutare
822 4875 1250 4946 praesumpserit,
1284 4875 1604 4946 adduntque
1649 4891 1804 4943 curn,

239 4970 335 5040 qui
367 4969 472 5024 hoc
499 4983 666 5024 ausus
687 4968 876 5035 fuerit,
909 4968 1076 5023 etiam
1107 4969 1293 5039 pejora
1319 4968 1622 5035 facturum,
1661 4970 1708 5025 si
1757 4970 1808 5026 ei

237 5061 538 5116 auctoritas
565 5071 621 5116 et
657 5062 800 5118 vires
847 5061 1196 5126 accesserint,
1222 5061 1326 5117 etsi
1356 5061 1484 5117 talia
1539 5062 1651 5118 sint
1678 5078 1810 5132 quae

241 5168 342 5208 nos
374 5152 442 5207 ad
491 5153 663 5208 risum
711 5153 896 5225 potius
952 5162 1227 5218 moveant,
1269 5169 1429 5225 quam
1463 5154 1530 5210 ad
1580 5169 1811 5225 respon-

241 5248 406 5305 dendi
465 5247 718 5305 laborent
779 5246 1236 5319 suscipiendum,
1305 5257 1485 5305 tamen
1538 5263 1606 5305 ne
1670 5249 1812 5304 hanc

1911 4509 1990 4562 sic
2039 4508 2175 4564 illud
2225 4508 2521 4578 pristinum
2575 4511 2910 4568 continuatis
2948 4519 3288 4588 temporibus
3341 4540 3480 4580 con-

1915 4598 2223 4668 scripsisse.
2255 4599 2360 4655 Sed
2419 4616 2522 4657 nos
2575 4602 2799 4660 quidem
2828 4622 2952 4662 cum
2985 4609 3484 4692 Hieronymomutn

1903 4691 2230 4747 sinceritate
2257 4691 2456 4747 Graecae
2500 4698 2826 4763 scriptum,
2869 4714 2995 4753 cum
3023 4699 3229 4758 Grecis
3285 4691 3488 4760 docto-

1916 4785 2089 4848 ribus,
2127 4792 2186 4838 ut
2221 4784 2302 4838 fas
2332 4793 2437 4844 est.
2486 4787 2809 4854 sentientes,
2841 4787 2902 4844 Si
2945 4804 3064 4844 cum
3089 4792 3204 4846 solo
3245 4809 3486 4862 mature,

1913 4878 2178 4948 legamus,
2224 4877 2294 4932 ad
2329 4877 2564 4946 gloriam
2597 4879 2719 4948 ejus
2761 4881 2853 4951 qui
2903 4897 3002 4952 per
3045 4885 3486 4943 sacratissimum

1916 4968 2271 5039 Evangelistae
2295 4968 2523 5024 Joannis
2548 4983 2610 5024 os
2636 4969 2826 5027 Graeco
2867 4986 3126 5032 serone
3166 4977 3484 5044 scribentis,

1915 5061 2033 5116 haec
2074 5062 2306 5130 loquens
2346 5060 2554 5132 absque
2586 5063 2696 5117 ulla
2729 5079 2955 5134 prorsus
2980 5067 3337 5138 ambiguitate
3365 5087 3491 5126 ver-

1915 5155 2131 5221 borum,
2153 5152 2210 5208 Si
2246 5151 2394 5222 eum,’
2425 5154 2622 5225 inquit,
2658 5156 2772 5210 volo
2802 5175 3016 5214 manere
3049 5160 3214 5215 donec
3249 5163 3483 5232 ueniant,

1911 5247 2036 5317 quid
2063 5247 2131 5298 ad
2169 5246 2263 5299 te?
2303 5245 2395 5315 Tu,
2428 5263 2640 5317 sequere
2681 5265 2780 5304 me.

1515 5517 2298 5561 -———-.<>.—--~—-
