  <div class='ocr_page' id='page_1' title='image "/cluster/home/n/w/nwhite01/storage/ocr_20150623/161/hvd.32044073502700/434.png"; bbox 0 0 3880 6220; ppageno 0'>
   <div class='ocr_carea' id='block_1_1' title="bbox 1346 367 2514 431">
    <p class='ocr_par' dir='ltr' id='par_1_1' title="bbox 1346 367 2514 431">
     <span class='ocr_line' id='line_1_1' title="bbox 1346 367 2514 431; baseline 0.003 -5"><span class='ocrx_word' id='word_1_1' title='bbox 1346 367 1781 427; x_wconf 69' lang='grc' dir='ltr'>ΟΗᾹΤΙΟΝΕΞ</span> <span class='ocrx_word' id='word_1_2' title='bbox 1839 369 2135 428; x_wconf 64' lang='lat' dir='ltr'>CONTRA</span> <span class='ocrx_word' id='word_1_3' title='bbox 2192 369 2514 431; x_wconf 73' lang='lat' dir='ltr'>TURCAS.</span> 
     </span>
    </p>
   </div>
   <div class='ocr_carea' id='block_1_2' title="bbox 306 368 3578 452">
    <p class='ocr_par' dir='ltr' id='par_1_2' title="bbox 306 368 3578 452">
     <span class='ocr_line' id='line_1_2' title="bbox 306 368 3578 452; baseline -0.005 -17"><span class='ocrx_word' id='word_1_4' title='bbox 306 368 408 436; x_wconf 76' lang='grc'>641</span> <span class='ocrx_word' id='word_1_5' title='bbox 1346 368 1781 427; x_wconf 67' lang='grc' dir='ltr'>ΟΗᾹΤΙΟΝΕΞ</span> <span class='ocrx_word' id='word_1_6' title='bbox 1839 369 2135 428; x_wconf 64' lang='lat' dir='ltr'>CONTRA</span> <span class='ocrx_word' id='word_1_7' title='bbox 2192 369 2514 431; x_wconf 72' lang='lat' dir='ltr'>TURCAS.</span> <span class='ocrx_word' id='word_1_8' title='bbox 3464 372 3578 452; x_wconf 60' lang='grc'>642</span> 
     </span>
    </p>
   </div>
   <div class='ocr_carea' id='block_1_3' title="bbox 3041 520 3523 536">
    <p class='ocr_par' dir='ltr' id='par_1_3' title="bbox 3041 520 3523 536">
     <span class='ocr_line' id='line_1_3' title="bbox 3041 520 3523 536; baseline -0.01 1"><span class='ocrx_word' id='word_1_9' title='bbox 3041 523 3377 536; x_wconf 45' lang='grc' dir='ltr'>ας-οο--οσ-ᾐίο-</span> <span class='ocrx_word' id='word_1_10' title='bbox 3386 520 3523 534; x_wconf 46' lang='lat' dir='ltr'>Ma-</span> 
     </span>
    </p>
   </div>
   <div class='ocr_carea' id='block_1_4' title="bbox 692 703 3202 866">
    <p class='ocr_par' dir='ltr' id='par_1_4' title="bbox 692 703 3202 866">
     <span class='ocr_line' id='line_1_4' title="bbox 692 703 3202 866; baseline -0.003 -1"><span class='ocrx_word' id='word_1_11' title='bbox 692 706 1844 866; x_wconf 76' lang='lat' dir='ltr'>CARDINALIS</span> <span class='ocrx_word' id='word_1_12' title='bbox 1933 703 3202 861; x_wconf 77' lang='lat' dir='ltr'>BESSABIONIS</span> 
     </span>
    </p>
   </div>
   <div class='ocr_carea' id='block_1_5' title="bbox 1502 917 2403 1022">
    <p class='ocr_par' dir='ltr' id='par_1_5' title="bbox 1502 917 2403 1022">
     <span class='ocr_line' id='line_1_5' title="bbox 1502 917 2403 1022; baseline 0 0"><span class='ocrx_word' id='word_1_13' title='bbox 1502 963 1606 1022; x_wconf 77' lang='lat' dir='ltr'>AD</span> <span class='ocrx_word' id='word_1_14' title='bbox 1647 960 2060 1022; x_wconf 79' lang='lat' dir='ltr'>PRINCIPES</span> <span class='ocrx_word' id='word_1_15' title='bbox 2104 917 2403 1022; x_wconf 59' lang='lat' dir='ltr'>muria</span> 
     </span>
    </p>
   </div>
   <div class='ocr_carea' id='block_1_6' title="bbox 913 1085 2970 1166">
    <p class='ocr_par' dir='ltr' id='par_1_6' title="bbox 913 1085 2970 1166">
     <span class='ocr_line' id='line_1_6' title="bbox 913 1085 2970 1166; baseline -0.001 -14"><span class='ocrx_word' id='word_1_16' title='bbox 913 1085 1022 1152; x_wconf 85' lang='lat' dir='ltr'>DE</span> <span class='ocrx_word' id='word_1_17' title='bbox 1063 1087 1725 1150; x_wconf 78' lang='lat' dir='ltr'>CHRISTIANORUM</span> <span class='ocrx_word' id='word_1_18' title='bbox 1765 1088 2024 1150; x_wconf 80' lang='lat' dir='ltr'>CLADE</span> <span class='ocrx_word' id='word_1_19' title='bbox 2057 1089 2136 1149; x_wconf 76' lang='grc' dir='ltr'>ΙΝ</span> <span class='ocrx_word' id='word_1_20' title='bbox 2177 1088 2583 1150; x_wconf 82' lang='lat' dir='ltr'>CHALCIDE</span> <span class='ocrx_word' id='word_1_21' title='bbox 2631 1090 2970 1166; x_wconf 67' lang='lat' dir='ltr'>EUBGEZE,</span> 
     </span>
    </p>
   </div>
   <div class='ocr_carea' id='block_1_7' title="bbox 657 1217 3218 1296">
    <p class='ocr_par' dir='ltr' id='par_1_7' title="bbox 657 1217 3218 1296">
     <span class='ocr_line' id='line_1_7' title="bbox 657 1217 3218 1296; baseline 0.001 -16"><span class='ocrx_word' id='word_1_22' title='bbox 657 1219 763 1281; x_wconf 87' lang='lat' dir='ltr'><strong>DE</strong></span> <span class='ocrx_word' id='word_1_23' title='bbox 803 1217 1210 1282; x_wconf 81' lang='lat' dir='ltr'>PERICULIS</span> <span class='ocrx_word' id='word_1_24' title='bbox 1251 1217 1552 1279; x_wconf 68' lang='grc' dir='ltr'>ΙΤΑιιλΕ</span> <span class='ocrx_word' id='word_1_25' title='bbox 1604 1218 2192 1281; x_wconf 76' lang='lat' dir='ltr'>IMMINENTIBUS</span> <span class='ocrx_word' id='word_1_26' title='bbox 2223 1221 2716 1283; x_wconf 83' lang='lat' dir='ltr'>EXPUGNATO</span> <span class='ocrx_word' id='word_1_27' title='bbox 2751 1218 3218 1296; x_wconf 81' lang='lat' dir='ltr'>HYDRUNTO,</span> 
     </span>
    </p>
   </div>
   <div class='ocr_carea' id='block_1_8' title="bbox 1426 1340 2452 1404">
    <p class='ocr_par' dir='ltr' id='par_1_8' title="bbox 1426 1340 2452 1404">
     <span class='ocr_line' id='line_1_8' title="bbox 1426 1340 2452 1404; baseline 0.005 -4"><span class='ocrx_word' id='word_1_28' title='bbox 1426 1341 1529 1402; x_wconf 88' lang='lat' dir='ltr'><strong>DE</strong></span> <span class='ocrx_word' id='word_1_29' title='bbox 1559 1340 1956 1403; x_wconf 83' lang='lat' dir='ltr'>SEDANDIS</span> <span class='ocrx_word' id='word_1_30' title='bbox 2001 1342 2452 1404; x_wconf 82' lang='lat' dir='ltr'>DISCORDIIS</span> 
     </span>
    </p>
   </div>
   <div class='ocr_carea' id='block_1_9' title="bbox 1206 1458 2687 1540">
    <p class='ocr_par' dir='ltr' id='par_1_9' title="bbox 1206 1458 2687 1540">
     <span class='ocr_line' id='line_1_9' title="bbox 1206 1458 2687 1540; baseline 0.001 -15"><span class='ocrx_word' id='word_1_31' title='bbox 1206 1458 1309 1526; x_wconf 81' lang='grc' dir='ltr'>ΕΤ</span> <span class='ocrx_word' id='word_1_32' title='bbox 1341 1463 1885 1526; x_wconf 82' lang='lat' dir='ltr'>DECERNENDO</span> <span class='ocrx_word' id='word_1_33' title='bbox 1920 1466 2178 1528; x_wconf 86' lang='lat' dir='ltr'><strong>BELLO</strong></span> <span class='ocrx_word' id='word_1_34' title='bbox 2225 1467 2303 1529; x_wconf 79' lang='grc' dir='ltr'>ΙΝ</span> <span class='ocrx_word' id='word_1_35' title='bbox 2355 1467 2687 1540; x_wconf 79' lang='lat' dir='ltr'>TURCAS,</span> 
     </span>
    </p>
   </div>
   <div class='ocr_carea' id='block_1_10' title="bbox 1603 1605 2298 1697">
    <p class='ocr_par' dir='ltr' id='par_1_10' title="bbox 1603 1605 2298 1697">
     <span class='ocr_line' id='line_1_10' title="bbox 1603 1605 2298 1697; baseline -0.003 0"><span class='ocrx_word' id='word_1_36' title='bbox 1603 1605 2298 1697; x_wconf 78' lang='lat' dir='ltr'>ORATIONES</span> 
     </span>
    </p>
   </div>
   <div class='ocr_carea' id='block_1_11' title="bbox 957 1746 2969 1840">
    <p class='ocr_par' dir='ltr' id='par_1_11' title="bbox 957 1746 2969 1840">
     <span class='ocr_line' id='line_1_11' title="bbox 957 1746 2969 1840; baseline -0.002 -17"><span class='ocrx_word' id='word_1_37' title='bbox 957 1759 1191 1834; x_wconf 86' lang='lat' dir='ltr'>Quibus</span> <span class='ocrx_word' id='word_1_38' title='bbox 1231 1759 1558 1839; x_wconf 76' lang='lat' dir='ltr'>subjicitur</span> <span class='ocrx_word' id='word_1_39' title='bbox 1599 1761 1924 1840; x_wconf 81' lang='lat' dir='ltr'>persuasio</span> <span class='ocrx_word' id='word_1_40' title='bbox 1969 1774 2048 1821; x_wconf 84' lang='lat' dir='ltr'>ex</span> <span class='ocrx_word' id='word_1_41' title='bbox 2080 1759 2522 1822; x_wconf 78' lang='lat' dir='ltr'>Demosthenis</span> <span class='ocrx_word' id='word_1_42' title='bbox 2574 1746 2969 1838; x_wconf 76' lang='lat' dir='ltr'>Olynthiaca‘.</span> 
     </span>
    </p>
   </div>
   <div class='ocr_carea' id='block_1_12' title="bbox 1898 1909 1966 1919">
    <p class='ocr_par' dir='ltr' id='par_1_12' title="bbox 1898 1909 1966 1919">
     <span class='ocr_line' id='line_1_12' title="bbox 1898 1909 1966 1919; baseline -0.029 0"><span class='ocrx_word' id='word_1_43' title='bbox 1898 1909 1966 1919; x_wconf 85' lang='grc'>.--</span> 
     </span>
    </p>
   </div>
   <div class='ocr_carea' id='block_1_13' title="bbox 397 2027 3572 2124">
    <p class='ocr_par' dir='ltr' id='par_1_13' title="bbox 397 2027 3572 2124">
     <span class='ocr_line' id='line_1_13' title="bbox 397 2027 3572 2124; baseline -0.003 -16"><span class='ocrx_word' id='word_1_44' title='bbox 397 2049 621 2108; x_wconf 86' lang='lat' dir='ltr'>Notatu</span> <span class='ocrx_word' id='word_1_45' title='bbox 643 2043 727 2124; x_wconf 84' lang='lat'>(1)</span> <span class='ocrx_word' id='word_1_46' title='bbox 757 2050 817 2106; x_wconf 90' lang='lat' dir='ltr'>et</span> <span class='ocrx_word' id='word_1_47' title='bbox 844 2045 1006 2106; x_wconf 88' lang='lat' dir='ltr'>lectu</span> <span class='ocrx_word' id='word_1_48' title='bbox 1031 2043 1417 2122; x_wconf 63' lang='lat' dir='ltr'>dignissimas</span> <span class='ocrx_word' id='word_1_49' title='bbox 1439 2049 1583 2106; x_wconf 91' lang='lat' dir='ltr'>sunt</span> <span class='ocrx_word' id='word_1_50' title='bbox 1609 2039 1891 2120; x_wconf 65' lang='lat' dir='ltr'>epistola:</span> <span class='ocrx_word' id='word_1_51' title='bbox 1909 2038 2076 2112; x_wconf 68' lang='lat' dir='ltr'>dum,</span> <span class='ocrx_word' id='word_1_52' title='bbox 2100 2056 2242 2117; x_wconf 63' lang='lat' dir='ltr'>quae</span> <span class='ocrx_word' id='word_1_53' title='bbox 2260 2041 2664 2104; x_wconf 80' lang='lat' dir='ltr'>Orationibus</span> <span class='ocrx_word' id='word_1_54' title='bbox 2692 2042 3036 2117; x_wconf 68' lang='lat' dir='ltr'>praemissae</span> <span class='ocrx_word' id='word_1_55' title='bbox 3061 2040 3356 2120; x_wconf 83' lang='lat' dir='ltr'>leguntur</span> <span class='ocrx_word' id='word_1_56' title='bbox 3376 2040 3440 2101; x_wconf 89' lang='lat' dir='ltr'>in</span> <span class='ocrx_word' id='word_1_57' title='bbox 3460 2027 3572 2102; x_wconf 61' lang='lat' dir='ltr'>co&quot;-</span> 
     </span>
    </p>
   </div>
   <div class='ocr_carea' id='block_1_14' title="bbox 318 2137 3574 2220">
    <p class='ocr_par' dir='ltr' id='par_1_14' title="bbox 318 2137 3574 2220">
     <span class='ocr_line' id='line_1_14' title="bbox 318 2137 3574 2220; baseline -0.002 -17"><span class='ocrx_word' id='word_1_58' title='bbox 318 2143 457 2205; x_wconf 89' lang='lat' dir='ltr'>dice</span> <span class='ocrx_word' id='word_1_59' title='bbox 489 2143 693 2220; x_wconf 81' lang='lat' dir='ltr'>Regio</span> <span class='ocrx_word' id='word_1_60' title='bbox 737 2141 1114 2202; x_wconf 86' lang='lat' dir='ltr'>&#39;l&#39;aurinensi</span> <span class='ocrx_word' id='word_1_61' title='bbox 1155 2159 1329 2202; x_wconf 92' lang='lat' dir='ltr'>num.</span> <span class='ocrx_word' id='word_1_62' title='bbox 1374 2139 1551 2214; x_wconf 87' lang='lat'><strong>1165,</strong></span> <span class='ocrx_word' id='word_1_63' title='bbox 1596 2139 1952 2199; x_wconf 86' lang='lat' dir='ltr'>membran.</span> <span class='ocrx_word' id='word_1_64' title='bbox 1991 2152 2136 2198; x_wconf 62' lang='lat' dir='ltr'>saec.</span> <span class='ocrx_word' id='word_1_65' title='bbox 2181 2154 2294 2198; x_wconf 80' lang='lat' dir='ltr'>xv.</span> <span class='ocrx_word' id='word_1_66' title='bbox 2335 2141 2485 2199; x_wconf 86' lang='lat' dir='ltr'>Cum</span> <span class='ocrx_word' id='word_1_67' title='bbox 2529 2141 2697 2200; x_wconf 90' lang='lat' dir='ltr'>enim</span> <span class='ocrx_word' id='word_1_68' title='bbox 2750 2140 3042 2201; x_wconf 84' lang='lat' dir='ltr'>Bessario</span> <span class='ocrx_word' id='word_1_69' title='bbox 3102 2140 3422 2202; x_wconf 88' lang='lat' dir='ltr'>orationes</span> <span class='ocrx_word' id='word_1_70' title='bbox 3461 2137 3574 2200; x_wconf 87' lang='lat' dir='ltr'>has</span> 
     </span>
    </p>
   </div>
   <div class='ocr_carea' id='block_1_15' title="bbox 315 2231 3572 2316">
    <p class='ocr_par' dir='ltr' id='par_1_15' title="bbox 315 2231 3572 2316">
     <span class='ocr_line' id='line_1_15' title="bbox 315 2231 3572 2316; baseline -0.001 -16"><span class='ocrx_word' id='word_1_71' title='bbox 315 2240 533 2300; x_wconf 81' lang='lat' dir='ltr'>Latine</span> <span class='ocrx_word' id='word_1_72' title='bbox 561 2256 602 2300; x_wconf 87' lang='lat' dir='ltr'>a-</span> <span class='ocrx_word' id='word_1_73' title='bbox 624 2255 692 2299; x_wconf 88' lang='lat' dir='ltr'>se</span> <span class='ocrx_word' id='word_1_74' title='bbox 721 2237 1110 2316; x_wconf 82' lang='lat' dir='ltr'>compositas</span> <span class='ocrx_word' id='word_1_75' title='bbox 1138 2237 1414 2298; x_wconf 85' lang='lat' dir='ltr'>misisset</span> <span class='ocrx_word' id='word_1_76' title='bbox 1451 2236 1527 2297; x_wconf 85' lang='lat' dir='ltr'>ad</span> <span class='ocrx_word' id='word_1_77' title='bbox 1588 2233 2002 2296; x_wconf 88' lang='lat' dir='ltr'>Guilielmum</span> <span class='ocrx_word' id='word_1_78' title='bbox 2049 2231 2395 2306; x_wconf 88' lang='lat' dir='ltr'>Fichetum,</span> <span class='ocrx_word' id='word_1_79' title='bbox 2434 2235 2820 2308; x_wconf 86' lang='lat' dir='ltr'>Sabaudum,</span> <span class='ocrx_word' id='word_1_80' title='bbox 2870 2241 3180 2297; x_wconf 86' lang='lat' dir='ltr'>rectorem</span> <span class='ocrx_word' id='word_1_81' title='bbox 3238 2234 3572 2296; x_wconf 58' lang='lat' dir='ltr'>UDiVBl‘Sl?</span> 
     </span>
    </p>
   </div>
   <div class='ocr_carea' id='block_1_16' title="bbox 317 2330 3568 2409">
    <p class='ocr_par' dir='ltr' id='par_1_16' title="bbox 317 2330 3568 2409">
     <span class='ocr_line' id='line_1_16' title="bbox 317 2330 3568 2409; baseline -0.002 -13"><span class='ocrx_word' id='word_1_82' title='bbox 317 2336 459 2396; x_wconf 87' lang='lat' dir='ltr'>tatis</span> <span class='ocrx_word' id='word_1_83' title='bbox 496 2333 890 2404; x_wconf 88' lang='lat' dir='ltr'>Parisiensis,</span> <span class='ocrx_word' id='word_1_84' title='bbox 926 2348 1124 2394; x_wconf 76' lang='lat' dir='ltr'>sacrm</span> <span class='ocrx_word' id='word_1_85' title='bbox 1159 2331 1502 2408; x_wconf 60' lang='lat' dir='ltr'>theologia;</span> <span class='ocrx_word' id='word_1_86' title='bbox 1529 2331 1883 2407; x_wconf 76' lang='lat' dir='ltr'>doctorem,</span> <span class='ocrx_word' id='word_1_87' title='bbox 1917 2344 1988 2388; x_wconf 85' lang='lat' dir='ltr'>ac</span> <span class='ocrx_word' id='word_1_88' title='bbox 2019 2330 2239 2402; x_wconf 91' lang='lat' dir='ltr'>virum,</span> <span class='ocrx_word' id='word_1_89' title='bbox 2273 2337 2342 2390; x_wconf 91' lang='lat' dir='ltr'>ut</span> <span class='ocrx_word' id='word_1_90' title='bbox 2384 2331 2574 2393; x_wconf 82' lang='lat' dir='ltr'>habet</span> <span class='ocrx_word' id='word_1_91' title='bbox 2617 2334 2949 2394; x_wconf 84' lang='lat' dir='ltr'>Rossottus</span> <span class='ocrx_word' id='word_1_92' title='bbox 2984 2332 3049 2392; x_wconf 91' lang='lat' dir='ltr'>in</span> <span class='ocrx_word' id='word_1_93' title='bbox 3094 2330 3346 2409; x_wconf 81' lang='lat' dir='ltr'>Syllaba</span> <span class='ocrx_word' id='word_1_94' title='bbox 3385 2331 3568 2392; x_wconf 81' lang='lat' dir='ltr'>Scri-</span> 
     </span>
    </p>
   </div>
   <div class='ocr_carea' id='block_1_17' title="bbox 313 2427 3572 2513">
    <p class='ocr_par' dir='ltr' id='par_1_17' title="bbox 313 2427 3572 2513">
     <span class='ocr_line' id='line_1_17' title="bbox 313 2427 3572 2513; baseline -0.002 -19"><span class='ocrx_word' id='word_1_95' title='bbox 313 2442 568 2513; x_wconf 78' lang='lat' dir='ltr'>ptorum</span> <span class='ocrx_word' id='word_1_96' title='bbox 603 2431 1065 2496; x_wconf 81' lang='lat' dir='ltr'>Sabaudorum.</span> <span class='ocrx_word' id='word_1_97' title='bbox 1100 2447 1244 2510; x_wconf 80' lang='lat' dir='ltr'>pag.</span> <span class='ocrx_word' id='word_1_98' title='bbox 1293 2428 1434 2504; x_wconf 74' lang='lat'>250,</span> <span class='ocrx_word' id='word_1_99' title='bbox 1470 2446 1763 2507; x_wconf 85' lang='lat' dir='ltr'>magnum</span> <span class='ocrx_word' id='word_1_100' title='bbox 1800 2427 2114 2498; x_wconf 79' lang='lat' dir='ltr'>doctrina,</span> <span class='ocrx_word' id='word_1_101' title='bbox 2151 2428 2506 2488; x_wconf 75' lang='lat' dir='ltr'>eruditione</span> <span class='ocrx_word' id='word_1_102' title='bbox 2554 2437 2614 2488; x_wconf 79' lang='lat' dir='ltr'>et</span> <span class='ocrx_word' id='word_1_103' title='bbox 2657 2429 3029 2507; x_wconf 80' lang='lat' dir='ltr'>prudentia,</span> <span class='ocrx_word' id='word_1_104' title='bbox 3067 2435 3134 2490; x_wconf 82' lang='lat' dir='ltr'>ut</span> <span class='ocrx_word' id='word_1_105' title='bbox 3167 2443 3266 2488; x_wconf 89' lang='lat' dir='ltr'>res</span> <span class='ocrx_word' id='word_1_106' title='bbox 3297 2427 3374 2486; x_wconf 88' lang='lat' dir='ltr'>iis</span> <span class='ocrx_word' id='word_1_107' title='bbox 3411 2441 3572 2488; x_wconf 81' lang='lat' dir='ltr'>con-</span> 
     </span>
    </p>
   </div>
   <div class='ocr_carea' id='block_1_18' title="bbox 315 2520 3566 2604">
    <p class='ocr_par' dir='ltr' id='par_1_18' title="bbox 315 2520 3566 2604">
     <span class='ocr_line' id='line_1_18' title="bbox 315 2520 3566 2604; baseline -0.003 -15"><span class='ocrx_word' id='word_1_108' title='bbox 315 2536 521 2589; x_wconf 83' lang='lat' dir='ltr'>tentes</span> <span class='ocrx_word' id='word_1_109' title='bbox 546 2527 885 2588; x_wconf 80' lang='lat' dir='ltr'>Galliarum</span> <span class='ocrx_word' id='word_1_110' title='bbox 914 2525 1046 2604; x_wconf 80' lang='lat' dir='ltr'>regi</span> <span class='ocrx_word' id='word_1_111' title='bbox 1070 2527 1342 2604; x_wconf 83' lang='lat' dir='ltr'>aliisque</span> <span class='ocrx_word' id='word_1_112' title='bbox 1372 2524 1770 2603; x_wconf 83' lang='lat' dir='ltr'>principibus</span> <span class='ocrx_word' id='word_1_113' title='bbox 1793 2520 2160 2598; x_wconf 88' lang='lat' dir='ltr'>explicaret,</span> <span class='ocrx_word' id='word_1_114' title='bbox 2187 2538 2293 2583; x_wconf 89' lang='lat' dir='ltr'>eas</span> <span class='ocrx_word' id='word_1_115' title='bbox 2320 2522 2642 2595; x_wconf 87' lang='lat' dir='ltr'>Fichetus,</span> <span class='ocrx_word' id='word_1_116' title='bbox 2670 2523 2735 2582; x_wconf 91' lang='lat' dir='ltr'>in</span> <span class='ocrx_word' id='word_1_117' title='bbox 2769 2523 2889 2585; x_wconf 91' lang='lat' dir='ltr'>hoc</span> <span class='ocrx_word' id='word_1_118' title='bbox 2912 2525 3212 2585; x_wconf 87' lang='lat' dir='ltr'>volumen</span> <span class='ocrx_word' id='word_1_119' title='bbox 3238 2521 3566 2590; x_wconf 82' lang='lat' dir='ltr'>collectas,</span> 
     </span>
    </p>
   </div>
   <div class='ocr_carea' id='block_1_19' title="bbox 318 2614 3574 2701">
    <p class='ocr_par' dir='ltr' id='par_1_19' title="bbox 318 2614 3574 2701">
     <span class='ocr_line' id='line_1_19' title="bbox 318 2614 3574 2701; baseline -0.002 -17"><span class='ocrx_word' id='word_1_120' title='bbox 318 2621 549 2684; x_wconf 87' lang='lat' dir='ltr'>obtulit</span> <span class='ocrx_word' id='word_1_121' title='bbox 580 2621 910 2682; x_wconf 70' lang='lat' dir='ltr'>Sabaudiae</span> <span class='ocrx_word' id='word_1_122' title='bbox 941 2619 1238 2690; x_wconf 89' lang='lat' dir='ltr'>Ducibus,</span> <span class='ocrx_word' id='word_1_123' title='bbox 1272 2620 1509 2700; x_wconf 90' lang='lat' dir='ltr'>scripta</span> <span class='ocrx_word' id='word_1_124' title='bbox 1547 2619 1625 2680; x_wconf 92' lang='lat' dir='ltr'>ad</span> <span class='ocrx_word' id='word_1_125' title='bbox 1658 2617 1919 2681; x_wconf 89' lang='lat' dir='ltr'>eosdem</span> <span class='ocrx_word' id='word_1_126' title='bbox 1954 2616 2247 2701; x_wconf 86' lang='lat' dir='ltr'>epistola,</span> <span class='ocrx_word' id='word_1_127' title='bbox 2285 2635 2413 2697; x_wconf 84' lang='lat' dir='ltr'>qua</span> <span class='ocrx_word' id='word_1_128' title='bbox 2450 2635 2560 2680; x_wconf 90' lang='lat' dir='ltr'>eos</span> <span class='ocrx_word' id='word_1_129' title='bbox 2598 2617 2906 2692; x_wconf 85' lang='lat' dir='ltr'>hortatur,</span> <span class='ocrx_word' id='word_1_130' title='bbox 2940 2625 3009 2680; x_wconf 88' lang='lat' dir='ltr'>ut</span> <span class='ocrx_word' id='word_1_131' title='bbox 3043 2616 3278 2680; x_wconf 91' lang='lat' dir='ltr'>bellum</span> <span class='ocrx_word' id='word_1_132' title='bbox 3327 2614 3574 2678; x_wconf 81' lang='lat' dir='ltr'>fortiter</span> 
     </span>
    </p>
   </div>
   <div class='ocr_carea' id='block_1_20' title="bbox 315 2713 3574 2798">
    <p class='ocr_par' dir='ltr' id='par_1_20' title="bbox 315 2713 3574 2798">
     <span class='ocr_line' id='line_1_20' title="bbox 315 2713 3574 2798; baseline -0.001 -21"><span class='ocrx_word' id='word_1_133' title='bbox 315 2725 672 2795; x_wconf 87' lang='lat' dir='ltr'>capessant,</span> <span class='ocrx_word' id='word_1_134' title='bbox 726 2725 916 2798; x_wconf 87' lang='lat' dir='ltr'>atque</span> <span class='ocrx_word' id='word_1_135' title='bbox 973 2717 1123 2778; x_wconf 83' lang='lat' dir='ltr'>aviti</span> <span class='ocrx_word' id='word_1_136' title='bbox 1172 2716 1531 2796; x_wconf 89' lang='lat' dir='ltr'>splendoris</span> <span class='ocrx_word' id='word_1_137' title='bbox 1560 2732 1878 2778; x_wconf 85' lang='lat' dir='ltr'>memores</span> <span class='ocrx_word' id='word_1_138' title='bbox 1915 2730 2034 2792; x_wconf 91' lang='lat' dir='ltr'>pro</span> <span class='ocrx_word' id='word_1_139' title='bbox 2071 2713 2380 2792; x_wconf 85' lang='lat' dir='ltr'>religione</span> <span class='ocrx_word' id='word_1_140' title='bbox 2430 2723 2624 2795; x_wconf 88' lang='lat' dir='ltr'>atque</span> <span class='ocrx_word' id='word_1_141' title='bbox 2682 2715 2874 2776; x_wconf 70' lang='lat' dir='ltr'>ltaliaa</span> <span class='ocrx_word' id='word_1_142' title='bbox 2927 2717 3125 2776; x_wconf 89' lang='lat' dir='ltr'>salute</span> <span class='ocrx_word' id='word_1_143' title='bbox 3172 2713 3574 2776; x_wconf 81' lang='lat' dir='ltr'>defendenda</span> 
     </span>
    </p>
   </div>
   <div class='ocr_carea' id='block_1_21' title="bbox 315 2810 3221 2894">
    <p class='ocr_par' dir='ltr' id='par_1_21' title="bbox 315 2810 3221 2894">
     <span class='ocr_line' id='line_1_21' title="bbox 315 2810 3221 2894; baseline 0.001 -21"><span class='ocrx_word' id='word_1_144' title='bbox 315 2813 478 2874; x_wconf 92' lang='lat' dir='ltr'>vires</span> <span class='ocrx_word' id='word_1_145' title='bbox 516 2829 659 2875; x_wconf 90' lang='lat' dir='ltr'>suas</span> <span class='ocrx_word' id='word_1_146' title='bbox 689 2831 1078 2893; x_wconf 84' lang='lat' dir='ltr'>Operamquc</span> <span class='ocrx_word' id='word_1_147' title='bbox 1111 2819 1435 2894; x_wconf 70' lang='lat' dir='ltr'>prtestent.</span> <span class='ocrx_word' id='word_1_148' title='bbox 1470 2817 1664 2875; x_wconf 86' lang='lat' dir='ltr'>Porro</span> <span class='ocrx_word' id='word_1_149' title='bbox 1696 2815 1908 2874; x_wconf 86' lang='lat' dir='ltr'>autem</span> <span class='ocrx_word' id='word_1_150' title='bbox 1947 2811 2344 2873; x_wconf 82' lang='lat' dir='ltr'>Bessarionis</span> <span class='ocrx_word' id='word_1_151' title='bbox 2378 2812 2647 2892; x_wconf 87' lang='lat' dir='ltr'>epistola</span> <span class='ocrx_word' id='word_1_152' title='bbox 2677 2820 2767 2874; x_wconf 91' lang='lat' dir='ltr'>est</span> <span class='ocrx_word' id='word_1_153' title='bbox 2795 2810 3166 2892; x_wconf 86' lang='lat' dir='ltr'>hujusmodi</span> <span class='ocrx_word' id='word_1_154' title='bbox 3203 2829 3221 2875; x_wconf 90' lang='lat'><strong>:</strong></span> 
     </span>
    </p>
   </div>
   <div class='ocr_carea' id='block_1_22' title="bbox 387 2951 3569 3030">
    <p class='ocr_par' dir='ltr' id='par_1_22' title="bbox 387 2951 3569 3030">
     <span class='ocr_line' id='line_1_22' title="bbox 387 2951 3569 3030; baseline -0.001 -18"><span class='ocrx_word' id='word_1_155' title='bbox 387 2956 667 3023; x_wconf 68' lang='lat' dir='ltr'>Bsssamo,</span> <span class='ocrx_word' id='word_1_156' title='bbox 689 2957 983 3030; x_wconf 87' lang='lat' dir='ltr'>episcopus</span> <span class='ocrx_word' id='word_1_157' title='bbox 1011 2957 1354 3026; x_wconf 85' lang='lat' dir='ltr'>Sabinensis,</span> <span class='ocrx_word' id='word_1_158' title='bbox 1389 2957 1689 3014; x_wconf 85' lang='lat' dir='ltr'>eardinalis</span> <span class='ocrx_word' id='word_1_159' title='bbox 1716 2957 1893 3014; x_wconf 66' lang='lat' dir='ltr'>Nicae-</span> <span class='ocrx_word' id='word_1_160' title='bbox 1919 2965 1970 3026; x_wconf 67' lang='grc' dir='ltr'>Α</span> <span class='ocrx_word' id='word_1_161' title='bbox 1999 2954 2266 3010; x_wconf 88' lang='lat' dir='ltr'>orationis</span> <span class='ocrx_word' id='word_1_162' title='bbox 2323 2954 2431 3008; x_wconf 74' lang='lat' dir='ltr'>vim</span> <span class='ocrx_word' id='word_1_163' title='bbox 2490 2969 2553 3008; x_wconf 85' lang='lat' dir='ltr'>ac</span> <span class='ocrx_word' id='word_1_164' title='bbox 2593 2953 2963 3021; x_wconf 67' lang='lat' dir='ltr'>prmstantiam</span> <span class='ocrx_word' id='word_1_165' title='bbox 3021 2951 3369 3019; x_wconf 89' lang='lat' dir='ltr'>desideretis,</span> <span class='ocrx_word' id='word_1_166' title='bbox 3407 2970 3569 3024; x_wconf 86' lang='lat' dir='ltr'>quam</span> 
     </span>
    </p>
   </div>
   <div class='ocr_carea' id='block_1_23' title="bbox 314 3047 1892 3120">
    <p class='ocr_par' dir='ltr' id='par_1_23' title="bbox 314 3047 1892 3120">
     <span class='ocr_line' id='line_1_23' title="bbox 314 3047 1892 3120; baseline -0.001 -16"><span class='ocrx_word' id='word_1_167' title='bbox 314 3065 444 3114; x_wconf 88' lang='lat' dir='ltr'>nus,</span> <span class='ocrx_word' id='word_1_168' title='bbox 477 3049 787 3120; x_wconf 83' lang='lat' dir='ltr'>patriarcha</span> <span class='ocrx_word' id='word_1_169' title='bbox 821 3048 1483 3119; x_wconf 80' lang='lat' dir='ltr'>Constantinopolitanus,</span> <span class='ocrx_word' id='word_1_170' title='bbox 1508 3047 1811 3104; x_wconf 84' lang='lat' dir='ltr'>reverendo</span> <span class='ocrx_word' id='word_1_171' title='bbox 1836 3058 1892 3103; x_wconf 89' lang='lat' dir='ltr'>et</span> 
     </span>
    </p>
   </div>
   <div class='ocr_carea' id='block_1_24' title="bbox 315 3139 1892 3210">
    <p class='ocr_par' dir='ltr' id='par_1_24' title="bbox 315 3139 1892 3210">
     <span class='ocr_line' id='line_1_24' title="bbox 315 3139 1892 3210; baseline -0.001 -15"><span class='ocrx_word' id='word_1_172' title='bbox 315 3140 635 3196; x_wconf 87' lang='lat' dir='ltr'>doetissimo</span> <span class='ocrx_word' id='word_1_173' title='bbox 676 3141 819 3210; x_wconf 86' lang='lat' dir='ltr'>patri</span> <span class='ocrx_word' id='word_1_174' title='bbox 868 3143 1129 3210; x_wconf 80' lang='lat' dir='ltr'>magistro</span> <span class='ocrx_word' id='word_1_175' title='bbox 1171 3139 1477 3195; x_wconf 89' lang='lat' dir='ltr'>Guillermo</span> <span class='ocrx_word' id='word_1_176' title='bbox 1507 3139 1765 3204; x_wconf 76' lang='lat' dir='ltr'>FICHETO,</span> <span class='ocrx_word' id='word_1_177' title='bbox 1803 3154 1892 3193; x_wconf 81' lang='lat' dir='ltr'>sa-</span> 
     </span>
    </p>
   </div>
   <div class='ocr_carea' id='block_1_25' title="bbox 312 3229 1890 3303">
    <p class='ocr_par' dir='ltr' id='par_1_25' title="bbox 312 3229 1890 3303">
     <span class='ocr_line' id='line_1_25' title="bbox 312 3229 1890 3303; baseline -0.001 -16"><span class='ocrx_word' id='word_1_178' title='bbox 312 3248 422 3287; x_wconf 68' lang='lat' dir='ltr'>crae</span> <span class='ocrx_word' id='word_1_179' title='bbox 455 3234 740 3302; x_wconf 61' lang='lat' dir='ltr'>theologia!</span> <span class='ocrx_word' id='word_1_180' title='bbox 768 3233 1070 3303; x_wconf 80' lang='lat' dir='ltr'>professori</span> <span class='ocrx_word' id='word_1_181' title='bbox 1097 3233 1153 3286; x_wconf 91' lang='lat' dir='ltr'>in</span> <span class='ocrx_word' id='word_1_182' title='bbox 1186 3232 1416 3302; x_wconf 83' lang='lat' dir='ltr'>collegio</span> <span class='ocrx_word' id='word_1_183' title='bbox 1447 3229 1709 3286; x_wconf 75' lang='lat' dir='ltr'>Sorbona:</span> <span class='ocrx_word' id='word_1_184' title='bbox 1740 3231 1890 3286; x_wconf 84' lang='lat' dir='ltr'>Pari-</span> 
     </span>
    </p>
   </div>
   <div class='ocr_carea' id='block_1_26' title="bbox 310 3324 1206 3386">
    <p class='ocr_par' dir='ltr' id='par_1_26' title="bbox 310 3324 1206 3386">
     <span class='ocr_line' id='line_1_26' title="bbox 310 3324 1206 3386; baseline -0.002 -8"><span class='ocrx_word' id='word_1_185' title='bbox 310 3324 404 3386; x_wconf 86' lang='lat' dir='ltr'>sii,</span> <span class='ocrx_word' id='word_1_186' title='bbox 437 3325 615 3379; x_wconf 91' lang='lat' dir='ltr'>amico</span> <span class='ocrx_word' id='word_1_187' title='bbox 645 3333 834 3379; x_wconf 89' lang='lat' dir='ltr'>nostro</span> <span class='ocrx_word' id='word_1_188' title='bbox 858 3325 1206 3380; x_wconf 83' lang='lat' dir='ltr'>charissimo.</span> 
     </span>
    </p>
   </div>
   <div class='ocr_carea' id='block_1_27' title="bbox 387 3415 1890 3482">
    <p class='ocr_par' dir='ltr' id='par_1_27' title="bbox 387 3415 1890 3482">
     <span class='ocr_line' id='line_1_27' title="bbox 387 3415 1890 3482; baseline -0.003 -10"><span class='ocrx_word' id='word_1_189' title='bbox 387 3418 706 3475; x_wconf 81' lang='lat' dir='ltr'>Reverendc</span> <span class='ocrx_word' id='word_1_190' title='bbox 755 3428 814 3472; x_wconf 91' lang='lat' dir='ltr'>et</span> <span class='ocrx_word' id='word_1_191' title='bbox 859 3417 1179 3472; x_wconf 85' lang='lat' dir='ltr'>doctissime</span> <span class='ocrx_word' id='word_1_192' title='bbox 1231 3415 1415 3482; x_wconf 85' lang='lat' dir='ltr'>Pater,</span> <span class='ocrx_word' id='word_1_193' title='bbox 1467 3415 1644 3471; x_wconf 88' lang='lat' dir='ltr'>amice</span> <span class='ocrx_word' id='word_1_194' title='bbox 1701 3424 1890 3470; x_wconf 89' lang='lat' dir='ltr'>noster</span> 
     </span>
    </p>
   </div>
   <div class='ocr_carea' id='block_1_28' title="bbox 309 3506 1886 3575">
    <p class='ocr_par' dir='ltr' id='par_1_28' title="bbox 309 3506 1886 3575">
     <span class='ocr_line' id='line_1_28' title="bbox 309 3506 1886 3575; baseline -0.001 -13"><span class='ocrx_word' id='word_1_195' title='bbox 309 3508 660 3573; x_wconf 83' lang='lat' dir='ltr'>charissime,</span> <span class='ocrx_word' id='word_1_196' title='bbox 688 3507 945 3562; x_wconf 85' lang='lat' dir='ltr'>audimus</span> <span class='ocrx_word' id='word_1_197' title='bbox 976 3522 1084 3561; x_wconf 90' lang='lat' dir='ltr'>non</span> <span class='ocrx_word' id='word_1_198' title='bbox 1129 3506 1309 3561; x_wconf 88' lang='lat' dir='ltr'>solum</span> <span class='ocrx_word' id='word_1_199' title='bbox 1357 3506 1410 3559; x_wconf 92' lang='lat' dir='ltr'>in</span> <span class='ocrx_word' id='word_1_200' title='bbox 1457 3506 1803 3575; x_wconf 79' lang='lat' dir='ltr'>philosophia</span> <span class='ocrx_word' id='word_1_201' title='bbox 1833 3518 1886 3561; x_wconf 89' lang='lat' dir='ltr'>et</span> 
     </span>
    </p>
   </div>
   <div class='ocr_carea' id='block_1_29' title="bbox 309 3596 1885 3668">
    <p class='ocr_par' dir='ltr' id='par_1_29' title="bbox 309 3596 1885 3668">
     <span class='ocr_line' id='line_1_29' title="bbox 309 3596 1885 3668; baseline -0.001 -17"><span class='ocrx_word' id='word_1_202' title='bbox 309 3612 596 3651; x_wconf 86' lang='lat' dir='ltr'>sacrarum</span> <span class='ocrx_word' id='word_1_203' title='bbox 635 3597 945 3651; x_wconf 89' lang='lat' dir='ltr'>litterarum</span> <span class='ocrx_word' id='word_1_204' title='bbox 977 3600 1293 3668; x_wconf 76' lang='lat' dir='ltr'>cognitione</span> <span class='ocrx_word' id='word_1_205' title='bbox 1326 3615 1424 3655; x_wconf 85' lang='lat' dir='ltr'>vos</span> <span class='ocrx_word' id='word_1_206' title='bbox 1445 3601 1751 3660; x_wconf 89' lang='lat' dir='ltr'>elaborare,</span> <span class='ocrx_word' id='word_1_207' title='bbox 1789 3596 1885 3650; x_wconf 89' lang='lat' dir='ltr'>sed</span> 
     </span>
    </p>
   </div>
   <div class='ocr_carea' id='block_1_30' title="bbox 307 3690 1883 3762">
    <p class='ocr_par' dir='ltr' id='par_1_30' title="bbox 307 3690 1883 3762">
     <span class='ocr_line' id='line_1_30' title="bbox 307 3690 1883 3762; baseline 0.001 -17"><span class='ocrx_word' id='word_1_208' title='bbox 307 3690 478 3745; x_wconf 76' lang='lat' dir='ltr'>etiam</span> <span class='ocrx_word' id='word_1_209' title='bbox 520 3690 575 3744; x_wconf 90' lang='lat' dir='ltr'>in</span> <span class='ocrx_word' id='word_1_210' title='bbox 609 3690 943 3759; x_wconf 66' lang='lat' dir='ltr'>eloquentiae</span> <span class='ocrx_word' id='word_1_211' title='bbox 973 3692 1173 3746; x_wconf 86' lang='lat' dir='ltr'>studiis</span> <span class='ocrx_word' id='word_1_212' title='bbox 1198 3693 1526 3762; x_wconf 87' lang='lat' dir='ltr'>dicendique</span> <span class='ocrx_word' id='word_1_213' title='bbox 1559 3693 1770 3747; x_wconf 87' lang='lat' dir='ltr'>ratione</span> <span class='ocrx_word' id='word_1_214' title='bbox 1794 3693 1883 3746; x_wconf 83' lang='lat' dir='ltr'>diu</span> 
     </span>
    </p>
   </div>
   <div class='ocr_carea' id='block_1_31' title="bbox 310 3781 1885 3853">
    <p class='ocr_par' dir='ltr' id='par_1_31' title="bbox 310 3781 1885 3853">
     <span class='ocr_line' id='line_1_31' title="bbox 310 3781 1885 3853; baseline 0.003 -20"><span class='ocrx_word' id='word_1_215' title='bbox 310 3791 587 3846; x_wconf 79' lang='lat' dir='ltr'>versatos,</span> <span class='ocrx_word' id='word_1_216' title='bbox 618 3797 791 3850; x_wconf 86' lang='lat' dir='ltr'>caque</span> <span class='ocrx_word' id='word_1_217' title='bbox 826 3781 1061 3838; x_wconf 86' lang='lat' dir='ltr'>mirilice</span> <span class='ocrx_word' id='word_1_218' title='bbox 1095 3783 1410 3838; x_wconf 84' lang='lat' dir='ltr'>delectatos.</span> <span class='ocrx_word' id='word_1_219' title='bbox 1446 3785 1567 3849; x_wconf 89' lang='lat' dir='ltr'>Quo</span> <span class='ocrx_word' id='word_1_220' title='bbox 1599 3785 1652 3838; x_wconf 91' lang='lat' dir='ltr'>in</span> <span class='ocrx_word' id='word_1_221' title='bbox 1684 3799 1885 3853; x_wconf 84' lang='lat' dir='ltr'>genere</span> 
     </span>
    </p>
   </div>
   <div class='ocr_carea' id='block_1_32' title="bbox 307 3871 1885 3943">
    <p class='ocr_par' dir='ltr' id='par_1_32' title="bbox 307 3871 1885 3943">
     <span class='ocr_line' id='line_1_32' title="bbox 307 3871 1885 3943; baseline -0.003 -15"><span class='ocrx_word' id='word_1_222' title='bbox 307 3873 415 3940; x_wconf 85' lang='lat' dir='ltr'>etsi</span> <span class='ocrx_word' id='word_1_223' title='bbox 445 3873 580 3925; x_wconf 89' lang='lat' dir='ltr'>nihil</span> <span class='ocrx_word' id='word_1_224' title='bbox 620 3873 890 3928; x_wconf 84' lang='lat' dir='ltr'>habemus</span> <span class='ocrx_word' id='word_1_225' title='bbox 913 3873 1058 3937; x_wconf 86' lang='lat' dir='ltr'>quod</span> <span class='ocrx_word' id='word_1_226' title='bbox 1095 3887 1426 3943; x_wconf 75' lang='lat' dir='ltr'>magnopere</span> <span class='ocrx_word' id='word_1_227' title='bbox 1457 3887 1660 3942; x_wconf 89' lang='lat' dir='ltr'>cupere</span> <span class='ocrx_word' id='word_1_228' title='bbox 1684 3871 1885 3926; x_wconf 88' lang='lat' dir='ltr'>debea-</span> 
     </span>
    </p>
   </div>
   <div class='ocr_carea' id='block_1_33' title="bbox 312 3964 1882 4032">
    <p class='ocr_par' dir='ltr' id='par_1_33' title="bbox 312 3964 1882 4032">
     <span class='ocr_line' id='line_1_33' title="bbox 312 3964 1882 4032; baseline 0 -15"><span class='ocrx_word' id='word_1_229' title='bbox 312 3964 406 4030; x_wconf 90' lang='lat' dir='ltr'>tis,</span> <span class='ocrx_word' id='word_1_230' title='bbox 461 3973 642 4019; x_wconf 87' lang='lat' dir='ltr'>tamen</span> <span class='ocrx_word' id='word_1_231' title='bbox 696 3966 915 4019; x_wconf 87' lang='lat' dir='ltr'>mittere</span> <span class='ocrx_word' id='word_1_232' title='bbox 959 3965 1259 4019; x_wconf 83' lang='lat' dir='ltr'>statuimus</span> <span class='ocrx_word' id='word_1_233' title='bbox 1297 3965 1578 4018; x_wconf 88' lang='lat' dir='ltr'>orationes</span> <span class='ocrx_word' id='word_1_234' title='bbox 1620 3964 1882 4032; x_wconf 85' lang='lat' dir='ltr'>quasdam</span> 
     </span>
    </p>
   </div>
   <div class='ocr_carea' id='block_1_34' title="bbox 309 4051 1886 4124">
    <p class='ocr_par' dir='ltr' id='par_1_34' title="bbox 309 4051 1886 4124">
     <span class='ocr_line' id='line_1_34' title="bbox 309 4051 1886 4124; baseline 0 -18"><span class='ocrx_word' id='word_1_235' title='bbox 309 4055 416 4107; x_wconf 91' lang='lat' dir='ltr'>hoc</span> <span class='ocrx_word' id='word_1_236' title='bbox 452 4063 699 4124; x_wconf 88' lang='lat' dir='ltr'>tempore</span> <span class='ocrx_word' id='word_1_237' title='bbox 749 4068 779 4106; x_wconf 90' lang='lat' dir='ltr'>a</span> <span class='ocrx_word' id='word_1_238' title='bbox 827 4053 989 4107; x_wconf 87' lang='lat' dir='ltr'>nobis</span> <span class='ocrx_word' id='word_1_239' title='bbox 1037 4052 1218 4108; x_wconf 83' lang='lat' dir='ltr'>editas</span> <span class='ocrx_word' id='word_1_240' title='bbox 1246 4067 1344 4121; x_wconf 84' lang='lat' dir='ltr'>pro</span> <span class='ocrx_word' id='word_1_241' title='bbox 1375 4052 1718 4122; x_wconf 81' lang='lat' dir='ltr'>gravissimis</span> <span class='ocrx_word' id='word_1_242' title='bbox 1741 4051 1886 4123; x_wconf 87' lang='lat' dir='ltr'>peri-</span> 
     </span>
    </p>
   </div>
   <div class='ocr_carea' id='block_1_35' title="bbox 309 4140 1880 4213">
    <p class='ocr_par' dir='ltr' id='par_1_35' title="bbox 309 4140 1880 4213">
     <span class='ocr_line' id='line_1_35' title="bbox 309 4140 1880 4213; baseline -0.001 -15"><span class='ocrx_word' id='word_1_243' title='bbox 309 4145 450 4198; x_wconf 83' lang='lat' dir='ltr'>culis</span> <span class='ocrx_word' id='word_1_244' title='bbox 477 4160 598 4213; x_wconf 77' lang='lat' dir='ltr'>qua:</span> <span class='ocrx_word' id='word_1_245' title='bbox 619 4144 786 4198; x_wconf 67' lang='lat' dir='ltr'>Italia:</span> <span class='ocrx_word' id='word_1_246' title='bbox 805 4142 1240 4212; x_wconf 86' lang='lat' dir='ltr'>Christianisque</span> <span class='ocrx_word' id='word_1_247' title='bbox 1269 4140 1526 4197; x_wconf 79' lang='lat' dir='ltr'>o&#39;nmibus</span> <span class='ocrx_word' id='word_1_248' title='bbox 1551 4143 1840 4198; x_wconf 88' lang='lat' dir='ltr'>imminent</span> <span class='ocrx_word' id='word_1_249' title='bbox 1865 4159 1880 4196; x_wconf 87' lang='lat'>:</span> 
     </span>
    </p>
   </div>
   <div class='ocr_carea' id='block_1_36' title="bbox 307 4233 1881 4305">
    <p class='ocr_par' dir='ltr' id='par_1_36' title="bbox 307 4233 1881 4305">
     <span class='ocr_line' id='line_1_36' title="bbox 307 4233 1881 4305; baseline -0.002 -16"><span class='ocrx_word' id='word_1_250' title='bbox 307 4251 421 4290; x_wconf 84' lang='lat' dir='ltr'>non</span> <span class='ocrx_word' id='word_1_251' title='bbox 459 4235 632 4305; x_wconf 81' lang='lat' dir='ltr'>magis</span> <span class='ocrx_word' id='word_1_252' title='bbox 671 4234 894 4305; x_wconf 82' lang='lat' dir='ltr'>quidem</span> <span class='ocrx_word' id='word_1_253' title='bbox 930 4243 988 4289; x_wconf 91' lang='lat' dir='ltr'>ut</span> <span class='ocrx_word' id='word_1_254' title='bbox 1043 4234 1125 4288; x_wconf 83' lang='lat' dir='ltr'>vel</span> <span class='ocrx_word' id='word_1_255' title='bbox 1168 4234 1440 4289; x_wconf 88' lang='lat' dir='ltr'>sermonis</span> <span class='ocrx_word' id='word_1_256' title='bbox 1473 4233 1764 4303; x_wconf 87' lang='lat' dir='ltr'>puritatem</span> <span class='ocrx_word' id='word_1_257' title='bbox 1799 4233 1881 4286; x_wconf 83' lang='lat' dir='ltr'>vel</span> 
     </span>
    </p>
   </div>
   <div class='ocr_carea' id='block_1_37' title="bbox 1997 3045 3574 3117">
    <p class='ocr_par' dir='ltr' id='par_1_37' title="bbox 1997 3045 3574 3117">
     <span class='ocr_line' id='line_1_37' title="bbox 1997 3045 3574 3117; baseline 0.001 -14"><span class='ocrx_word' id='word_1_258' title='bbox 1997 3057 2058 3103; x_wconf 89' lang='lat' dir='ltr'>ut</span> <span class='ocrx_word' id='word_1_259' title='bbox 2096 3047 2414 3117; x_wconf 82' lang='lat' dir='ltr'>iutelligatis</span> <span class='ocrx_word' id='word_1_260' title='bbox 2457 3055 2663 3116; x_wconf 88' lang='lat' dir='ltr'>quanta</span> <span class='ocrx_word' id='word_1_261' title='bbox 2716 3046 2980 3100; x_wconf 90' lang='lat' dir='ltr'>malorum</span> <span class='ocrx_word' id='word_1_262' title='bbox 3030 3045 3268 3116; x_wconf 86' lang='lat' dir='ltr'>procella</span> <span class='ocrx_word' id='word_1_263' title='bbox 3315 3048 3376 3101; x_wconf 29' lang='lat' dir='ltr'>in.</span> <span class='ocrx_word' id='word_1_264' title='bbox 3413 3046 3574 3104; x_wconf 84' lang='lat' dir='ltr'>Chri-</span> 
     </span>
    </p>
   </div>
   <div class='ocr_carea' id='block_1_38' title="bbox 1995 3139 3572 3211">
    <p class='ocr_par' dir='ltr' id='par_1_38' title="bbox 1995 3139 3572 3211">
     <span class='ocr_line' id='line_1_38' title="bbox 1995 3139 3572 3211; baseline -0.001 -16"><span class='ocrx_word' id='word_1_265' title='bbox 1995 3139 2185 3196; x_wconf 76' lang='lat' dir='ltr'>stiana:</span> <span class='ocrx_word' id='word_1_266' title='bbox 2245 3139 2564 3211; x_wconf 80' lang='lat' dir='ltr'>reipublica:</span> <span class='ocrx_word' id='word_1_267' title='bbox 2615 3140 2792 3209; x_wconf 84' lang='lat' dir='ltr'>capita</span> <span class='ocrx_word' id='word_1_268' title='bbox 2847 3147 2902 3194; x_wconf 92' lang='lat' dir='ltr'>et</span> <span class='ocrx_word' id='word_1_269' title='bbox 2957 3139 3210 3194; x_wconf 81' lang='lat' dir='ltr'>fortunas</span> <span class='ocrx_word' id='word_1_270' title='bbox 3269 3141 3572 3211; x_wconf 81' lang='lat' dir='ltr'>impendet,</span> 
     </span>
    </p>
   </div>
   <div class='ocr_carea' id='block_1_39' title="bbox 1994 3230 3572 3304">
    <p class='ocr_par' dir='ltr' id='par_1_39' title="bbox 1994 3230 3572 3304">
     <span class='ocr_line' id='line_1_39' title="bbox 1994 3230 3572 3304; baseline 0.002 -19"><span class='ocrx_word' id='word_1_271' title='bbox 1994 3246 2222 3301; x_wconf 82' lang='lat' dir='ltr'>remque</span> <span class='ocrx_word' id='word_1_272' title='bbox 2277 3240 2334 3286; x_wconf 89' lang='lat' dir='ltr'>et</span> <span class='ocrx_word' id='word_1_273' title='bbox 2390 3231 2536 3300; x_wconf 88' lang='lat' dir='ltr'>apud</span> <span class='ocrx_word' id='word_1_274' title='bbox 2598 3230 3014 3304; x_wconf 82' lang='lat' dir='ltr'>serenissimum</span> <span class='ocrx_word' id='word_1_275' title='bbox 3077 3247 3257 3304; x_wconf 70' lang='lat' dir='ltr'>regem</span> <span class='ocrx_word' id='word_1_276' title='bbox 3320 3242 3379 3288; x_wconf 86' lang='lat' dir='ltr'>et</span> <span class='ocrx_word' id='word_1_277' title='bbox 3430 3234 3572 3304; x_wconf 88' lang='lat' dir='ltr'>apud</span> 
     </span>
    </p>
   </div>
   <div class='ocr_carea' id='block_1_40' title="bbox 1991 3322 3576 3396">
    <p class='ocr_par' dir='ltr' id='par_1_40' title="bbox 1991 3322 3576 3396">
     <span class='ocr_line' id='line_1_40' title="bbox 1991 3322 3576 3396; baseline 0.003 -20"><span class='ocrx_word' id='word_1_278' title='bbox 1991 3322 2129 3376; x_wconf 91' lang='lat' dir='ltr'>alios</span> <span class='ocrx_word' id='word_1_279' title='bbox 2164 3323 2257 3396; x_wconf 85' lang='lat' dir='ltr'>qui</span> <span class='ocrx_word' id='word_1_280' title='bbox 2292 3338 2454 3392; x_wconf 90' lang='lat' dir='ltr'>opem</span> <span class='ocrx_word' id='word_1_281' title='bbox 2506 3325 2580 3377; x_wconf 85' lang='lat' dir='ltr'>ita</span> <span class='ocrx_word' id='word_1_282' title='bbox 2632 3322 2866 3378; x_wconf 79' lang='lat' dir='ltr'>maxime</span> <span class='ocrx_word' id='word_1_283' title='bbox 2916 3323 3062 3378; x_wconf 76' lang='lat' dir='ltr'>ferre</span> <span class='ocrx_word' id='word_1_284' title='bbox 3091 3325 3314 3386; x_wconf 87' lang='lat' dir='ltr'>debent.</span> <span class='ocrx_word' id='word_1_285' title='bbox 3356 3336 3416 3380; x_wconf 91' lang='lat' dir='ltr'>ut</span> <span class='ocrx_word' id='word_1_286' title='bbox 3449 3341 3576 3396; x_wconf 82' lang='lat' dir='ltr'>pos-</span> 
     </span>
    </p>
   </div>
   <div class='ocr_carea' id='block_1_41' title="bbox 1991 3414 3572 3488">
    <p class='ocr_par' dir='ltr' id='par_1_41' title="bbox 1991 3414 3572 3488">
     <span class='ocr_line' id='line_1_41' title="bbox 1991 3414 3572 3488; baseline 0.003 -20"><span class='ocrx_word' id='word_1_287' title='bbox 1991 3423 2154 3479; x_wconf 86' lang='lat' dir='ltr'>sunt,</span> <span class='ocrx_word' id='word_1_288' title='bbox 2229 3414 2518 3484; x_wconf 77' lang='lat' dir='ltr'>explicetis</span> <span class='ocrx_word' id='word_1_289' title='bbox 2581 3423 2751 3469; x_wconf 90' lang='lat' dir='ltr'>totam</span> <span class='ocrx_word' id='word_1_290' title='bbox 2811 3429 2877 3469; x_wconf 86' lang='lat' dir='ltr'>ac</span> <span class='ocrx_word' id='word_1_291' title='bbox 2927 3417 3306 3485; x_wconf 86' lang='lat' dir='ltr'>persuadeatis</span> <span class='ocrx_word' id='word_1_292' title='bbox 3354 3437 3368 3471; x_wconf 87' lang='lat'><strong>:</strong></span> <span class='ocrx_word' id='word_1_293' title='bbox 3423 3419 3572 3488; x_wconf 89' lang='lat' dir='ltr'>quod</span> 
     </span>
    </p>
   </div>
   <div class='ocr_carea' id='block_1_42' title="bbox 1987 3505 3571 3576">
    <p class='ocr_par' dir='ltr' id='par_1_42' title="bbox 1987 3505 3571 3576">
     <span class='ocr_line' id='line_1_42' title="bbox 1987 3505 3571 3576; baseline 0.004 -20"><span class='ocrx_word' id='word_1_294' title='bbox 1987 3506 2172 3574; x_wconf 78' lang='lat' dir='ltr'>potius</span> <span class='ocrx_word' id='word_1_295' title='bbox 2207 3505 2470 3560; x_wconf 87' lang='lat' dir='ltr'>acerbum</span> <span class='ocrx_word' id='word_1_296' title='bbox 2497 3514 2604 3572; x_wconf 89' lang='lat' dir='ltr'>est,</span> <span class='ocrx_word' id='word_1_297' title='bbox 2625 3521 2789 3576; x_wconf 82' lang='lat' dir='ltr'>quant</span> <span class='ocrx_word' id='word_1_298' title='bbox 2815 3505 3131 3572; x_wconf 77' lang='lat' dir='ltr'>obscurum,</span> <span class='ocrx_word' id='word_1_299' title='bbox 3185 3522 3292 3562; x_wconf 92' lang='lat' dir='ltr'>non</span> <span class='ocrx_word' id='word_1_300' title='bbox 3338 3523 3571 3565; x_wconf 76' lang='lat' dir='ltr'>exarsu-</span> 
     </span>
    </p>
   </div>
   <div class='ocr_carea' id='block_1_43' title="bbox 1990 3596 3572 3668">
    <p class='ocr_par' dir='ltr' id='par_1_43' title="bbox 1990 3596 3572 3668">
     <span class='ocr_line' id='line_1_43' title="bbox 1990 3596 3572 3668; baseline 0.004 -20"><span class='ocrx_word' id='word_1_301' title='bbox 1990 3611 2110 3648; x_wconf 83' lang='lat' dir='ltr'>ram</span> <span class='ocrx_word' id='word_1_302' title='bbox 2145 3596 2351 3650; x_wconf 86' lang='lat' dir='ltr'>Italiam</span> <span class='ocrx_word' id='word_1_303' title='bbox 2394 3597 2560 3652; x_wconf 90' lang='lat' dir='ltr'>tantis</span> <span class='ocrx_word' id='word_1_304' title='bbox 2606 3598 2874 3654; x_wconf 80' lang='lat' dir='ltr'>malordm</span> <span class='ocrx_word' id='word_1_305' title='bbox 2913 3597 3208 3657; x_wconf 82' lang='lat' dir='ltr'>incendiis.</span> <span class='ocrx_word' id='word_1_306' title='bbox 3239 3599 3373 3668; x_wconf 89' lang='lat' dir='ltr'>quin</span> <span class='ocrx_word' id='word_1_307' title='bbox 3413 3599 3572 3654; x_wconf 82' lang='lat' dir='ltr'>ﬂatu-</span> 
     </span>
    </p>
   </div>
   <div class='ocr_carea' id='block_1_44' title="bbox 1991 3688 3570 3762">
    <p class='ocr_par' dir='ltr' id='par_1_44' title="bbox 1991 3688 3570 3762">
     <span class='ocr_line' id='line_1_44' title="bbox 1991 3688 3570 3762; baseline 0.006 -23"><span class='ocrx_word' id='word_1_308' title='bbox 1991 3703 2202 3741; x_wconf 87' lang='lat' dir='ltr'>marum</span> <span class='ocrx_word' id='word_1_309' title='bbox 2255 3688 2447 3758; x_wconf 78' lang='lat' dir='ltr'>globos</span> <span class='ocrx_word' id='word_1_310' title='bbox 2508 3691 2728 3760; x_wconf 78' lang='lat' dir='ltr'>longius</span> <span class='ocrx_word' id='word_1_311' title='bbox 2778 3702 3020 3746; x_wconf 89' lang='lat' dir='ltr'>evomat.</span> <span class='ocrx_word' id='word_1_312' title='bbox 3081 3690 3137 3746; x_wconf 91' lang='lat' dir='ltr'>ld</span> <span class='ocrx_word' id='word_1_313' title='bbox 3193 3706 3264 3746; x_wconf 87' lang='lat' dir='ltr'>ne</span> <span class='ocrx_word' id='word_1_314' title='bbox 3333 3693 3570 3762; x_wconf 66' lang='lat' dir='ltr'>accidat,</span> 
     </span>
    </p>
   </div>
   <div class='ocr_carea' id='block_1_45' title="bbox 1988 3783 3569 3853">
    <p class='ocr_par' dir='ltr' id='par_1_45' title="bbox 1988 3783 3569 3853">
     <span class='ocr_line' id='line_1_45' title="bbox 1988 3783 3569 3853; baseline 0.004 -21"><span class='ocrx_word' id='word_1_315' title='bbox 1988 3793 2114 3832; x_wconf 85' lang='lat' dir='ltr'>cum</span> <span class='ocrx_word' id='word_1_316' title='bbox 2179 3794 2476 3850; x_wconf 81' lang='lat' dir='ltr'>regnorum</span> <span class='ocrx_word' id='word_1_317' title='bbox 2543 3784 2789 3837; x_wconf 89' lang='lat' dir='ltr'>omnium</span> <span class='ocrx_word' id='word_1_318' title='bbox 2857 3799 3022 3839; x_wconf 85' lang='lat' dir='ltr'>causa</span> <span class='ocrx_word' id='word_1_319' title='bbox 3088 3793 3276 3853; x_wconf 81' lang='lat' dir='ltr'>aptare</span> <span class='ocrx_word' id='word_1_320' title='bbox 3343 3783 3569 3850; x_wconf 88' lang='lat' dir='ltr'>debent,</span> 
     </span>
    </p>
   </div>
   <div class='ocr_carea' id='block_1_46' title="bbox 1987 3869 3570 3946">
    <p class='ocr_par' dir='ltr' id='par_1_46' title="bbox 1987 3869 3570 3946">
     <span class='ocr_line' id='line_1_46' title="bbox 1987 3869 3570 3946; baseline 0.006 -25"><span class='ocrx_word' id='word_1_321' title='bbox 1987 3883 2221 3936; x_wconf 88' lang='lat' dir='ltr'>quorum</span> <span class='ocrx_word' id='word_1_322' title='bbox 2247 3869 2394 3924; x_wconf 89' lang='lat' dir='ltr'>salus</span> <span class='ocrx_word' id='word_1_323' title='bbox 2424 3872 2480 3924; x_wconf 89' lang='lat' dir='ltr'>in</span> <span class='ocrx_word' id='word_1_324' title='bbox 2513 3871 2810 3927; x_wconf 81' lang='lat' dir='ltr'>discrimen</span> <span class='ocrx_word' id='word_1_325' title='bbox 2839 3874 3151 3938; x_wconf 85' lang='lat' dir='ltr'>adducitur,</span> <span class='ocrx_word' id='word_1_326' title='bbox 3193 3883 3308 3929; x_wconf 91' lang='lat' dir='ltr'>tum</span> <span class='ocrx_word' id='word_1_327' title='bbox 3341 3886 3570 3946; x_wconf 87' lang='lat' dir='ltr'>propter</span> 
     </span>
    </p>
   </div>
   <div class='ocr_carea' id='block_1_47' title="bbox 1987 3959 3570 4035">
    <p class='ocr_par' dir='ltr' id='par_1_47' title="bbox 1987 3959 3570 4035">
     <span class='ocr_line' id='line_1_47' title="bbox 1987 3959 3570 4035; baseline 0.006 -22"><span class='ocrx_word' id='word_1_328' title='bbox 1987 3959 2352 4014; x_wconf 87' lang='lat' dir='ltr'>immortalem</span> <span class='ocrx_word' id='word_1_329' title='bbox 2388 3963 2560 4016; x_wconf 87' lang='lat' dir='ltr'>Deum</span> <span class='ocrx_word' id='word_1_330' title='bbox 2594 3964 2750 4033; x_wconf 86' lang='lat' dir='ltr'>cujus</span> <span class='ocrx_word' id='word_1_331' title='bbox 2794 3966 2986 4035; x_wconf 80' lang='lat' dir='ltr'>religio</span> <span class='ocrx_word' id='word_1_332' title='bbox 3015 3968 3367 4023; x_wconf 84' lang='lat' dir='ltr'>sanctissima</span> <span class='ocrx_word' id='word_1_333' title='bbox 3405 3985 3570 4024; x_wconf 79' lang='lat' dir='ltr'>vexa-</span> 
     </span>
    </p>
   </div>
   <div class='ocr_carea' id='block_1_48' title="bbox 1990 4055 3568 4130">
    <p class='ocr_par' dir='ltr' id='par_1_48' title="bbox 1990 4055 3568 4130">
     <span class='ocr_line' id='line_1_48' title="bbox 1990 4055 3568 4130; baseline 0.006 -24"><span class='ocrx_word' id='word_1_334' title='bbox 1990 4061 2078 4106; x_wconf 87' lang='lat' dir='ltr'>tur</span> <span class='ocrx_word' id='word_1_335' title='bbox 2106 4068 2169 4106; x_wconf 90' lang='lat' dir='ltr'>ac</span> <span class='ocrx_word' id='word_1_336' title='bbox 2199 4055 2440 4108; x_wconf 89' lang='lat' dir='ltr'>trahitur</span> <span class='ocrx_word' id='word_1_337' title='bbox 2467 4057 2531 4110; x_wconf 89' lang='lat' dir='ltr'>ad</span> <span class='ocrx_word' id='word_1_338' title='bbox 2559 4057 2864 4126; x_wconf 87' lang='lat' dir='ltr'>interitum,</span> <span class='ocrx_word' id='word_1_339' title='bbox 2901 4075 3092 4130; x_wconf 81' lang='lat' dir='ltr'>magna</span> <span class='ocrx_word' id='word_1_340' title='bbox 3122 4061 3568 4119; x_wconf 81' lang='lat' dir='ltr'>Christianorum</span> 
     </span>
    </p>
   </div>
   <div class='ocr_carea' id='block_1_49' title="bbox 1987 4145 2688 4206">
    <p class='ocr_par' dir='ltr' id='par_1_49' title="bbox 1987 4145 2688 4206">
     <span class='ocr_line' id='line_1_49' title="bbox 1987 4145 2688 4206; baseline 0.01 -8"><span class='ocrx_word' id='word_1_341' title='bbox 1987 4145 2234 4200; x_wconf 88' lang='lat' dir='ltr'>omnium</span> <span class='ocrx_word' id='word_1_342' title='bbox 2269 4148 2446 4204; x_wconf 89' lang='lat' dir='ltr'>clade.</span> <span class='ocrx_word' id='word_1_343' title='bbox 2479 4148 2688 4206; x_wconf 79' lang='lat' dir='ltr'>Valete.</span> 
     </span>
    </p>
   </div>
   <div class='ocr_carea' id='block_1_50' title="bbox 2057 4234 3405 4304">
    <p class='ocr_par' dir='ltr' id='par_1_50' title="bbox 2057 4234 3405 4304">
     <span class='ocr_line' id='line_1_50' title="bbox 2057 4234 3405 4304; baseline 0.011 -15"><span class='ocrx_word' id='word_1_344' title='bbox 2057 4235 2136 4290; x_wconf 79' lang='lat' dir='ltr'>Ex</span> <span class='ocrx_word' id='word_1_345' title='bbox 2173 4234 2319 4294; x_wconf 89' lang='lat' dir='ltr'>Urbe</span> <span class='ocrx_word' id='word_1_346' title='bbox 2344 4239 2433 4295; x_wconf 87' lang='lat' dir='ltr'>die</span> <span class='ocrx_word' id='word_1_347' title='bbox 2458 4241 2670 4297; x_wconf 87' lang='lat' dir='ltr'>decima</span> <span class='ocrx_word' id='word_1_348' title='bbox 2701 4244 2858 4299; x_wconf 78' lang='lat' dir='ltr'>tertia</span> <span class='ocrx_word' id='word_1_349' title='bbox 2889 4244 3210 4302; x_wconf 84' lang='lat' dir='ltr'>Decembris</span> <span class='ocrx_word' id='word_1_350' title='bbox 3243 4247 3405 4304; x_wconf 71' lang='lat'>1470.</span> 
     </span>
    </p>
   </div>
   <div class='ocr_carea' id='block_1_51' title="bbox 389 4352 2115 4438">
    <p class='ocr_par' dir='ltr' id='par_1_51' title="bbox 389 4352 2115 4438">
     <span class='ocr_line' id='line_1_51' title="bbox 389 4352 2115 4438; baseline -0.005 -17"><span class='ocrx_word' id='word_1_351' title='bbox 389 4358 686 4438; x_wconf 87' lang='lat' dir='ltr'>Sequitur</span> <span class='ocrx_word' id='word_1_352' title='bbox 726 4355 964 4418; x_wconf 86' lang='lat' dir='ltr'>Ficheti</span> <span class='ocrx_word' id='word_1_353' title='bbox 1003 4355 1270 4435; x_wconf 86' lang='lat' dir='ltr'>epistola</span> <span class='ocrx_word' id='word_1_354' title='bbox 1306 4356 1381 4416; x_wconf 90' lang='lat' dir='ltr'>ad</span> <span class='ocrx_word' id='word_1_355' title='bbox 1412 4353 1744 4415; x_wconf 72' lang='lat' dir='ltr'>Sabaudim</span> <span class='ocrx_word' id='word_1_356' title='bbox 1778 4352 1972 4414; x_wconf 87' lang='lat' dir='ltr'>duces</span> <span class='ocrx_word' id='word_1_357' title='bbox 2007 4372 2020 4413; x_wconf 89' lang='lat'><strong>:</strong></span> <span class='ocrx_word' id='word_1_358' title='bbox 2112 4399 2115 4402; x_wconf 80' lang='lat'>.</span> 
     </span>
    </p>
   </div>
   <div class='ocr_carea' id='block_1_52' title="bbox 379 4473 1913 4559">
    <p class='ocr_par' dir='ltr' id='par_1_52' title="bbox 379 4473 1880 4546">
     <span class='ocr_line' id='line_1_52' title="bbox 379 4473 1880 4546; baseline -0.006 -11"><span class='ocrx_word' id='word_1_359' title='bbox 379 4477 776 4535; x_wconf 70' lang='lat' dir='ltr'>lilustrissimis</span> <span class='ocrx_word' id='word_1_360' title='bbox 804 4475 1151 4546; x_wconf 88' lang='lat' dir='ltr'>principibus</span> <span class='ocrx_word' id='word_1_361' title='bbox 1177 4477 1398 4530; x_wconf 68' lang='lat' dir='ltr'>Amano</span> <span class='ocrx_word' id='word_1_362' title='bbox 1430 4473 1728 4528; x_wconf 79' lang='lat' dir='ltr'>Sabaudia:</span> <span class='ocrx_word' id='word_1_363' title='bbox 1753 4473 1880 4528; x_wconf 88' lang='lat' dir='ltr'>duci</span> 
     </span>
    </p>
   </div>
   <div class='ocr_carea' id='block_1_53' title="bbox 1990 4473 3566 4559">
    <p class='ocr_par' dir='ltr' id='par_1_53' title="bbox 1990 4473 3566 4559">
     <span class='ocr_line' id='line_1_53' title="bbox 1990 4473 3566 4559; baseline 0.011 -30"><span class='ocrx_word' id='word_1_364' title='bbox 1990 4473 2142 4548; x_wconf 89' lang='lat' dir='ltr'>cipes</span> <span class='ocrx_word' id='word_1_365' title='bbox 2173 4479 2311 4534; x_wconf 77' lang='lat' dir='ltr'>alios</span> <span class='ocrx_word' id='word_1_366' title='bbox 2359 4481 2685 4538; x_wconf 73' lang='lat' dir='ltr'>Christiana:</span> <span class='ocrx_word' id='word_1_367' title='bbox 2726 4484 3107 4541; x_wconf 78' lang='lat' dir='ltr'>defensionem</span> <span class='ocrx_word' id='word_1_368' title='bbox 3149 4487 3430 4559; x_wconf 85' lang='lat' dir='ltr'>religionis</span> <span class='ocrx_word' id='word_1_369' title='bbox 3472 4493 3566 4548; x_wconf 79' lang='lat' dir='ltr'>atl-</span> 
     </span>
    </p>
   </div>
   <div class='ocr_carea' id='block_1_54' title="bbox 303 4565 1888 4646">
    <p class='ocr_par' dir='ltr' id='par_1_54' title="bbox 303 4565 1888 4646">
     <span class='ocr_line' id='line_1_54' title="bbox 303 4565 1888 4646; baseline -0.003 -20"><span class='ocrx_word' id='word_1_370' title='bbox 303 4576 538 4646; x_wconf 64' lang='lat' dir='ltr'>ejusqne</span> <span class='ocrx_word' id='word_1_371' title='bbox 576 4571 856 4636; x_wconf 79' lang='lat' dir='ltr'>fratribus,</span> <span class='ocrx_word' id='word_1_372' title='bbox 895 4568 1234 4623; x_wconf 89' lang='lat' dir='ltr'>Guillermus</span> <span class='ocrx_word' id='word_1_373' title='bbox 1276 4567 1564 4632; x_wconf 73' lang='lat' dir='ltr'>Ficnsrus,</span> <span class='ocrx_word' id='word_1_374' title='bbox 1610 4565 1888 4621; x_wconf 81' lang='lat' dir='ltr'>Parisien-</span> 
     </span>
    </p>
   </div>
   <div class='ocr_carea' id='block_1_55' title="bbox 303 4657 1882 4731">
    <p class='ocr_par' dir='ltr' id='par_1_55' title="bbox 303 4657 1882 4731">
     <span class='ocr_line' id='line_1_55' title="bbox 303 4657 1882 4731; baseline -0.006 -12"><span class='ocrx_word' id='word_1_375' title='bbox 303 4669 384 4720; x_wconf 87' lang='lat' dir='ltr'>sis</span> <span class='ocrx_word' id='word_1_376' title='bbox 407 4663 692 4731; x_wconf 75' lang='lat' dir='ltr'>theologus</span> <span class='ocrx_word' id='word_1_377' title='bbox 720 4665 933 4725; x_wconf 85' lang='lat' dir='ltr'>doctor,</span> <span class='ocrx_word' id='word_1_378' title='bbox 963 4659 1142 4728; x_wconf 83' lang='lat' dir='ltr'>patria</span> <span class='ocrx_word' id='word_1_379' title='bbox 1165 4673 1294 4711; x_wconf 89' lang='lat' dir='ltr'>vero</span> <span class='ocrx_word' id='word_1_380' title='bbox 1315 4657 1624 4723; x_wconf 86' lang='lat' dir='ltr'>Sabaudus,</span> <span class='ocrx_word' id='word_1_381' title='bbox 1647 4657 1882 4711; x_wconf 88' lang='lat' dir='ltr'>salutem</span> 
     </span>
    </p>
   </div>
   <div class='ocr_carea' id='block_1_56' title="bbox 302 4750 1499 4827">
    <p class='ocr_par' dir='ltr' id='par_1_56' title="bbox 302 4750 1499 4827">
     <span class='ocr_line' id='line_1_56' title="bbox 302 4750 1499 4827; baseline -0.007 -16"><span class='ocrx_word' id='word_1_382' title='bbox 302 4757 600 4827; x_wconf 71' lang='lat' dir='ltr'>plurimam</span> <span class='ocrx_word' id='word_1_383' title='bbox 631 4753 867 4823; x_wconf 89' lang='lat' dir='ltr'>plurimo</span> <span class='ocrx_word' id='word_1_384' title='bbox 899 4765 1024 4805; x_wconf 87' lang='lat' dir='ltr'>cum</span> <span class='ocrx_word' id='word_1_385' title='bbox 1066 4750 1275 4804; x_wconf 87' lang='lat' dir='ltr'>honore</span> <span class='ocrx_word' id='word_1_386' title='bbox 1311 4750 1499 4803; x_wconf 88' lang='lat' dir='ltr'>mittit.</span> 
     </span>
    </p>
   </div>
   <div class='ocr_carea' id='block_1_57' title="bbox 374 4840 1880 4912">
    <p class='ocr_par' dir='ltr' id='par_1_57' title="bbox 374 4840 1880 4912">
     <span class='ocr_line' id='line_1_57' title="bbox 374 4840 1880 4912; baseline -0.004 -11"><span class='ocrx_word' id='word_1_387' title='bbox 374 4846 433 4901; x_wconf 88' lang='lat' dir='ltr'>Si</span> <span class='ocrx_word' id='word_1_388' title='bbox 476 4843 814 4901; x_wconf 86' lang='lat' dir='ltr'>serenissimi</span> <span class='ocrx_word' id='word_1_389' title='bbox 858 4843 1138 4912; x_wconf 84' lang='lat' dir='ltr'>principes</span> <span class='ocrx_word' id='word_1_390' title='bbox 1177 4851 1376 4895; x_wconf 71' lang='lat' dir='ltr'>vestrce</span> <span class='ocrx_word' id='word_1_391' title='bbox 1416 4840 1747 4895; x_wconf 88' lang='lat' dir='ltr'>desideratis</span> <span class='ocrx_word' id='word_1_392' title='bbox 1780 4857 1880 4895; x_wconf 81' lang='lat' dir='ltr'>cx-</span> 
     </span>
    </p>
   </div>
   <div class='ocr_carea' id='block_1_58' title="bbox 299 4933 1881 5002">
    <p class='ocr_par' dir='ltr' id='par_1_58' title="bbox 299 4933 1881 5002">
     <span class='ocr_line' id='line_1_58' title="bbox 299 4933 1881 5002; baseline -0.003 -8"><span class='ocrx_word' id='word_1_393' title='bbox 299 4941 464 4995; x_wconf 70' lang='lat' dir='ltr'>celsre</span> <span class='ocrx_word' id='word_1_394' title='bbox 502 4936 722 4991; x_wconf 68' lang='lat' dir='ltr'>famlliae</span> <span class='ocrx_word' id='word_1_395' title='bbox 753 4950 952 4990; x_wconf 90' lang='lat' dir='ltr'>nomen</span> <span class='ocrx_word' id='word_1_396' title='bbox 986 4934 1040 4987; x_wconf 93' lang='lat' dir='ltr'>in</span> <span class='ocrx_word' id='word_1_397' title='bbox 1071 4933 1190 4988; x_wconf 90' lang='lat' dir='ltr'>dies</span> <span class='ocrx_word' id='word_1_398' title='bbox 1218 4935 1385 4987; x_wconf 86' lang='lat' dir='ltr'>altius</span> <span class='ocrx_word' id='word_1_399' title='bbox 1425 4935 1713 5000; x_wconf 75' lang='lat' dir='ltr'>extollere,</span> <span class='ocrx_word' id='word_1_400' title='bbox 1733 4951 1881 5002; x_wconf 83' lang='lat' dir='ltr'>.pro-</span> 
     </span>
    </p>
   </div>
   <div class='ocr_carea' id='block_1_59' title="bbox 301 5025 1880 5095">
    <p class='ocr_par' dir='ltr' id='par_1_59' title="bbox 301 5025 1880 5095">
     <span class='ocr_line' id='line_1_59' title="bbox 301 5025 1880 5095; baseline -0.006 -10"><span class='ocrx_word' id='word_1_401' title='bbox 301 5032 451 5085; x_wconf 83' lang='lat' dir='ltr'>lecto</span> <span class='ocrx_word' id='word_1_402' title='bbox 495 5040 732 5082; x_wconf 77' lang='lat' dir='ltr'>vestram</span> <span class='ocrx_word' id='word_1_403' title='bbox 763 5025 1199 5094; x_wconf 72' lang='lat' dir='ltr'>Cbristianmquc</span> <span class='ocrx_word' id='word_1_404' title='bbox 1262 5025 1581 5095; x_wconf 82' lang='lat' dir='ltr'>reipublica:</span> <span class='ocrx_word' id='word_1_405' title='bbox 1635 5043 1880 5091; x_wconf 82' lang='lat' dir='ltr'>causam,</span> 
     </span>
    </p>
   </div>
   <div class='ocr_carea' id='block_1_60' title="bbox 302 5117 1880 5191">
    <p class='ocr_par' dir='ltr' id='par_1_60' title="bbox 302 5117 1880 5191">
     <span class='ocr_line' id='line_1_60' title="bbox 302 5117 1880 5191; baseline -0.001 -17"><span class='ocrx_word' id='word_1_406' title='bbox 302 5137 470 5191; x_wconf 89' lang='lat' dir='ltr'>quam</span> <span class='ocrx_word' id='word_1_407' title='bbox 498 5119 660 5189; x_wconf 87' lang='lat' dir='ltr'>hujus</span> <span class='ocrx_word' id='word_1_408' title='bbox 689 5117 937 5188; x_wconf 89' lang='lat' dir='ltr'>opusculi</span> <span class='ocrx_word' id='word_1_409' title='bbox 961 5119 1288 5173; x_wconf 86' lang='lat' dir='ltr'>suavissima</span> <span class='ocrx_word' id='word_1_410' title='bbox 1316 5119 1481 5172; x_wconf 76' lang='lat' dir='ltr'>lectio</span> <span class='ocrx_word' id='word_1_411' title='bbox 1514 5134 1610 5172; x_wconf 89' lang='lat' dir='ltr'>vos</span> <span class='ocrx_word' id='word_1_412' title='bbox 1634 5119 1880 5180; x_wconf 73' lang='lat' dir='ltr'>docebit.</span> 
     </span>
    </p>
   </div>
   <div class='ocr_carea' id='block_1_61' title="bbox 303 5207 1879 5280">
    <p class='ocr_par' dir='ltr' id='par_1_61' title="bbox 303 5207 1879 5280">
     <span class='ocr_line' id='line_1_61' title="bbox 303 5207 1879 5280; baseline 0 -13"><span class='ocrx_word' id='word_1_413' title='bbox 303 5215 516 5267; x_wconf 86' lang='lat' dir='ltr'>alacres</span> <span class='ocrx_word' id='word_1_414' title='bbox 542 5207 902 5280; x_wconf 89' lang='lat' dir='ltr'>accingemini</span> <span class='ocrx_word' id='word_1_415' title='bbox 928 5224 1262 5280; x_wconf 80' lang='lat' dir='ltr'>cognoscere</span> <span class='ocrx_word' id='word_1_416' title='bbox 1292 5209 1681 5279; x_wconf 83' lang='lat' dir='ltr'>coguitamquc</span> <span class='ocrx_word' id='word_1_417' title='bbox 1714 5215 1879 5267; x_wconf 79' lang='lat' dir='ltr'>tueri.</span> 
     </span>
    </p>
   </div>
   <div class='ocr_carea' id='block_1_62' title="bbox 299 5299 1868 5372">
    <p class='ocr_par' dir='ltr' id='par_1_62' title="bbox 299 5299 1868 5372">
     <span class='ocr_line' id='line_1_62' title="bbox 299 5299 1868 5372; baseline -0.001 -13"><span class='ocrx_word' id='word_1_418' title='bbox 299 5303 574 5368; x_wconf 86' lang='lat' dir='ltr'>Bessario,</span> <span class='ocrx_word' id='word_1_419' title='bbox 606 5301 928 5357; x_wconf 86' lang='lat' dir='ltr'>Sabinensis</span> <span class='ocrx_word' id='word_1_420' title='bbox 951 5301 1264 5370; x_wconf 89' lang='lat' dir='ltr'>cpiscopus,</span> <span class='ocrx_word' id='word_1_421' title='bbox 1298 5299 1868 5372; x_wconf 86' lang='lat' dir='ltr'>Constantinopolita-</span> 
     </span>
    </p>
   </div>
   <div class='ocr_carea' id='block_1_63' title="bbox 300 5392 1879 5465">
    <p class='ocr_par' dir='ltr' id='par_1_63' title="bbox 300 5392 1879 5465">
     <span class='ocr_line' id='line_1_63' title="bbox 300 5392 1879 5465; baseline -0.002 -14"><span class='ocrx_word' id='word_1_422' title='bbox 300 5413 406 5451; x_wconf 90' lang='lat' dir='ltr'>nus</span> <span class='ocrx_word' id='word_1_423' title='bbox 440 5395 772 5465; x_wconf 88' lang='lat' dir='ltr'>patriarcha,</span> <span class='ocrx_word' id='word_1_424' title='bbox 817 5409 983 5463; x_wconf 84' lang='lat' dir='ltr'>quem</span> <span class='ocrx_word' id='word_1_425' title='bbox 1033 5393 1193 5462; x_wconf 84' lang='lat' dir='ltr'>vulgo</span> <span class='ocrx_word' id='word_1_426' title='bbox 1221 5392 1504 5449; x_wconf 55' lang='lat' dir='ltr'>Nica‘num</span> <span class='ocrx_word' id='word_1_427' title='bbox 1540 5395 1879 5449; x_wconf 87' lang='lat' dir='ltr'>cardinalem</span> 
     </span>
    </p>
   </div>
   <div class='ocr_carea' id='block_1_64' title="bbox 300 5485 1876 5558">
    <p class='ocr_par' dir='ltr' id='par_1_64' title="bbox 300 5485 1876 5558">
     <span class='ocr_line' id='line_1_64' title="bbox 300 5485 1876 5558; baseline -0.003 -16"><span class='ocrx_word' id='word_1_428' title='bbox 300 5489 606 5558; x_wconf 87' lang='lat' dir='ltr'>appellant,</span> <span class='ocrx_word' id='word_1_429' title='bbox 641 5487 826 5557; x_wconf 80' lang='lat' dir='ltr'>aperis</span> <span class='ocrx_word' id='word_1_430' title='bbox 851 5487 959 5552; x_wconf 88' lang='lat' dir='ltr'>sui,</span> <span class='ocrx_word' id='word_1_431' title='bbox 997 5486 1144 5556; x_wconf 89' lang='lat' dir='ltr'>quod</span> <span class='ocrx_word' id='word_1_432' title='bbox 1172 5487 1289 5555; x_wconf 86' lang='lat' dir='ltr'>ipse</span> <span class='ocrx_word' id='word_1_433' title='bbox 1313 5502 1458 5540; x_wconf 89' lang='lat' dir='ltr'>nunc</span> <span class='ocrx_word' id='word_1_434' title='bbox 1480 5485 1550 5539; x_wconf 90' lang='lat' dir='ltr'>ad</span> <span class='ocrx_word' id='word_1_435' title='bbox 1572 5502 1670 5540; x_wconf 87' lang='lat' dir='ltr'>vos</span> <span class='ocrx_word' id='word_1_436' title='bbox 1695 5487 1876 5552; x_wconf 80' lang='lat' dir='ltr'>mitto,</span> 
     </span>
    </p>
   </div>
   <div class='ocr_carea' id='block_1_65' title="bbox 299 5577 1878 5650">
    <p class='ocr_par' dir='ltr' id='par_1_65' title="bbox 299 5577 1878 5650">
     <span class='ocr_line' id='line_1_65' title="bbox 299 5577 1878 5650; baseline 0.001 -18"><span class='ocrx_word' id='word_1_437' title='bbox 299 5581 436 5633; x_wconf 85' lang='lat' dir='ltr'>mihi</span> <span class='ocrx_word' id='word_1_438' title='bbox 463 5581 577 5650; x_wconf 88' lang='lat' dir='ltr'>jam</span> <span class='ocrx_word' id='word_1_439' title='bbox 623 5579 838 5650; x_wconf 89' lang='lat' dir='ltr'>pridem</span> <span class='ocrx_word' id='word_1_440' title='bbox 869 5578 1150 5647; x_wconf 87' lang='lat' dir='ltr'>exemplar</span> <span class='ocrx_word' id='word_1_441' title='bbox 1187 5577 1341 5631; x_wconf 87' lang='lat' dir='ltr'>reddi</span> <span class='ocrx_word' id='word_1_442' title='bbox 1382 5578 1568 5648; x_wconf 82' lang='lat' dir='ltr'>jussit,</span> <span class='ocrx_word' id='word_1_443' title='bbox 1603 5577 1878 5649; x_wconf 87' lang='lat' dir='ltr'>simulque</span> 
     </span>
    </p>
   </div>
   <div class='ocr_carea' id='block_1_66' title="bbox 305 5667 1882 5742">
    <p class='ocr_par' dir='ltr' id='par_1_66' title="bbox 305 5667 1882 5742">
     <span class='ocr_line' id='line_1_66' title="bbox 305 5667 1882 5742; baseline 0.001 -18"><span class='ocrx_word' id='word_1_444' title='bbox 305 5670 567 5741; x_wconf 69' lang='lat' dir='ltr'>praecepit</span> <span class='ocrx_word' id='word_1_445' title='bbox 597 5679 654 5724; x_wconf 89' lang='lat' dir='ltr'>ut</span> <span class='ocrx_word' id='word_1_446' title='bbox 683 5668 827 5739; x_wconf 89' lang='lat' dir='ltr'>apud</span> <span class='ocrx_word' id='word_1_447' title='bbox 862 5667 1394 5723; x_wconf 78' lang='lat' dir='ltr'>CliriStianissimum</span> <span class='ocrx_word' id='word_1_448' title='bbox 1430 5683 1612 5740; x_wconf 83' lang='lat' dir='ltr'>regem</span> <span class='ocrx_word' id='word_1_449' title='bbox 1644 5679 1699 5726; x_wconf 89' lang='lat' dir='ltr'>et</span> <span class='ocrx_word' id='word_1_450' title='bbox 1731 5672 1882 5742; x_wconf 87' lang='lat' dir='ltr'>prin-</span> 
     </span>
    </p>
   </div>
   <div class='ocr_carea' id='block_1_67' title="bbox 331 5805 1588 5896">
    <p class='ocr_par' dir='ltr' id='par_1_67' title="bbox 331 5805 1588 5896">
     <span class='ocr_line' id='line_1_67' title="bbox 331 5805 1588 5896; baseline -0.004 -35"><span class='ocrx_word' id='word_1_451' title='bbox 331 5883 342 5896; x_wconf 43' lang='lat'><strong><em>.</em></strong></span> <span class='ocrx_word' id='word_1_452' title='bbox 373 5811 650 5877; x_wconf 74' lang='lat' dir='ltr'>(1)1’asini,</span> <span class='ocrx_word' id='word_1_453' title='bbox 680 5814 970 5864; x_wconf 67' lang='lat' dir='ltr'>Codems.</span> <span class='ocrx_word' id='word_1_454' title='bbox 1003 5805 1208 5860; x_wconf 80' lang='lat' dir='ltr'>Taurin.</span> <span class='ocrx_word' id='word_1_455' title='bbox 1239 5810 1363 5868; x_wconf 68' lang='grc' dir='ltr'>ιω..</span> <span class='ocrx_word' id='word_1_456' title='bbox 1404 5810 1588 5874; x_wconf 42' lang='lat' dir='ltr'>p39).</span> 
     </span>
    </p>
   </div>
   <div class='ocr_carea' id='block_1_68' title="bbox 633 5899 1347 5991">
    <p class='ocr_par' dir='ltr' id='par_1_68' title="bbox 633 5899 1347 5991">
     <span class='ocr_line' id='line_1_68' title="bbox 633 5899 1347 5991; baseline -0.004 -29"><span class='ocrx_word' id='word_1_457' title='bbox 633 5903 912 5991; x_wconf 75' lang='lat' dir='ltr'>_PA&#39;rkor..</span> <span class='ocrx_word' id='word_1_458' title='bbox 961 5904 1077 5962; x_wconf 80' lang='lat' dir='ltr'>Gn.</span> <span class='ocrx_word' id='word_1_459' title='bbox 1133 5899 1347 5960; x_wconf 77' lang='lat' dir='ltr'>CLXI.</span> 
     </span>
    </p>
   </div>
   <div class='ocr_carea' id='block_1_69' title="bbox 1991 4574 3566 4651">
    <p class='ocr_par' dir='ltr' id='par_1_69' title="bbox 1991 4574 3566 4651">
     <span class='ocr_line' id='line_1_69' title="bbox 1991 4574 3566 4651; baseline 0.006 -26"><span class='ocrx_word' id='word_1_460' title='bbox 1991 4587 2182 4628; x_wconf 76' lang='lat' dir='ltr'>versus</span> <span class='ocrx_word' id='word_1_461' title='bbox 2222 4574 2683 4630; x_wconf 85' lang='lat' dir='ltr'>immanissimum</span> <span class='ocrx_word' id='word_1_462' title='bbox 2735 4575 2979 4631; x_wconf 89' lang='lat' dir='ltr'>Turcnm</span> <span class='ocrx_word' id='word_1_463' title='bbox 3024 4580 3337 4647; x_wconf 87' lang='lat' dir='ltr'>suaderem,</span> <span class='ocrx_word' id='word_1_464' title='bbox 3372 4597 3566 4651; x_wconf 83' lang='lat' dir='ltr'>quem-</span> 
     </span>
    </p>
   </div>
   <div class='ocr_carea' id='block_1_70' title="bbox 1992 4659 3565 4739">
    <p class='ocr_par' dir='ltr' id='par_1_70' title="bbox 1992 4659 3565 4739">
     <span class='ocr_line' id='line_1_70' title="bbox 1992 4659 3565 4739; baseline 0.006 -21"><span class='ocrx_word' id='word_1_465' title='bbox 1992 4664 2286 4718; x_wconf 88' lang='lat' dir='ltr'>admodum</span> <span class='ocrx_word' id='word_1_466' title='bbox 2319 4665 2466 4720; x_wconf 85' lang='lat' dir='ltr'>illius</span> <span class='ocrx_word' id='word_1_467' title='bbox 2493 4666 2559 4720; x_wconf 90' lang='lat' dir='ltr'>ad</span> <span class='ocrx_word' id='word_1_468' title='bbox 2597 4681 2682 4721; x_wconf 85' lang='lat' dir='ltr'>me</span> <span class='ocrx_word' id='word_1_469' title='bbox 2706 4666 2905 4722; x_wconf 88' lang='lat' dir='ltr'>litteris</span> <span class='ocrx_word' id='word_1_470' title='bbox 2934 4672 3298 4739; x_wconf 84' lang='lat' dir='ltr'>cognoscetis.</span> <span class='ocrx_word' id='word_1_471' title='bbox 3330 4659 3565 4736; x_wconf 40' lang='lat' dir='ltr'>Interea,</span> 
     </span>
    </p>
   </div>
   <div class='ocr_carea' id='block_1_71' title="bbox 1988 4757 3568 4832">
    <p class='ocr_par' dir='ltr' id='par_1_71' title="bbox 1988 4757 3568 4832">
     <span class='ocr_line' id='line_1_71' title="bbox 1988 4757 3568 4832; baseline 0.004 -22"><span class='ocrx_word' id='word_1_472' title='bbox 1988 4757 2206 4811; x_wconf 87' lang='lat' dir='ltr'>tametsi</span> <span class='ocrx_word' id='word_1_473' title='bbox 2251 4765 2465 4811; x_wconf 91' lang='lat' dir='ltr'>tantum</span> <span class='ocrx_word' id='word_1_474' title='bbox 2503 4757 2651 4813; x_wconf 86' lang='lat' dir='ltr'>illius</span> <span class='ocrx_word' id='word_1_475' title='bbox 2697 4757 2901 4814; x_wconf 90' lang='lat' dir='ltr'>fascem</span> <span class='ocrx_word' id='word_1_476' title='bbox 2950 4761 3167 4814; x_wconf 88' lang='lat' dir='ltr'>humeri</span> <span class='ocrx_word' id='word_1_477' title='bbox 3213 4763 3430 4832; x_wconf 82' lang='lat' dir='ltr'>fragiles</span> <span class='ocrx_word' id='word_1_478' title='bbox 3464 4770 3568 4818; x_wconf 66' lang='lat' dir='ltr'>moi</span> 
     </span>
    </p>
   </div>
   <div class='ocr_carea' id='block_1_72' title="bbox 1988 4848 3569 4924">
    <p class='ocr_par' dir='ltr' id='par_1_72' title="bbox 1988 4848 3569 4924">
     <span class='ocr_line' id='line_1_72' title="bbox 1988 4848 3569 4924; baseline 0.006 -23"><span class='ocrx_word' id='word_1_479' title='bbox 1988 4848 2148 4902; x_wconf 91' lang='lat' dir='ltr'>initio</span> <span class='ocrx_word' id='word_1_480' title='bbox 2183 4852 2530 4918; x_wconf 88' lang='lat' dir='ltr'>recusabant,</span> <span class='ocrx_word' id='word_1_481' title='bbox 2564 4861 2746 4907; x_wconf 89' lang='lat' dir='ltr'>tamen</span> <span class='ocrx_word' id='word_1_482' title='bbox 2777 4853 2910 4909; x_wconf 84' lang='lat' dir='ltr'>vicit</span> <span class='ocrx_word' id='word_1_483' title='bbox 2940 4855 2994 4908; x_wconf 91' lang='lat' dir='ltr'>in</span> <span class='ocrx_word' id='word_1_484' title='bbox 3025 4856 3218 4924; x_wconf 85' lang='lat' dir='ltr'>primis</span> <span class='ocrx_word' id='word_1_485' title='bbox 3243 4856 3569 4912; x_wconf 77' lang='lat' dir='ltr'>Christiana:</span> 
     </span>
    </p>
   </div>
   <div class='ocr_carea' id='block_1_73' title="bbox 1988 4940 3566 5018">
    <p class='ocr_par' dir='ltr' id='par_1_73' title="bbox 1988 4940 3566 5018">
     <span class='ocr_line' id='line_1_73' title="bbox 1988 4940 3566 5018; baseline 0.006 -24"><span class='ocrx_word' id='word_1_486' title='bbox 1988 4940 2273 5011; x_wconf 76' lang='lat' dir='ltr'>religionis</span> <span class='ocrx_word' id='word_1_487' title='bbox 2307 4958 2461 4996; x_wconf 88' lang='lat' dir='ltr'>amor</span> <span class='ocrx_word' id='word_1_488' title='bbox 2486 4956 2538 4998; x_wconf 81' lang='lat' dir='ltr'>et</span> <span class='ocrx_word' id='word_1_489' title='bbox 2569 4945 2831 5018; x_wconf 78' lang='lat' dir='ltr'>dignitas,</span> <span class='ocrx_word' id='word_1_490' title='bbox 2862 4947 2916 5002; x_wconf 93' lang='lat' dir='ltr'>in</span> <span class='ocrx_word' id='word_1_491' title='bbox 2946 4964 3052 5018; x_wconf 89' lang='lat' dir='ltr'>qua</span> <span class='ocrx_word' id='word_1_492' title='bbox 3079 4964 3186 5003; x_wconf 89' lang='lat' dir='ltr'>non</span> <span class='ocrx_word' id='word_1_493' title='bbox 3219 4959 3427 5004; x_wconf 88' lang='lat' dir='ltr'>tantum</span> <span class='ocrx_word' id='word_1_494' title='bbox 3460 4950 3566 5004; x_wconf 89' lang='lat' dir='ltr'>ini-</span> 
     </span>
    </p>
   </div>
   <div class='ocr_carea' id='block_1_74' title="bbox 1992 5037 3568 5106">
    <p class='ocr_par' dir='ltr' id='par_1_74' title="bbox 1992 5037 3568 5106">
     <span class='ocr_line' id='line_1_74' title="bbox 1992 5037 3568 5106; baseline 0.006 -14"><span class='ocrx_word' id='word_1_495' title='bbox 1992 5037 2161 5092; x_wconf 89' lang='lat' dir='ltr'>tiatus</span> <span class='ocrx_word' id='word_1_496' title='bbox 2188 5052 2309 5091; x_wconf 90' lang='lat' dir='ltr'>sum</span> <span class='ocrx_word' id='word_1_497' title='bbox 2347 5046 2404 5090; x_wconf 92' lang='lat' dir='ltr'>ut</span> <span class='ocrx_word' id='word_1_498' title='bbox 2437 5041 2642 5106; x_wconf 66' lang='lat' dir='ltr'>cmtcri,</span> <span class='ocrx_word' id='word_1_499' title='bbox 2677 5057 2871 5097; x_wconf 89' lang='lat' dir='ltr'>verum</span> <span class='ocrx_word' id='word_1_500' title='bbox 2917 5043 3055 5099; x_wconf 88' lang='lat' dir='ltr'>hanc</span> <span class='ocrx_word' id='word_1_501' title='bbox 3085 5045 3249 5099; x_wconf 86' lang='lat' dir='ltr'>etiam</span> <span class='ocrx_word' id='word_1_502' title='bbox 3292 5046 3346 5099; x_wconf 92' lang='lat' dir='ltr'>in</span> <span class='ocrx_word' id='word_1_503' title='bbox 3377 5046 3568 5101; x_wconf 86' lang='lat' dir='ltr'>docto-</span> 
     </span>
    </p>
   </div>
   <div class='ocr_carea' id='block_1_75' title="bbox 1991 5120 3566 5200">
    <p class='ocr_par' dir='ltr' id='par_1_75' title="bbox 1991 5120 3566 5200">
     <span class='ocr_line' id='line_1_75' title="bbox 1991 5120 3566 5200; baseline 0.01 -27"><span class='ocrx_word' id='word_1_504' title='bbox 1991 5120 2120 5175; x_wconf 82' lang='lat' dir='ltr'>ralis</span> <span class='ocrx_word' id='word_1_505' title='bbox 2164 5138 2298 5177; x_wconf 73' lang='lat' dir='ltr'>mea:</span> <span class='ocrx_word' id='word_1_506' title='bbox 2349 5125 2712 5193; x_wconf 76' lang='lat' dir='ltr'>professionis</span> <span class='ocrx_word' id='word_1_507' title='bbox 2758 5133 3106 5200; x_wconf 70' lang='lat' dir='ltr'>susceptione</span> <span class='ocrx_word' id='word_1_508' title='bbox 3142 5134 3432 5187; x_wconf 82' lang='lat' dir='ltr'>ducturum</span> <span class='ocrx_word' id='word_1_509' title='bbox 3479 5151 3566 5189; x_wconf 91' lang='lat' dir='ltr'>me</span> 
     </span>
    </p>
   </div>
   <div class='ocr_carea' id='block_1_76' title="bbox 1991 5211 3567 5288">
    <p class='ocr_par' dir='ltr' id='par_1_76' title="bbox 1991 5211 3567 5288">
     <span class='ocr_line' id='line_1_76' title="bbox 1991 5211 3567 5288; baseline 0.006 -24"><span class='ocrx_word' id='word_1_510' title='bbox 1991 5211 2459 5282; x_wconf 78' lang='lat' dir='ltr'>defensurumque</span> <span class='ocrx_word' id='word_1_511' title='bbox 2512 5224 2688 5270; x_wconf 89' lang='lat' dir='ltr'>morte</span> <span class='ocrx_word' id='word_1_512' title='bbox 2732 5218 3041 5286; x_wconf 79' lang='lat' dir='ltr'>pOStltabila</span> <span class='ocrx_word' id='word_1_513' title='bbox 3103 5222 3389 5288; x_wconf 80' lang='lat' dir='ltr'>spopondi.</span> <span class='ocrx_word' id='word_1_514' title='bbox 3428 5221 3567 5276; x_wconf 70' lang='lat' dir='ltr'>Vicit</span> 
     </span>
    </p>
   </div>
   <div class='ocr_carea' id='block_1_77' title="bbox 1989 5305 3567 5384">
    <p class='ocr_par' dir='ltr' id='par_1_77' title="bbox 1989 5305 3567 5384">
     <span class='ocr_line' id='line_1_77' title="bbox 1989 5305 3567 5384; baseline 0.007 -25"><span class='ocrx_word' id='word_1_515' title='bbox 1989 5305 2155 5360; x_wconf 88' lang='lat' dir='ltr'>etiam</span> <span class='ocrx_word' id='word_1_516' title='bbox 2188 5308 2513 5376; x_wconf 84' lang='lat' dir='ltr'>gravlssima</span> <span class='ocrx_word' id='word_1_517' title='bbox 2547 5307 2894 5365; x_wconf 87' lang='lat' dir='ltr'>Bessarionis</span> <span class='ocrx_word' id='word_1_518' title='bbox 2921 5315 3091 5380; x_wconf 80' lang='lat' dir='ltr'>patris</span> <span class='ocrx_word' id='word_1_519' title='bbox 3125 5316 3447 5384; x_wconf 84' lang='lat' dir='ltr'>auctoritas,</span> <span class='ocrx_word' id='word_1_520' title='bbox 3479 5323 3567 5372; x_wconf 86' lang='lat' dir='ltr'>cui</span> 
     </span>
    </p>
   </div>
   <div class='ocr_carea' id='block_1_78' title="bbox 1991 5399 3570 5477">
    <p class='ocr_par' dir='ltr' id='par_1_78' title="bbox 1991 5399 3570 5477">
     <span class='ocr_line' id='line_1_78' title="bbox 1991 5399 3570 5477; baseline 0.008 -25"><span class='ocrx_word' id='word_1_521' title='bbox 1991 5414 2093 5468; x_wconf 88' lang='lat' dir='ltr'>pro</span> <span class='ocrx_word' id='word_1_522' title='bbox 2121 5399 2387 5470; x_wconf 75' lang='lat' dir='ltr'>singulari</span> <span class='ocrx_word' id='word_1_523' title='bbox 2420 5417 2520 5456; x_wconf 89' lang='lat' dir='ltr'>sua</span> <span class='ocrx_word' id='word_1_524' title='bbox 2554 5402 2820 5472; x_wconf 77' lang='lat' dir='ltr'>dignitate</span> <span class='ocrx_word' id='word_1_525' title='bbox 2860 5406 3318 5477; x_wconf 88' lang='lat' dir='ltr'>sanctissimoque</span> <span class='ocrx_word' id='word_1_526' title='bbox 3351 5409 3570 5464; x_wconf 89' lang='lat' dir='ltr'>deside-</span> 
     </span>
    </p>
   </div>
   <div class='ocr_carea' id='block_1_79' title="bbox 1990 5490 3568 5567">
    <p class='ocr_par' dir='ltr' id='par_1_79' title="bbox 1990 5490 3568 5567">
     <span class='ocr_line' id='line_1_79' title="bbox 1990 5490 3568 5567; baseline 0.008 -23"><span class='ocrx_word' id='word_1_527' title='bbox 1990 5492 2072 5544; x_wconf 90' lang='lat' dir='ltr'>rio</span> <span class='ocrx_word' id='word_1_528' title='bbox 2107 5490 2294 5545; x_wconf 90' lang='lat' dir='ltr'>defore</span> <span class='ocrx_word' id='word_1_529' title='bbox 2344 5491 2560 5548; x_wconf 84' lang='lat' dir='ltr'>labores</span> <span class='ocrx_word' id='word_1_530' title='bbox 2603 5510 2755 5549; x_wconf 87' lang='lat' dir='ltr'>meos</span> <span class='ocrx_word' id='word_1_531' title='bbox 2796 5513 2904 5550; x_wconf 90' lang='lat' dir='ltr'>non</span> <span class='ocrx_word' id='word_1_532' title='bbox 2951 5499 3146 5567; x_wconf 88' lang='lat' dir='ltr'>patiar,</span> <span class='ocrx_word' id='word_1_533' title='bbox 3203 5503 3293 5553; x_wconf 82' lang='lat' dir='ltr'>sed</span> <span class='ocrx_word' id='word_1_534' title='bbox 3351 5518 3417 5554; x_wconf 87' lang='lat' dir='ltr'>ne</span> <span class='ocrx_word' id='word_1_535' title='bbox 3448 5504 3568 5556; x_wconf 71' lang='lat' dir='ltr'>vitae</span> 
     </span>
    </p>
   </div>
   <div class='ocr_carea' id='block_1_80' title="bbox 1989 5580 3567 5658">
    <p class='ocr_par' dir='ltr' id='par_1_80' title="bbox 1989 5580 3567 5658">
     <span class='ocr_line' id='line_1_80' title="bbox 1989 5580 3567 5658; baseline 0.011 -25"><span class='ocrx_word' id='word_1_536' title='bbox 1989 5580 2210 5650; x_wconf 85' lang='lat' dir='ltr'>quidem</span> <span class='ocrx_word' id='word_1_537' title='bbox 2260 5581 2314 5634; x_wconf 88' lang='lat' dir='ltr'>in</span> <span class='ocrx_word' id='word_1_538' title='bbox 2351 5592 2457 5636; x_wconf 90' lang='lat' dir='ltr'>tam</span> <span class='ocrx_word' id='word_1_539' title='bbox 2485 5594 2797 5654; x_wconf 87' lang='lat' dir='ltr'>opportuno</span> <span class='ocrx_word' id='word_1_540' title='bbox 2832 5590 3055 5658; x_wconf 91' lang='lat' dir='ltr'>negotio</span> <span class='ocrx_word' id='word_1_541' title='bbox 3088 5591 3274 5647; x_wconf 82' lang='lat' dir='ltr'>subire</span> <span class='ocrx_word' id='word_1_542' title='bbox 3301 5597 3567 5652; x_wconf 83' lang='lat' dir='ltr'>recusabo</span> 
     </span>
    </p>
   </div>
   <div class='ocr_carea' id='block_1_81' title="bbox 1989 5673 3568 5750">
    <p class='ocr_par' dir='ltr' id='par_1_81' title="bbox 1989 5673 3568 5750">
     <span class='ocr_line' id='line_1_81' title="bbox 1989 5673 3568 5750; baseline 0.011 -23"><span class='ocrx_word' id='word_1_543' title='bbox 1989 5673 2309 5729; x_wconf 85' lang='lat' dir='ltr'>discrimen.</span> <span class='ocrx_word' id='word_1_544' title='bbox 2333 5673 2476 5731; x_wconf 82' lang='lat' dir='ltr'>Vicit</span> <span class='ocrx_word' id='word_1_545' title='bbox 2501 5687 2766 5746; x_wconf 64' lang='lat' dir='ltr'>praeterea</span> <span class='ocrx_word' id='word_1_546' title='bbox 2792 5695 2955 5750; x_wconf 89' lang='lat' dir='ltr'>quam</span> <span class='ocrx_word' id='word_1_547' title='bbox 2983 5683 3107 5738; x_wconf 87' lang='lat' dir='ltr'>inde</span> <span class='ocrx_word' id='word_1_548' title='bbox 3133 5683 3371 5750; x_wconf 56' lang='lat' dir='ltr'>futugam</span> <span class='ocrx_word' id='word_1_549' title='bbox 3397 5689 3568 5746; x_wconf 86' lang='lat' dir='ltr'>multo</span> 
     </span>
    </p>
   </div>
   <div class='ocr_carea' id='block_1_82' title="bbox 3014 5908 3085 5967">
    <p class='ocr_par' dir='ltr' id='par_1_82' title="bbox 3014 5908 3085 5967">
     <span class='ocr_line' id='line_1_82' title="bbox 3014 5908 3085 5967; baseline 0.042 -3"><span class='ocrx_word' id='word_1_550' title='bbox 3014 5908 3085 5967; x_wconf 74' lang='lat'>‘21</span> 
     </span>
    </p>
   </div>
  </div>
