3880 6220
342 399 456 469 6L5

1386 389 1819 460 ORATIONES
1873 389 2177 458 CONTRA
2229 393 2547 463 TURCAS.

3499 407 3604 472 646

345 517 540 586 baudi,
574 516 776 574 vestris
809 514 882 573 ab
916 515 1040 573 istis
1071 514 1377 588 majoribus
1396 529 1555 586 opes,
1586 514 1921 577 libertatem.
1951 515 2000 573 Δ
2025 511 2381 572 Macedonico
2434 515 2659 588 quidem
2711 528 2886 588 pauco
2921 529 3200 591 parvaque
3237 532 3381 592 sape
3414 533 3602 586 manu.

346 613 610 684 quietem,
660 610 1040 682 splendorem,
1085 608 1287 664 famam
1321 607 1667 679 gloriamque
1702 604 1924 674 accepi,

344 720 472 774 quae
501 718 653 760 nunc
678 716 780 758 vos
809 711 1013 772 praeter
1047 716 1236 758 meum
1264 714 1479 757 morem
1509 699 1790 770 principes
1817 713 1929 753 una

349 803 560 865 septem
589 793 699 849 alo.
729 792 940 849 Vereor
968 791 1037 847 ah
1075 792 1247 849 armis
1277 805 1348 847 ne
1377 791 1740 848 desuescatis.
1774 789 1930 861 Sepe

350 887 482 942 dum
513 885 740 940 unicum
779 891 948 954 caput
998 882 1192 948 habui,
1237 881 1487 937 victricia
1518 882 1680 954 longe
1708 881 1930 951 lateque

349 976 551 1034 vexilla
587 975 710 1031 tuli.
750 975 958 1031 Vereor
991 989 1063 1029 ne
1112 973 1388 1037 fortassis,
1439 972 1573 1027 dum
1599 973 1704 1041 ipsi
1741 972 1931 1028 dome-

349 1071 554 1126 sticum
588 1069 764 1123 otium
799 1079 1106 1136 pacemque
1133 1067 1231 1136 (ne
1266 1067 1446 1122 dicam
1493 1065 1810 1136 mollitiem)
1826 1067 1930 1121 «ni-

351 1161 525 1214 mium
555 1158 776 1222 amatis,
809 1156 1137 1222 effeminati,
1178 1157 1359 1214 timidi
1401 1173 1709 1229 segnesque
1742 1157 1933 1213 videa-

351 1250 512 1306 mini.
572 1248 658 1304 Ne
713 1247 760 1303 si
808 1247 1021 1303 diutius
1069 1264 1195 1318 qua
1246 1249 1480 1318 turpiter
1517 1259 1650 1304 sunt
1705 1250 1931 1316 amissa,

353 1343 656 1414 repetitum
712 1342 796 1398 ire
842 1341 1209 1406 cunctamini,
1257 1356 1384 1411 qua
1433 1343 1637 1398 tenetis
1678 1341 1934 1398 hostibus

353 1435 496 1492 detis
532 1434 823 1489 auferendi
869 1433 1184 1488 audaciam.
1236 1433 1537 1504 Maioribus
1578 1435 1778 1490 vestris
1816 1435 1932 1490 sive

354 1527 465 1582 illis
487 1523 830 1589 Eacidibus,
858 1523 976 1578 sive
1000 1522 1122 1578 istis
1163 1521 1502 1587 Saxonibus,
1539 1524 1657 1579 sive
1692 1521 1800 1580 mei
1831 1525 1931 1581 Be‘

352 1613 496 1670 roldi
540 1613 956 1669 successoribus
1008 1626 1080 1667 ne
1120 1611 1244 1668 sitis
1300 1612 1522 1668 tandem
1571 1613 1769 1683 pudori
1821 1630 1933 1670 non

354 1721 551 1778 parum
583 1704 807 1776 quidem
852 1705 970 1775 ipsa
1015 1718 1231 1759 vereor.
1269 1702 1416 1769 Quas
1467 1703 1693 1773 quidem
1735 1705 1806 1760 ob
1844 1721 1934 1762 res

357 1805 453 1854 aut
496 1795 792 1866 aliquando
831 1794 1134 1865 dispudeat
1172 1803 1281 1849 tam
1313 1795 1460 1849 clara
1505 1795 1690 1851 sidera
1717 1805 1933 1853 vestros

359 1890 594 1961 majores
622 1887 960 1954 meminisse,
989 1896 1085 1942 aut
1131 1887 1279 1958 quod
1327 1888 1405 1943 illi
1439 1887 1593 1944 vobis
1621 1890 1724 1943 iter
1747 1900 1935 1946 osten-

356 1984 517 2046 dunt,
565 1982 617 2036 in
645 1980 910 2054 Cyprum,
959 1980 1014 2035 in
1052 1980 1390 2044 Armeniam,
1424 1981 1482 2037 in
1532 1980 1845 2040 Salomonis
1878 1993 1935 2039 et

356 2073 564 2129 Christi
604 2089 835 2143 regnum
883 2073 1040 2130 ocius
1085 2072 1383 2144 praeripite.
1439 2072 1640 2129 Ensem
1684 2085 1935 2132 vestrum

358 2164 568 2222 Graecia
606 2174 876 2230 moratur,
923 2161 1248 2233 praedonum
1286 2163 1643 2237 hostiumque
1688 2166 1935 2222 thesauri

358 2257 545 2323 opima
576 2256 732 2311 vobis
761 2255 935 2326 spolia
964 2254 1151 2311 futura
1177 2265 1326 2311 sunt.
1352 2256 1430 2310 De
1460 2259 1662 2312 vestris
1681 2257 1936 2315 hostibus

359 2348 677 2418 triumphus
703 2347 1030 2412 ducendus;
1068 2361 1171 2401 vos
1211 2348 1534 2417 posterique
1567 2349 1739 2403 vestri
1779 2349 1939 2406 ditis-

360 2441 498 2496 sima
529 2455 697 2510 regna
721 2439 953 2510 perenni
979 2447 1224 2510 tempore
1247 2441 1559 2506 possessuri
1593 2441 1750 2498 estis.
1781 2443 1930 2498 Jam-

359 2531 470 2603 jam
495 2545 527 2586 a
555 2529 785 2585 sedibus
809 2529 1015 2586 Graecis
1046 2530 1235 2584 tandiu
1266 2535 1518 2586 extorres
1547 2530 1788 2602 Philippi
1812 2532 1940 2588 Ale-

362 2624 671 2696 xandrique
715 2622 826 2678 fato
862 2637 964 2680 suo
996 2623 1200 2679 reverti
1248 2624 1476 2680 domum
1521 2639 1677 2679 suam
1732 2639 1940 2680 concu-

365 2716 602 2786 piscant,
648 2715 851 2786 quibus
893 2713 1154 2770 nimirum
1189 2715 1259 2785 (si
1288 2716 1412 2785 quis
1457 2716 1623 2771 modo
1653 2717 1938 2787 gentilium

365 2820 592 2861 suorum
627 2821 822 2861 sensus
870 2814 958 2860 est
997 2813 1121 2875 post
1165 2805 1422 2876 mortem)
1462 2821 1693 2878 regnum
1723 2807 1942 2864 Graeco-

368 2916 491 2956 rum
522 2899 626 2956 sibi
657 2898 975 2955 restitutum
1010 2897 1076 2952 iri
1122 2897 1426 2966 videbitur,
1461 2899 1682 2968 quando
1715 2915 1812 2955 vos
1846 2901 1942 2956 de-

370 3007 469 3048 cus
497 2991 582 3047 sui
638 2991 857 3062 generis
890 2989 1122 3061 gloriam
1163 2989 1436 3059 reliquam
1466 2989 1553 3045 sui
1591 2992 1834 3047 nominis
1872 3007 1941 3048 eo

369 3084 610 3140 sentient
639 3082 996 3137 adventuros.
1026 3081 1203 3151 Atque
1233 3081 1570 3152 utinamjam
1598 3098 1747 3138 nunc
1771 3083 1941 3139 alter-

2033 606 2144 660 utri
2187 604 2400 663 Gracia
2441 609 2584 678 (quae
2620 617 2752 665 tunc
2796 611 2964 666 armis
3011 611 3326 666 libertatem
3370 613 3608 677 maxime

2033 697 2340 768 tuebatur),
2379 701 2490 756 utri
2519 701 2608 756 vel
2649 701 2914 760 externus
2959 704 3139 773 patuit
3169 703 3324 760 orbis
3357 720 3373 758 :
3405 705 3608 760 vestris

2031 796 2088 840 et
2119 788 2366 842 omnium
2415 788 2854 847 Christianorum
2879 793 3052 848 armis
3085 793 3176 848 illa
3210 793 3609 864 propemodum

2033 877 2265 934 inermis
2301 895 2413 935 non
2439 881 2705 950 parebit?
2730 883 3168 954 Deprecantibus
3199 899 3264 940 ac
3294 900 3610 955 repugnan-

2035 969 2187 1025 tibus
2225 985 2394 1040 grave
2439 975 2725 1030 servitutis
2763 975 2956 1044 jugum
2991 976 3256 1045 imposuit
3302 976 3609 1047 Philippus,

2033 1059 2296 1131 imposuit
2323 1062 2656 1121 Alexander.
2686 1065 3082 1135 Expetentibus
3101 1076 3158 1122 et
3185 1067 3612 1136 implorantibus

2034 1166 2189 1210 suam
2213 1152 2639 1228 Sabandamque
2671 1157 2987 1212 libertatem
3021 1158 3302 1228 negabunt
3331 1157 3612 1212 Sabaudi!

2035 1241 2226 1315 Usque
2269 1262 2466 1318 nempe
2499 1248 2642 1304 adeo
2674 1249 2877 1305 nobilis
2917 1249 3009 1307 illa
3054 1250 3250 1306 Graeca
3282 1250 3435 1305 natio
3468 1253 3612 1319 (quae

2034 1351 2184 1393 nunc
2204 1337 2499 1411 delitescit)
2530 1341 2854 1396 servitutem
2886 1355 3106 1410 semper
3129 1342 3422 1396 exhorruit
3447 1341 3613 1412 (prae-

2035 1427 2226 1482 sertim
2260 1427 2652 1486 abhorrentem
2691 1446 2722 1484 a
2763 1429 3034 1501 Christo),
3066 1440 3130 1486 ut
3156 1446 3281 1486 cum
3327 1447 3452 1486 mox
3497 1432 3612 1486 suis

2036 1518 2264 1587 perfidis
2299 1520 2546 1590 tyrannis
2590 1521 2796 1576 bellum
2830 1535 2861 1575 a
2889 1521 3046 1576 vobis
3078 1521 3310 1590 aliisque
3337 1520 3609 1576 Christia-

2038 1611 2285 1666 nissimis
2331 1613 2679 1681 principibus
2725 1629 2911 1684 parari
2956 1614 3277 1684 conjectura
3306 1613 3512 1683 capiet,
3541 1613 3610 1667 ad

2038 1717 2098 1757 se
2129 1703 2378 1758 venturis
2417 1705 2667 1773 pristinis
2698 1705 2972 1760 libertatis
3005 1707 3477 1761 restauratorihus
3509 1706 3615 1760 iter

1963 1833 2011 1895 Β
2042 1792 2128 1848 vel
2161 1793 2310 1848 ferro
2340 1794 2500 1850 vobis
2532 1795 2800 1862 recludet,
2846 1795 3129 1861 alimenta,
3165 1811 3355 1863 naves,
3394 1806 3614 1866 portus.

2044 1883 2460 1952 impedimenta,
2495 1885 2793 1955 stipendia,
2839 1887 3092 1955 praesidia
3139 1897 3343 1956 sponte
3373 1899 3470 1942 sua
3508 1888 3617 1942 mi-

2043 1975 2321 2040 nistrabit,
2352 1991 2472 2032 sese
2503 1991 2600 2032 sua
2623 1987 2822 2048 sponte
2861 1993 3282 2048 quoquoversus
3312 1979 3620 2047 signaver-

2045 2066 2246 2129 teritis.
2273 2077 2518 2122 vestrum
2541 2069 2644 2123 sub
2671 2068 2966 2138 imperium
2994 2071 3226 2124 missura
3261 2069 3619 2139 parituraque

2043 2158 2190 2212 veris
2215 2158 2433 2228 piisque
2463 2161 2724 2216 dominis.
2756 2163 2822 2216 Et
2847 2175 2915 2217 eo
2942 2162 3167 2232 quidem
3204 2160 3470 2216 libentius
3507 2175 3620 2230 quo

2048 2249 2298 2321 tyrannis
2340 2251 2570 2306 invitius
2605 2251 2924 2323 diutiusque
2973 2253 3227 2308 servivit.
3275 2253 3486 2320 Ecquid
3519 2266 3622 2322 ego

2046 2340 2297 2409 privatus
2331 2356 2434 2410 pro
2481 2352 2677 2396 vestra:
2723 2343 3034 2412 praestantis
3067 2344 3334 2412 prosapiae
3377 2356 3627 2398 commo-

2048 2431 2340 2497 ditatibus,
2371 2449 2472 2504 pro
2499 2445 2722 2490 terreno
2757 2435 3092 2505 requirendo
3115 2435 3374 2504 imperio,
3399 2451 3500 2504 pro
3532 2450 3623 2491 re-

2048 2524 2302 2595 petendis
2333 2541 2664 2596 proavorum
2684 2526 2914 2583 sedibus
2945 2543 3040 2583 vos
3063 2525 3282 2596 longius
3304 2526 3625 2596 pluribusve

2049 2619 2332 2686 cohorter,
2363 2619 2834 2691 quandoquidem,
2857 2621 2943 2675 vel
2977 2620 3100 2675 istis
3117 2618 3339 2689 quidem
3367 2621 3628 2676 omnibus

2051 2711 2404 2782 posthabitis,
2433 2712 2560 2781 ipsa
2589 2712 2792 2782 quippe
2817 2707 3448 2783 Cbristianm’religionis
3477 2712 3627 2767 salus

2051 2819 2119 2860 eo
2162 2819 2260 2861 vos
2303 2820 2414 2875 quo
2455 2805 2713 2874 princeps
2754 2803 3004 2862 Bessario
3034 2812 3224 2858 monet
3263 2805 3476 2873 optimo
3502 2806 3628 2875 jure

2053 2895 2346 2966 traducere
2387 2896 2572 2951 debet.
2619 2895 2734 2950 ﬂac
2783 2910 2977 2966 nempe
3023 2896 3079 2950 in
3114 2901 3272 2966 parte
3304 2895 3444 2950 nihil
3485 2909 3627 2963 opus

2050 2989 2170 3045 fore
2199 2987 2584 3043 cohortatione
2604 3003 2725 3048 mea
2748 2987 2904 3055 duxi,
2937 3004 3008 3044 ne
3033 2989 3284 3045 fortassis
3310 2997 3406 3045 aut
3437 2983 3630 3061 super-

2051 3090 2226 3132 vacuo
2253 3076 2444 3132 labore
2465 3092 2583 3133 rem
2603 3093 2726 3148 qua:
2749 3093 2808 3134 se
2831 3079 2988 3135 vobis
3015 3079 3237 3135 abunde
3261 3083 3626 3153 persuaserit.

372 3185 496 3230 uter
554 3174 685 3228 illuc
727 3171 983 3227 alicunde
1029 3183 1214 3242 posset
1257 3173 1577 3244 emergere!
1643 3171 1945 3246 llaudqua-
1975 3187 2020 3247 α
2051 3182 2202 3222 hunc
2235 3168 2352 3238 ipse
2400 3169 2704 3234 intendam,
2738 3178 2833 3225 aut
2881 3187 3047 3246 quam
3099 3174 3205 3228 sibi
3239 3173 3460 3233 divinus
3495 3177 3629 3235 Bas-

375 3281 539 3337 quam
577 3265 690 3320 illic
723 3264 976 3336 profecto
1011 3264 1201 3336 stirpis
1238 3278 1351 3320 suae
1383 3279 1609 3331 nomen,
1643 3267 1948 3322 auctorita-

377 3366 509 3421 tem,
555 3356 868 3414 oblitterari
917 3354 1144 3410 silerive
1191 3363 1476 3426 pateretur
1509 3375 1522 3408 :
1557 3355 1689 3426 quin
1717 3357 1784 3412 ad
1819 3357 1950 3415 istas

377 3456 594 3504 vestras
647 3459 823 3516 usque
875 3447 1041 3516 Alpes
1091 3447 1199 3502 iter
1245 3461 1276 3502 a
1327 3447 1538 3503 Gracia
1595 3447 1746 3504 ferro
1791 3449 1951 3506 vobis

379 3541 644 3610 aperiret.
675 3539 868 3611 Neque
899 3554 1000 3596 vos
1031 3539 1273 3610 Philippi
1311 3548 1406 3595 aut
1437 3541 1739 3597 Alexandri
1770 3541 1952 3597 deter-

378 3643 499 3688 reat
528 3633 869 3703 magnitudo,
909 3642 1168 3702 tanquam
1220 3634 1592 3705 nequidquam
1627 3635 1818 3690 conari
1860 3635 1954 3691 de.

381 3725 586 3788 beatis,
625 3725 772 3792 quod
822 3723 902 3778 illi
948 3723 1311 3780 confecerint.
1361 3727 1477 3781 lmo
1521 3742 1652 3782 vero
1690 3742 1814 3781 cum
1844 3727 1956 3782 illis

380 3816 544 3885 longe
569 3815 728 3870 vobis
754 3815 1100 3870 commodior
1125 3816 1522 3887 honestiorque
1550 3817 1682 3874 belli
1720 3819 1948 3892 gerendi

380 3907 524 3961 ratio
570 3915 677 3961 est.
730 3906 887 3962 Unus
933 3904 1223 3978 Philippus
1279 3924 1536 3978 unusque
1595 3910 1952 3966 Alexander:

380 4000 522 4053 alter
547 3996 795 4062 Graeciaa,
831 3997 972 4052 alter
1005 3999 1156 4055 orbis
1181 3999 1436 4055 civitates
1465 4015 1658 4057 omnes
1693 4016 1956 4072 armaque

380 4090 728 4156 constravit;
775 4104 875 4146 vos
918 4101 1152 4160 septem,
1205 4107 1374 4146 unum
1409 4102 1506 4147 aut
1552 4095 1810 4162 alterum,
1859 4105 1956 4150 aut

383 4192 496 4239 tres
521 4183 588 4238 ad
627 4198 900 4238 summum
943 4184 1232 4254 praedones
1286 4200 1392 4241 non
1441 4187 1956 4258 exstinguetisiAb

383 4290 492 4330 uno
547 4275 804 4345 Philippo
868 4290 1090 4348 unoque
1137 4276 1456 4332 Alexandro
1516 4295 1686 4347 regna
1732 4280 1953 4350 quidem

380 4367 586 4432 aliena,
626 4367 738 4421 imo
791 4366 860 4422 ab
898 4367 993 4422 ilio
1043 4384 1142 4438 per
1192 4368 1481 4434 Graeciam,
1529 4385 1677 4425 nunc
1729 4371 1798 4426 ab
1848 4373 1957 4427 hoc

383 4460 542 4532 longe
571 4475 669 4531 per
701 4461 891 4518 orbem
915 4451 1142 4534 quaesita
1174 4471 1327 4519 sunt.
1361 4463 1405 4518 Α
1433 4464 1591 4521 vobis
1618 4474 1800 4522 vestra
1835 4467 1955 4522 sine

2051 3257 2200 3313 sario
2245 3260 2590 3328 provinciam
2653 3263 2958 3335 delegerit,
3009 3265 3328 3337 optimeque
3371 3273 3627 3338 gesserit,

2051 3350 2280 3409 inermis
2323 3367 2425 3422 ego
2481 3364 2603 3425 post
2641 3355 2791 3412 hunc
2829 3367 3023 3428 gerere
3074 3361 3327 3431 tuerique
3379 3379 3624 3436 pergam.

2049 3444 2187 3500 Nam
2223 3445 2315 3517 (ad
2369 3461 2468 3502 vos
2516 3463 2851 3519 causamque
2900 3451 3049 3520 quod
3097 3453 3316 3526 attinet)
3364 3459 3630 3529 militaria

2052 3537 2282 3608 quidem
2329 3538 2571 3610 insignia
2619 3542 2824 3611 quibus
2857 3557 3042 3613 enses,
3074 3546 3275 3617 clypei,
3323 3552 3631 3623 vexillaque

2049 3638 2238 3686 vestra
2286 3634 2464 3688 multo
2512 3636 2688 3704 magis
2734 3635 3030 3706 refulgent,
3081 3639 3257 3708 spolia
3308 3649 3460 3707 sunt,
3507 3659 3628 3714 qua:

2051 3721 2428 3780 Christianam
2464 3741 2687 3782 causam
2712 3729 2870 3785 vobis
2900 3731 3243 3801 persuadere
3275 3734 3459 3789 verbis
3493 3736 3631 3793 faci-

2053 3813 2164 3868 lius
2193 3815 2454 3870 omnibus
2488 3823 2761 3885 possunt,
2797 3819 3000 3888 quippe
3031 3836 3156 3890 quae
3186 3835 3417 3892 quartus
3463 3841 3493 3880 a
3532 3828 3635 3883 Be-

2056 3905 2214 3962 roldo
2238 3917 2436 3961 vestrae
2455 3907 2654 3963 domus
2675 3907 2934 3979 princeps
2952 3911 3230 3968 Amadeus
3249 3913 3454 3971 Christi
3475 3920 3635 3974 victis

2056 3999 2125 4054 ab
2157 3999 2417 4056 hostibus
2458 4002 2679 4056 domum
2727 4005 3052 4073 reportavit.
3087 4005 3244 4062 Unde
3288 4014 3637 4080 reportavit?

2055 4088 2260 4162 Utique
2292 4093 2598 4164 reportavit
2627 4109 2658 4148 e
2700 4093 2932 4150 Graecia.
2963 4095 3122 4162 Quod
3157 4098 3202 4152 si
3234 4115 3382 4154 nunc
3418 4116 3513 4157 ore
3543 4120 3633 4159 ro-

2060 4186 2232 4242 tundo
2263 4202 2569 4260 magnaque
2597 4185 2788 4246 Graeco
2819 4186 2971 4244 more
2992 4199 3318 4248 sonaturum
3350 4191 3633 4252 Bessario-

2058 4298 2185 4338 nem
2227 4289 2438 4338 attente
2484 4281 2666 4352 placet
2704 4281 2920 4348 audire,
2955 4282 3108 4339 ibitis
3137 4286 3370 4354 alacres,
3398 4265 3636 4348 victores

2061 4375 2261 4430 iterum
2288 4375 2586 4429 reversuri.
2617 4373 2727 4430 Sed
2751 4389 2890 4444 quas
2920 4375 3052 4431 huic
3081 4361 3422 4434 homunculo
3446 4361 3632 4436 vestro

2060 4480 2273 4537 suoque
2299 4467 2635 4536 mancipiolo
2673 4467 2888 4522 litteras
2916 4467 3008 4523 ille
3040 4467 3194 4524 reddi
3222 4469 3472 4540 jusserit,
3498 4474 3632 4544 quid

382 4554 671 4622 sanguine,
729 4555 850 4608 sine
887 4553 1111 4623 sudore,
1153 4556 1274 4610 sine
1327 4557 1718 4620 reclamatione
1765 4559 1950 4616 detra-
1989 4540 2033 4596 ι)
2061 4568 2118 4616 et
2145 4558 2352 4630 negotii
2382 4557 2683 4626 mandarit,
2715 4559 2940 4632 jamjam
2977 4562 3162 4618 animo
3183 4563 3432 4634 propitio
3465 4540 3633 4646 bene—

383 4643 631 4699 bentur?
681 4644 788 4702 Uni
833 4645 1088 4718 Philippo
1145 4647 1348 4717 unique
1395 4648 1725 4717 Alexandro,
1780 4652 1953 4709 milite

2062 4651 2299 4723 voloque
2326 4651 2618 4723 percipite.
