3880 6220
286 374 391 439 €47

1244 377 1759 443 BESSARIONIS
1797 379 1856 440 s.
1888 353 1973 440 'u.
2022 377 2092 440 Ε.
2128 376 2607 439 CARDINALIS

3434 378 3559 444 διε

1138 684 1405 747 REVER
1422 683 1821 747 ENDISSIMI
1864 680 2359 746 CARDINALIS
2405 682 2703 745 NICENI

1317 845 2355 958 BESSARION
2364 847 2527 958 IS

757 1046 871 1107 AD
914 1034 1609 1107 ILLUSTRISSIMOS
1640 1040 2237 1118 INCLYTOSQUE
2277 1044 2598 1109 ITALhE
2630 1049 3086 1113 PRINCIPES

968 1193 1443 1284 CONTRA
1521 1191 1973 1279 TURCAS
2053 1192 2910 1287 EXHORTATIO.

292 1358 489 1415 (Bome
535 1368 612 1417 ap.
662 1350 932 1403 Antonium
972 1348 1202 1399 Bladlum
1234 1342 1540 1417 MDXXXI’II
1581 1345 1711 1413 iit-4.
1747 1342 1985 1417 BIlIllIO‘Ih.
2010 1344 2235 1417 ὶιειιεη-ῇηἶ
2264 1360 2323 1417 _n.
2351 1346 2542 1417 {2,360.
2588 1348 2761 1397 Insunt
2804 1350 2953 1398 etiam
2995 1348 3248 1401 orationes
3270 1351 3376 1400 aliae
3410 1356 3540 1401 antl-

1467 1406 1668 1454 turcica:
1698 1406 1878 1453 eodem
1907 1409 2131 1467 tempore
2162 1407 2385 1470 habitae.)

288 1756 566 1813 Btzssan'o.
602 1757 872 1826 episwpus
913 1750 1164 1826 Sabinus,
1199 1747 1493 1826 cardinum
1523 1747 1772 1826 Meterius
1798 1745 1867 1798 il-

358 1818 691 1883 ltistrissiniis
745 1818 900 1893 atque
956 1820 1168 1890 inclytis
1210 1818 1391 1872 Italiw
1450 1818 1795 1888 principibus.

351 1943 489 1996 Cum
534 1939 705 1994 Nonis
750 1934 1049 1991 Sextilibus
1080 1972 1093 1995 ,
1150 1931 1508 1986 illustrissimi
1568 1928 1863 1998 principes,

284 2034 726 2089 infelicissimum
757 2028 889 2081 illud
939 2041 1139 2080 novum
1169 2024 1427 2079 Euboica:
1463 2022 1770 2078 eversionis
1798 2023 1865 2076 ad

284 2140 382 2179 nos
426 2125 665 2194 primunt
701 2121 927 2173 allatum
960 2119 1158 2172 fuisset
1194 2115 1297 2188 (l),
1333 2130 1648 2184 eSsemque,
1699 2129 1864 2183 supra

280 2233 446 2285 quam
478 2212 586 2267 diei
618 2222 817 2281 potest,
848 2211 1034 2265 animo
1062 2208 1259 2263 anxius
1286 2219 1450 2276 atque
1480 2207 1771 2273 sollicitus,
1806 2216 1866 2261 ut

283 2309 371 2363 vix
400 2305 708 2375 respirandi
758 2318 982 2358 causam
1039 2302 1256 2355 viderer
1314 2299 1623 2365 habiturus,
1667 2297 1866 2353 accidit

279 2404 421 2456 forte
458 2400 676 2453 fortuna
707 2405 766 2451 ut
794 2410 863 2451 eo
908 2395 1031 2464 ipso
1065 2392 1179 2457 die,
1217 2392 1347 2446 dum
1381 2406 1561 2447 essem
1599 2391 1676 2445 ita
1728 2392 1865 2445 alre-

279 2502 423 2557 etus,
457 2488 672 2545 abbatis
706 2484 994 2557 cujusdam
1025 2485 1129 2539 viri
1163 2484 1357 2554 optimi
1404 2484 1749 2539 Bessarionis
1774 2484 1855 2540 lit-

279 2598 430 2641 teras
454 2598 484 2637 a
526 2578 772 2650 Neapoli,
811 2578 903 2633 ubi
938 2593 1083 2632 nunc
1119 2576 1456 2632 monasterio
1481 2575 1669 2632 Sancti
1694 2575 1863 2631 Seve—

280 2672 411 2736 rini,
447 2686 516 2727 ex
551 2666 835 2723 consortio
872 2665 1045 2721 beata:
1074 2665 1329 2733 Justinat,
1364 2665 1680 2735 praefectus,
1713 2680 1867 2720 acce-

280 2766 478 2834 perint,
510 2759 712 2833 quibus
743 2757 810 2814 ad
852 2773 937 2811 me
968 2756 1249 2812 scribebat
1277 2758 1621 2827 maiestatem
1661 2757 1864 2825 regiam

279 2856 423 2909 miro
480 2851 724 2923 quedam
768 2849 937 2904 animi
999 2848 1186 2903 studio
1243 2847 1311 2902 ad
1372 2847 1864 2917 propugnationem

277 2944 608 3001 Christiana:
657 2944 787 2998 fidei
818 2951 875 2998 et
915 2940 1301 2995 immanissimi
1350 2939 1527 2995 hostis
1566 2939 1738 2994 nostri
1780 2939 1865 2993 in-

281 3039 505 3093 teritum
562 3037 846 3091 ardentem
906 3044 1072 3104 atque
1125 3031 1523 3089 inflammatum
1570 3048 1710 3088 esse.
1759 3029 1873 3087 Illis

280 3147 404 3185 nioa
436 3128 721 3199 respondi,
756 3137 809 3182 et
846 3138 903 3180 ut
932 3127 1143 3182 litteras
1174 3141 1325 3181 meas
1348 3126 1677 3183 Celsitudiui
1704 3128 1869 3197 regite

280 3222 634 3287 ostenderet,
680 3220 890 3276 monui.
953 3220 1096 3275 Duas
1150 3228 1413 3290 praeterea
1451 3219 1728 3274 orationes
1773 3234 1872 3289 pro

282 3328 444 3369 tanta:
468 3316 549 3368 rei
585 3312 965 3383 magnitudine
993 3326 1057 3366 ac
1084 3311 1348 3381 periculis
1393 3310 1724 3367 Christianae
1762 3311 1869 3366 rei-

283 3407 517 3475 publicae
572 3404 997 3459 imminentibus
1050 3403 1194 3458 edidi
1242 3402 1473 3467 :altera
1526 3402 1873 3457 demonstra-

278 3513 398 3556 tum
433 3509 517 3555 est
569 3498 845 3553 fortunam
883 3496 1239 3566 periculaque
1278 3496 1381 3550 ista
1423 3496 1488 3551 ad
1527 3510 1721 3551 omnes
1744 3510 1873 3565 per-

284 3595 491 3658 tinere;
525 3592 697 3646 altera
733 3605 852 3654 vos,
888 3589 1054 3643 Italiae
1084 3588 1386 3658 principes,
1418 3589 1484 3642 ad
1514 3590 1868 3644 concordiam

282 3683 600 3751 bellumque
622 3680 675 3733 in
704 3679 891 3732 hosms
917 3676 1331 3733 decernendum
1362 3677 1691 3733 adhortatus
1721 3694 1867 3733 sum.

281 3772 340 3826 Id
368 3771 513 3826 enim
549 3784 673 3824 meo
701 3768 1002 3823 convenire
1035 3768 1453 3839 ollicioputavi.
1480 3768 1550 3822 At
1579 3783 1704 3824 eum
1737 3769 1873 3824 faci-

282 3865 389 3917 lius
412 3863 695 3918 auditores
726 3861 1046 3932 persuaderi
1070 3861 1286 3917 soleant
1311 3877 1422 3932 quo
1444 3862 1662 3931 gravior
1684 3872 1869 3917 aucto.

262 3954 418 4025 ritas
451 3962 505 4007 et
546 3952 682 4008 fides
711 3953 917 4009 dicenti
952 3952 1239 4019 tribuitur,
1295 3952 1705 4019 Demosthenis,
1743 3954 1866 4023 phi-

284 4043 500 4113 losophi
530 4043 860 4098 nobilissimi
904 4044 1221 4113 summique
1256 4044 1520 4105 oratoris,
1556 4044 1865 4096 orationem

281 4149 447 4204 quam
479 4134 533 4189 in
569 4135 690 4205 ejus
721 4134 947 4204 generis
974 4148 1137 4189 causa
1185 4132 1377 4187 habuit
1403 4148 1432 4187 e
1464 4131 1650 4187 Graeca
1682 4133 1867 4203 lingua

276 4228 337 4279 in
376 4225 621 4279 Latinam
662 4224 909 4279 converti
942 4266 956 4289 ,
1012 4223 1175 4292 plane
1221 4232 1281 4275 ut
1319 4237 1513 4276 omnes
1562 4222 1868 4290 intelligant

1906 1655 1950 1712 Α
1981 1655 2349 1723 eversionem,
2387 1656 2583 1712 littera:
2611 1658 2711 1714 abs
2745 1668 2796 1715 te
2824 1659 3047 1716 redditze
3097 1671 3225 1716 sunt
3268 1661 3318 1715 in
3358 1663 3566 1733 qufli-xs

1976 1760 2100 1799 cum
2134 1764 2197 1800 ea
2250 1747 2502 1816 legissem
2554 1763 2675 1818 qua:
2716 1751 2781 1805 de
2839 1753 3002 1821 regiae
3043 1750 3340 1821 maiestatis
3377 1752 3567 1806 animo

1972 1835 2268 1907 studioque
2300 1854 2407 1893 non
2441 1840 2707 1894 mediocri
2739 1841 2804 1894 ad
2835 1841 3022 1915 sedsam
3048 1841 3255 1898 Christi
3278 1842 3564 1897 tutandam

1970 1922 2365 1999 persc'ripsisti,
2390 1932 2585 2001 collegi
2611 1932 2894 2001 paululum
2923 1942 3165 1988 mentem
3191 1944 3247 1989 et
3268 1936 3563 2003 respiravi,

1970 2023 2225 2092 cmpique
2248 2032 2442 2093 optare
2466 2024 2827 2080 vehementer
2858 2036 2916 2080 ut
2940 2041 2997 2080 re
3023 2035 3241 2095 prmstet
3268 2028 3415 2097 quod
3439 2045 3567 2082 ver-

1968 2114 2053 2170 bis
2085 2115 2260 2185 ipsum
2295 2116 2620 2186 promisisse
2687 2118 2949 2175 affirmas.
2981 2120 3112 2185 Sed,
3143 2135 3242 2175 nos
3274 2120 3563 2189 infelices!

1968 2221 2164 2261 vereor
2192 2221 2260 2261 ne
2290 2206 2613 2263 criminibus
2663 2207 2866 2264 nostris
2905 2209 2973 2264 ab
3005 2210 3299 2265 immortali
3330 2211 3443 2267 Deo
3469 2211 3568 2266 de-

1967 2298 2122 2363 serti,
2178 2298 2492 2354 crudeliora
2546 2308 2810 2369 praeterea
2866 2310 2921 2355 et
2957 2301 3205 2371 graviora
3239 2301 3561 2371 patiamm;

1976 2390 2222 2454 demum,
2254 2390 2687 2461 percunctando,
2732 2391 2870 2446 alter
2900 2394 3135 2447 alterum
3165 2396 3563 2463 exspecmndo.

1975 2478 2200 2547 culpam
2252 2481 2305 2532 in
2348 2480 2486 2533 alios
2544 2481 2867 2550 rejiciendo,
2912 2484 2979 2538 ad
3017 2484 3260 2538 ultimam
3313 2486 3567 2539 labamur

1968 2570 2293 2639 perniciem.
2319 2568 2362 2623 Ο
2401 2572 2635 2625 miseros
2664 2570 3049 2627 Christianos!
3083 2589 3115 2627 ο
3150 2588 3327 2628 c:ecos
3358 2574 3560 2629 Italos!

1967 2662 2424 2729 Accelerandum,
2450 2663 2727 2729 Bessario,
2768 2674 2827 2719 ut
2851 2665 2933 2719 vel
2968 2681 3033 2720 ex
3064 2666 3168 2720 hoc
3197 2668 3403 2721 saculo
3450 2666 3563 2721 Deo

1968 2755 2185 2810 volente
2243 2756 2542 2825 migretuus
2596 2756 2649 2810 in
2702 2772 2879 2811 aevum
2936 2757 3068 2813 illud
3134 2759 3559 2828 sempiternum,

1968 2848 2053 2901 vel
2103 2848 2157 2901 in
2206 2848 2369 2902 aliam
2406 2849 2646 2917 aliquam
2698 2850 2978 2919 regionem
3036 2852 3379 2905 advolemus.
3438 2853 3562 2907 Non

1973 2940 2357 3008 exspecto-mus
2410 2948 2561 2995 certe
2614 2939 2857 2994 Turcum
2914 2940 3126 2995 Italiam
3181 2942 3561 2997 invadentem.

1976 3029 2092 3085 IIuc
2128 3040 2357 3100 spectat,
2391 3031 2552 3087 crede
2586 3032 2741 3099 mihi,
2777 3032 2880 3089 hoc
2909 3035 3041 3104 agit,
3080 3033 3147 3089 ad
3182 3035 3286 3090 hoc
3316 3050 3373 3091 se
3407 3051 3566 3090 com-

1977 3132 2151 3193 parat,
2187 3122 2291 3176 ltoc
2327 3134 2527 3179 conatu
2556 3124 2703 3179 omni
2736 3135 2790 3180 et
2818 3124 3002 3181 studio
3032 3128 3337 3182 contendit.
3378 3127 3439 3181 Et
3471 3128 3561 3182 di-

1977 3232 2135 3285 cam,
2175 3218 2353 3272 dicam
2405 3218 2596 3288 plane,
2638 3217 2778 3288 proh
2824 3219 3015 3274 dolori
3057 3220 3371 3289 assequitur
3409 3223 3559 3290 quod

1976 3313 2149 3381 cupit,
2191 3311 2295 3366 nisi
2325 3330 2353 3366 a
2389 3325 2583 3365 somno
2619 3310 2874 3379 capitali,
2909 3326 3020 3381 quo
3062 3311 3323 3381 paulatim
3356 3296 3565 3368 exstin-

1977 3407 2207 3477 guitur,
2258 3406 2672 3476 expergiscatur
2720 3403 2825 3476 [ες.
2863 3402 3040 3476 Italia]
3074 3448 3089 3472 ,
3164 3406 3269 3461 nisi
3327 3422 3563 3463 concors

1978 3506 2144 3565 atque
2180 3512 2290 3549 uno
2319 3509 2591 3550 consensu
2626 3494 2847 3549 fortiter
2886 3494 3130 3565 totisque
3156 3497 3371 3552 viribus
3402 3507 3561 3551 lanio

1981 3589 2151 3643 furori
2186 3588 2425 3653 resistat,
2467 3586 2573 3642 nisi
2609 3587 2832 3642 omissis
2888 3586 3182 3656 figmentis,
3212 3591 3397 3643 caus’s
3422 3605 3562 3660 quas

1973 3682 2182 3752 jaCIare
2234 3681 2392 3746 Solet,
2453 3688 2511 3733 ut
2553 3680 2711 3747 justas
2742 3680 3053 3746 videantur,
3084 3681 3228 3737 inani
3262 3683 3559 3737 verborum

1976 3774 2125 3837 fuco,
2153 3788 2211 3827 re
2230 3773 2365 3841 ipsa,
2385 3788 2573 3842 opera,
2598 3772 2789 3839 armis,
2814 3774 2999 3829 crucis
3030 3773 3216 3829 hostes
3247 3775 3560 3833 adoriatur.

1974 3863 2308 3923 Versabatur
2340 3862 2469 3917 olim
2521 3864 2578 3917 in
2647 3862 2969 3920 discrimine
3018 3864 3363 3936 Byzantium.
3400 3867 3555 3921 Nulla

1974 3960 2144 4015 Italia:
2173 3974 2298 4030 pars
2339 3956 2487 4012 misit
2537 3957 2807 4021 subsidia,
2848 3973 2965 4013 rem
2998 3959 3238 4015 alienam
3291 3963 3563 4031 putabant

1976 4069 2198 4120 omnes;
2228 4052 2531 4122 periculum
2560 4051 2625 4104 ad
2657 4066 2714 4106 se
2748 4067 2857 4107 non
2890 4053 3169 4122 pertinere
3200 4054 3337 4109 falso
3369 4055 3563 4125 crede-

1977 4144 2128 4199 bant.
2154 4143 2316 4213 Atqui
2336 4150 2522 4212 postea
2542 4154 2835 4198 senserunt
2853 4152 2987 4213 quot
3004 4146 3145 4199 mala
3166 4147 3375 4215 experti
3404 4158 3553 4214 sunt,

1976 4246 2111 4306 quot
2135 4234 2573 4291 Christianorum
2606 4233 2861 4300 fortunae,
2898 4251 3050 4305 opes,
3073 4238 3301 4306 imperia
3330 4239 3385 4294 in
3422 4241 3559 4295 Tur-

282 4330 368 4371 me
403 4330 587 4386 neque
619 4314 860 4381 inutilia,
898 4327 1078 4382 neque
1124 4313 1589 4382 amplissimorum
1625 4313 1867 4367 virorum
1898 4346 1941 4401 c
1975 4345 2165 4385 eorum
2218 4326 2654 4382 dominationem
2699 4325 2953 4393 redacta;
3020 4328 3553 4399 Trapezuutiorum,

280 4409 637 4479 opinionibus
667 4407 846 4462 aliena
880 4405 1191 4460 consulere.
1236 4406 1309 4459 Ea
1340 4404 1525 4458 omnia
1564 4404 1722 4459 vobis
1749 4406 1871 4458 tuit-

259 4499 446 4553 ‘tcnda
480 4499 668 4553 censui
700 4541 715 4565 ,
757 4506 815 4551 ut
846 4505 941 4550 aut
968 4496 1071 4565 ipsi
1101 4495 1314 4565 legatis,
1364 4510 1489 4550 cum
1516 4511 1616 4566 per
1652 4497 1871 4566 publica

279 4592 521 4660 negotia,
545 4606 667 4661 quae
697 4590 867 4643 multa
895 4589 1121 4659 quidem
1146 4597 1201 4641 et
1226 4587 1414 4657 gravia
1444 4596 1596 4652 sunt,
1625 4588 1868 4654 licuerit,

278 4697 374 4740 aut
414 4685 540 4739 aliis
601 4683 828 4754 legenda
883 4691 1049 4750 atque
1099 4679 1387 4735 referenda
1436 4680 1686 4736 tradatis.
1731 4680 1869 4735 Sunt

278 4778 425 4832 enim
466 4776 684 4831 cunctis
724 4774 880 4830 vobis
923 4773 1267 4844 principibus
1304 4776 1618 4829 communia
1652 4818 1667 4841 ,
1722 4777 1817 4846 qui
1847 4819 1862 4843 ,

284 4880 343 4923 ut
386 4869 622 4923 feliciter
661 4868 792 4922 huic
843 4867 1201 4921 nobilissima:
1241 4867 1538 4935 provincia:
1590 4869 1862 4937 prwestis,

280 4963 354 5015 ita
394 4962 448 5015 in
489 4969 775 5031 posterum
817 4959 1032 5013 felicius
1065 4973 1186 5012 eam
1221 4959 1446 5028 regatis,
1501 4969 1557 5013 et
1582 4975 1685 5015 nos
1711 4970 1869 5031 Opta-

278 5067 422 5120 mus,
460 5059 514 5108 et
550 5068 647 5108 vos
681 5052 872 5108 conari
919 5050 1158 5106 debetis.

280 5256 541 5314 Bassania
562 5258 855 5314 cardiualis
882 5258 1196 5382 Bassiuuom
1228 5258 1482 5313 niouacho
1506 5268 1665 5329 atque
1687 5259 1867 5313 abbati

952 5346 1006 5382 su
1039 5342 1200 5382 ulcm.

952 5342 1200 5384 salutem.

357 5419 672 5493 Deploranti
724 5437 899 5493 nuper
930 5420 1067 5475 mihi
1104 5419 1549 5476 Christianorum
1582 5418 1866 5473 hominum

283 5515 630 5572 calamitates
686 5525 745 5570 et
798 5515 1214 5570 acerbissimam
1275 5512 1557 5569 Chalcidis
1611 5514 1870 5568 Euboica:

354 5650 432 5718 (ι)
469 5651 681 5707 Annoa
742 5649 952 5705 mundo
1009 5648 1238 5705 condito
1277 5647 1418 5703 6978
1479 5647 1630 5718 (Chr.
1694 5647 1863 5717 H70)

283 5720 533 5774 sultanus
573 5722 775 5783 bellum
827 5720 1052 5775 Venetis
1091 5722 1242 5783 fecit,
1282 5729 1425 5773 terra
1479 5722 1730 5787 marique
1768 5734 1867 5788 ag-

286 5803 525 5861 gressus.
561 5790 907 5861 Expuguavit
936 5790 1254 5845 Chalcidem
1289 5789 1534 5856 Eubazue,
1568 5789 1659 5843 ubi
1700 5790 1868 5859 quid-

382 5986 413 6005 Χ

1981 4420 2390 4489 Sinopensium,
2430 4417 2836 4489 Mityienorum,
2870 4417 3432 4490 Peloponuesiorum,
3458 4425 3560 4480 Ca-

1980 4512 2095 4577 riae,
2134 4509 2360 4575 Ciliciae,
2403 4506 2583 4579 Mysiae
2614 4551 2629 4573 ,
2672 4505 2969 4563 Pannonia:
3022 4511 3320 4581 inferioris,
3369 4516 3563 4585 Epiro-

1982 4611 2179 4666 tarum,
2219 4600 2565 4669 lllyricorum
2600 4613 2793 4669 magna
2823 4615 2889 4653 ex
2925 4608 3103 4669 parte,
3131 4614 3412 4672 postremo
3441 4607 3557 4661 Eu-

1980 4694 2286 4747 boicorum.
2319 4688 2462 4754 Quid
2496 4687 2609 4741 ita?
2641 4688 2780 4753 Quia
2828 4691 3126 4745 noluerunt
3163 4695 3559 4765 quinquaginta

1976 4782 2208 4836 millium
2252 4792 2550 4833 aureorum
2603 4786 2827 4846 sumptu
2885 4778 2940 4832 in
2995 4788 3239 4851 tempore
3302 4786 3556 4853 epitulari

1975 4872 2236 4945 Byzantio
2270 4879 2328 4924 et
2366 4868 2436 4923 ab
2471 4882 2533 4921 ea
2571 4882 2924 4923 communem
2965 4870 3183 4927 hostem
3212 4876 3557 4943 propulsare.

1976 4965 2109 5020 Inde
2151 4964 2409 5016 nimirum
2452 4960 2570 5014 haec
2608 4961 2794 5015 omnia
2852 4962 3001 5017 ivere
3070 4966 3342 5034 perditum
3386 5004 3403 5029 .
3477 4977 3555 5034 et,

1978 5067 2235 5123 tanquam
2278 5051 2441 5105 ovilis
2493 5050 2708 5105 foribus
2748 5054 3083 5121 confractis,
3126 5054 3289 5125 lupus
3330 5058 3382 5111 in
3424 5073 3559 5115 oves

1979 5148 2245 5215 impetum
2298 5141 2469 5207 fecit;
2515 5146 2655 5196 intra
2696 5159 2888 5198 earum
2927 5145 3095 5199 latera
3136 5158 3423 5215 versatur,
3470 5151 3559 5206 in-

1977 5240 2181 5303 sultat,
2224 5235 2471 5291 cwdibus
2512 5236 2664 5302 furit,
2711 5246 2768 5291 et
2824 5246 2937 5292 tum
2978 5253 3170 5293 eorum
3209 5257 3331 5311 qua:
3369 5245 3560 5300 amisi-

1977 5346 2099 5384 mus
2140 5327 2577 5397 unumquodque
2627 5329 2838 5384 centies
2886 5331 3123 5386 millenis
3162 5333 3405 5390 millibus
3446 5354 3555 5393 non

1978 5422 2355 5491 imprudenter
2390 5429 2693 5487 emeretur,
2740 5421 2849 5477 imo
2891 5440 3019 5478 vero
3061 5442 3295 5484 numero
3339 5430 3558 5485 inﬁnito

1978 5513 2378 5585 quinquaginta
2412 5511 2581 5566 millia
2613 5523 2858 5583 superat.
2893 5516 3032 5582 Quid
3069 5521 3228 5577 nobis
3252 5537 3378 5578 cum
3409 5523 3559 5580 Crte-

1975 5646 2107 5717 quid
2134 5645 2424 5701 masculini
2480 5661 2644 5702 sexus
2698 5648 3089 5708 duodecimum
3130 5659 3307 5714 relatis
3348 5675 3558 5717 annum

1976 5718 2251 5794 excedeth
2276 5718 2723 5794 erat,ﬂinte_rfecit
2758 5734 2984 5794 propter
3007 5726 3347 5786 deditionem
3396 5747 3560 5787 recu-

1978 5737 2251 5772 Ριεθαειιε
2276 5737 2419 5782 erat,
2444 5737 2723 5773 IlllerleCII
2774 5738 2824 5774 II"

1978 5799 2174 5844 satam.
2207 5785 2631 5857 Turre-Gracia,
2663 5804 2721 5860 p.
2753 5737 2824 5846 £5
