3880 6220
320 297 431 364 ϐἒμθ

1365 302 1818 368 ῡιυλτιοιηιςς»Δ
1844 306 2146 371 CONTRA
2181 311 2497 376 ΤυηαΑε.
2579 286 2584 291 ”

3458 267 3575 390 .5.

320 414 421 479 cis,
459 412 592 482 quid
645 428 767 468 curn
811 413 1018 486 Mysiis,
1065 410 1316 487 Illyricis,
1359 419 1753 476 Panuonihus?
1797 420 1897 476 Pe-
1924 424 1971 484 Α
2000 425 2165 481 nibus
2193 428 2290 496 qui
2338 429 2570 498 privatis
2602 428 2801 484 studiis
2834 437 2890 484 et
2945 429 3235 486 affectibus
3292 435 3450 489 vacui
3484 452 3575 491 es-

320 513 502 570 reant,
544 505 836 573 inquiunt,
879 507 1010 576 quid
1052 509 1251 563 nobis?
1305 507 1477 566 Nobis
1513 511 1654 566 bene
1683 511 1777 577 sit,
1813 513 1899 566 in-

321 603 537 651 tereant
570 596 688 650 alii.
732 595 848 652 liue
878 597 1030 664 ades,
1067 591 1214 655 bone
1266 601 1372 665 vir,
1411 601 1483 654 ita
1521 601 1802 671 siquidem
1838 601 1906 654 li-

285 689 510 743 »hertas
547 695 642 741 tua
679 689 896 742 servari
947 690 1174 758 poterit.
1233 689 1305 745 At
1343 704 1452 744 non
1491 689 1759 762 intelligis
1796 693 1906 746 tuis

319 778 528 834 viribus
559 778 690 847 (tua:
715 778 860 832 enim
890 778 1332 836 Christianorum
1365 783 1515 837 vires
1547 784 1725 851 sunt),
1771 785 1903 851 tuis,

324 870 574 937 inquam,
611 868 896 924 exhaustis
944 869 1157 924 viribus
1205 880 1358 926 tanto
1389 879 1444 927 te
1484 872 1903 930 imbecilliorem

320 971 374 1016 et
400 959 717 1016 inferiorem
754 959 891 1023 fore,
919 969 1127 1030 quanto
1158 961 1333 1018 hostis
1362 971 1490 1018 tuus
1544 965 1803 1032 superior
1837 981 1904 1022 ac

320 1055 597 1128 potentior
632 1053 845 1118 evadet,
870 1068 993 1107 cum
1021 1068 1131 1123 quo
1169 1055 1389 1110 tandem
1409 1056 1506 1111 tibi
1529 1057 1902 1113 dimicandum

321 1154 424 1202 est.
470 1144 617 1201 Satis
652 1145 798 1200 enim
842 1145 1123 1200 videberis
1163 1147 1233 1202 ab
1283 1147 1442 1202 hoste
1481 1147 1833 1218 impetrasse,
1859 1150 1904 1205 si

323 1239 468 1309 quod
526 1237 899 1308 Polyphemus
940 1237 1140 1307 Ulyssi,
1167 1247 1226 1292 nt
1265 1239 1319 1292 in
1359 1221 1566 1294 fabulis
1583 1239 1820 1307 dederit,
1848 1250 1908 1295 ut

325 1331 551 1386 ultimus
587 1329 1037 1385 conficiare.Tibi
1087 1331 1167 1384 vel
1192 1329 1368 1386 invito
1396 1329 1696 1386 cedendum
1722 1332 1828 1386 erit
1851 1339 1908 1387 et

325 1421 565 1477 servitus
628 1419 936 1486 subeunda,
977 1437 1100 1490 quae
1158 1437 1281 1476 cum
1335 1438 1434 1491 per
1469 1437 1527 1476 se
1567 1422 1743 1492 turpis
1799 1421 1903 1488 sit,

330 1523 444 1566 tum
497 1511 817 1566 conditione
858 1511 1064 1564 domini
1102 1511 1708 1581 turpissima.£0bsessa
1745 1511 1908 1568 Chal-

327 1604 409 1659 cis
449 1604 502 1656 in
549 1603 776 1666 Eultma,
821 1602 956 1656 urbs
992 1603 1270 1671 quondam
1309 1603 1718 1670 florentissima,
1764 1604 1908 1658 unde

328 1695 532 1751 Cumas
593 1695 644 1747 in
707 1692 1002 1761 Campania
1057 1693 1289 1748 deducta
1328 1703 1413 1761 est
1467 1694 1706 1758 colonia,
1749 1694 1896 1748 unde

330 1787 579 1842 homines
621 1794 913 1838 manarunt
951 1787 1045 1854 qui
1087 1759 1367 1855 Neapolim
1406 1785 1792 1850 incoluerunt,
1839 1784 1892 1840 vi
1929 1759 1972 1814 Β

331 1888 511 1947 rapta,
553 1893 744 1933 eversa
773 1918 787 1941 ,
830 1878 978 1934 ferro
1021 1879 1245 1949 ignique
1311 1886 1658 1946 consumpta.
1703 1876 1928 1932 Classis'

334 1968 636 2023 Turcorum
691 1969 1021 2038 amplissima
1080 1985 1176 2039 per
1245 1979 1419 2023 totum
1488 1966 1905 2037 Hellespontum

327 2069 609 2125 vagatur;
700 2049 918 2130 fugatus
987 2061 1194 2116 navalis
1233 2059 1567 2115 Venetorum
1627 2061 1910 2132 exercitus

327 2151 583 2221 aufugit,
642 2152 789 2206 cevlit
856 2152 976 2206 loco
1013 2192 1028 2217 ,
1094 2152 1291 2207 latitat.
1334 2152 1497 2207 Turci
1548 2152 1788 2207 victoria:
1828 2153 1910 2208 fu-

333 2258 513 2296 rorem
553 2242 1015 2313 superbissimum
1073 2244 1132 2300 in
1181 2258 1380 2299 omnes
1426 2244 1636 2299 insulas
1670 2244 1792 2299 illas
1822 2244 1911 2298 de-

333 2334 708 2399 ltavclrantur,
761 2343 1012 2389 avertunt
1074 2349 1294 2390 omnem
1350 2335 1624 2401 ordinem,
1669 2343 1906 2401 atatem,

334 2439 524 2478 sexum
583 2423 638 2478 in
678 2425 950 2494 praedam;
989 2435 1205 2480 vastant
1250 2439 1446 2496 agros,
1482 2424 1908 2495 depopulantur.

334 2515 475 2583 Quid
522 2516 590 2570 ad
649 2516 789 2570 nos?
840 2517 1060 2572 Venetis
1117 2531 1268 2571 cura:
1313 2517 1406 2572 sit.
1457 2516 1628 2572 Recte
1667 2531 1796 2572 cum
1844 2516 1914 2572 iis

333 2617 544 2662 aetum.
566 2607 708 2663 Utile
725 2609 874 2662 enim
899 2616 1068 2672 esset,
1108 2608 1151 2664 si
1178 2608 1528 2680 gravioribus
1551 2607 1914 2665 incommodis

336 2697 789 2754 conﬂictarentur
825 2717 837 2754 :
871 2699 1116 2768 quietius
1158 2700 1344 2755 cmteri
1375 2709 1432 2755 et
1476 2699 1728 2756 securius
1764 2702 1915 2755 vive-

337 2806 548 2847 remus.
580 2792 814 2848 Tantum
856 2795 972 2850 otio
1002 2803 1192 2849 nostro
1237 2796 1452 2850 accedit
1497 2805 1770 2866 quantum
1800 2795 1914 2851 illis

336 2881 554 2946 imperii
605 2884 886 2952 demitur;
927 2889 970 2942 si
1032 2887 1153 2958 quis
1182 2888 1276 2958 qui
1324 2889 1481 2943 malis
1508 2889 1628 2944 istis
1681 2888 1916 2960 ingemi-

336 2985 476 3031 scat.
509 2974 558 3030 is
590 2976 860 3043 Venetus,
911 2979 1242 3035 Venetorum
1277 2981 1528 3051 partibus
1583 2980 1750 3046 favet,
1805 2997 1915 3036 non

2015 527 2163 584 sent,
2199 533 2261 573 ea
2295 522 2480 576 omnia
2520 523 2696 592 palam
2736 532 2898 577 erant
2927 532 2986 578 et
3036 523 3091 579 in
3121 534 3399 594 promptu.
3431 527 3572 580 Turn

2002 607 2184 662 sibilis
2209 609 2378 679 vulgi,
2416 610 2773 668 honestorum
2808 613 3057 670 moribus
3082 614 3444 683 explodebar.
3477 615 3574 670 .iuo

2003 696 2262 754 dicabant
2299 699 2636 769 dementem,
2683 703 2916 759 somniis
2943 703 3209 759 deditum.
3275 705 3444 762 Risus
3499 705 3570 763 de

2005 802 2094 843 me
2155 805 2264 844 non
2318 805 2540 860 parvus,
2573 803 2635 847 ut
2694 794 2827 862 scis,
2872 795 3166 852 excitatus.
3201 795 3308 852 Sed
3349 805 3572 864 tamen,

2004 875 2143 944 proh
2177 875 2366 930 dolori
2415 888 2728 935 evenerunt
2743 883 2948 948 omnia,
2966 893 3024 937 ut
3039 883 3284 952 praedixi.
3303 884 3574 951 Caveant,

2007 965 2101 1035 qui
2139 967 2254 1022 hac
2283 968 2539 1035 audiunt,
2573 985 2642 1026 ne
2672 971 2816 1027 idem
2870 975 3088 1031 accidat
3149 977 3203 1031 in
3264 986 3571 1047 posterum.

2003 1055 2125 1112 Non
2157 1057 2382 1113 timidus
2417 1059 2668 1116 Bessario
2697 1061 2753 1116 in
2784 1063 3087 1120 subeundis
3130 1067 3392 1136 periculis
3442 1085 3458 1123 :
3509 1071 3579 1124 ti-

2006 1147 2189 1202 midus
2224 1149 2278 1202 in
2307 1150 2727 1220 prospiciendis.
2762 1151 2952 1209 Posset
2981 1155 3163 1210 adhuc
3192 1155 3440 1221 inermis.
3463 1173 3581 1213 rno-

2007 1236 2221 1292 nachus
2247 1253 2441 1303 senex,
2470 1241 2734 1312 majorem
2766 1245 3013 1300 animum
3039 1253 3094 1302 et
3122 1262 3235 1318 pra:
3258 1262 3318 1303 se
3349 1247 3497 1305 ferre
3521 1257 3579 1306 et

2007 1337 2294 1398 prastare,
2349 1346 2516 1400 quam
2560 1333 2651 1390 isti
2709 1339 3037 1405 persuasum
3096 1338 3359 1406 habeant,
3412 1338 3578 1394 modo

2005 1419 2309 1477 Christiani
2343 1424 2627 1495 principes
2655 1427 2861 1483 vellent
2913 1428 3096 1484 facere
3142 1430 3289 1497 quod
3319 1439 3577 1501 possunt,

2008 1512 2170 1580 quod-
2203 1511 2424 1569 debent.
2464 1514 2572 1571 iret
2615 1516 2732 1586 ipse
2764 1519 2816 1572 in
2873 1519 3086 1576 hostem
3137 1537 3262 1578 cum
3293 1522 3582 1586 militibus,

2011 1619 2137 1658 cum
2195 1605 2522 1662 cohortibus
2582 1609 2832 1675 armatis,
2888 1626 3014 1667 curn
3077 1613 3582 1685 prupugnatoribus

2011 1695 2198 1752 crucis
2231 1697 2304 1751 ita
2336 1697 2561 1767 quidem
2593 1699 2906 1765 instructis.
2941 1712 2998 1757 ut
3026 1703 3173 1760 vires
3201 1716 3258 1760 et
3289 1705 3486 1774 copiae.
3520 1711 3584 1758 ut

2012 1790 2257 1860 legiones
2288 1789 2523 1846 hostiles
2548 1792 2852 1860 postulant.
2901 1793 3042 1860 Quid
3066 1794 3080 1848 l
3105 1794 3452 1864 agitamusne
3475 1794 3581 1850 ista

2012 1880 2198 1935 animo
2237 1879 2457 1936 cunctis
2486 1880 2550 1936 ad
2579 1881 2685 1938 hoc
2717 1883 3145 1951 dormientibus,
3175 1884 3583 1943 dissidentibus

2011 1970 2159 2025 inter
2187 1986 2335 2032 sese,
2385 1970 2560 2026 altero
2595 1972 2830 2028 alterius
2901 1974 3202 2042 perniciem
3265 1976 3584 2044 optantibus

2011 2071 2066 2116 et
2098 2061 2496 2117 molientibus?
2571 2062 2798 2119 Undene
2831 2065 3084 2120 Bessario
3114 2080 3238 2121 cum
3274 2065 3469 2129 altero,
3493 2081 3584 2122 se-

2011 2167 2112 2207 nes
2141 2155 2324 2218 ambo,
2367 2155 2576 2209 incerta
2609 2155 2950 2220 valetudine,
2986 2157 3201 2213 viribus
3254 2157 3438 2222 fracti,
3490 2172 3584 2212 ar-

2012 2244 2221 2300 ccbunt
2253 2253 2465 2300 tantum
2507 2244 2675 2302 Τυωί
2716 2248 2980 2317 impetum
3017 2248 3414 2317 potentissimi,
3445 2263 3578 2305 san-

2013 2335 2237 2407 guinem
2269 2333 2648 2392 Christianum
2708 2338 3064 2395 anhelantis?
3113 2338 3395 2408 Ineptum.
3446 2339 3586 2392 κιαι.

2017 2442 2152 2497 tum,
2185 2429 2403 2485 inutile.
2433 2428 2594 2492 Veni,
2644 2428 2944 2497 migremus
2995 2429 3126 2483 alio.
3187 2429 3593 2499 Relinquamus

2014 2518 2362 2589 principibus
2409 2517 2578 2574 italia:
2613 2532 2803 2573 curam
2832 2519 3012 2575 istam.
3051 2519 3182 2575 Nam
3211 2528 3268 2576 et
3320 2519 3399 2574 illi
3461 2534 3564 2575 nos

2015 2610 2388 2680 reliquerunt,
2418 2619 2584 2680 atque
2611 2610 2917 2666 obaudiunt
2947 2610 3184 2681 jamdiu,
3226 2622 3488 2680 tanquam
3549 2625 3585 2666 ο

2015 2703 2244 2772 speculo
2273 2702 2413 2758 clam
2426 2711 2605 2766 antes,
2638 2702 3026 2772 praedicentes,
3055 2709 3428 2772 proponent-s
3456 2709 3589 2756 ante

2017 2792 2209 2846 oculos
2239 2807 2435 2847 eorum
2471 2791 2743 2861 pericula.
2779 2791 3046 2864 Optemus
3085 2801 3267 2847 tamen
3307 2789 3489 2845 adhuc
3517 2791 3588 2846 ab

2016 2883 2314 2939 immortali
2377 2885 2488 2940 Deo
2540 2884 2826 2940 Salvatore
2881 2892 3093 2947 nostro,
3147 2891 3209 2936 ut
3255 2879 3592 2939 criminibus

2020 2970 2230 3030 nostris
2264 2975 2544 3046 ignoscat;
2577 2983 2632 3031 et
2669 2974 2854 3039 (idem,
2885 2976 3044 3046 cujus
3100 2985 3156 3030 et
3211 2975 3357 3030 lator
3390 2971 3496 3029 fuit
3530 2980 3589 3028 et

337 3068 678 3134 audiendus,
715 3071 1182 3128 contemnendus.
1244 3071 1291 3127 Ο
1350 3081 1566 3144 turpem
1620 3074 1909 3130 hominum
1939 3100 1982 3158 ο
2016 3076 2230 3134 auctor,
2259 3081 2422 3135 quam
2454 3067 2521 3121 ad
2551 3066 2877 3122 saeculorum
2925 3065 3092 3122 tinem
3122 3079 3402 3138 nunquam
3432 3079 3592 3119 occa-

339 3159 731 3229 ignorantiam,
775 3177 809 3217 o
862 3163 1200 3229 vecordiam,
1229 3178 1262 3217 o
1285 3163 1598 3220 insanabile
1631 3164 1843 3228 odium,
1877 3181 1911 3219 ο

339 3259 669 3317 inimicitias
721 3262 917 3318 stultas
953 3272 1007 3317 et
1039 3263 1320 3319 inauditas
1382 3279 1506 3333 quze
1533 3263 1586 3317 in
1621 3273 1910 3317 auctorum

337 3349 553 3404 viscera
578 3353 830 3417 saeviunt,
859 3358 1112 3422 quamvis
1138 3353 1190 3407 in
1219 3354 1357 3407 alios
1385 3362 1658 3421 susceptas
1687 3352 1914 3407 videan-

338 3441 470 3496 turi
511 3440 666 3506 Veni,
695 3442 969 3509 Bessario,
1003 3443 1280 3516 fugiamus
1307 3444 1492 3498 simul.
1522 3442 1814 3498 Proximus
1857 3456 1911 3500 tu

347 3548 411 3587 es
441 3532 686 3601 periculo
718 3551 732 3587 :
765 3550 866 3604 ego
897 3538 1206 3604 proximus.
1237 3536 1408 3590 Paulo
1439 3538 1586 3593 enim
1623 3548 1745 3607 post
1773 3555 1912 3608 prte-

343 3632 434 3677 sto
467 3622 576 3678 erit
619 3624 918 3680 Brundusii
974 3627 1188 3681 navalis
1242 3627 1551 3682 Turcorum
1612 3633 1915 3696 exercitus,

347 3721 552 3780 praesto
584 3712 835 3784 Neapoli,
871 3725 1071 3786 prasto
1121 3715 1326 3772 Romae.
1359 3717 1480 3773 Jam
1537 3719 1608 3774 ita
1650 3719 1787 3774 mari
1821 3720 1920 3775 do-

345 3803 614 3867 minatur,
650 3804 874 3862 Venetis
899 3808 1244 3874 cedentibus,
1285 3810 1752 3879 quemadmodum
1809 3821 1920 3868 ler-

351 3912 435 3953 ra.
466 3897 543 3952 Ita
597 3899 718 3954 istis
746 3899 1200 3964 consultantibus,
1259 3901 1531 3972 tt'ajieient
1567 3906 1622 3957 in
1663 3902 1919 3973 Apuliam

350 3991 525 4046 multa
583 3991 824 4046 militum
860 3993 1054 4058 millia,
1093 3995 1296 4064 quibus
1349 3994 1674 4060 abundant;
1735 3995 1805 4050 ab
1856 3995 1926 4052 iis

355 4084 607 4154 quotidie
629 4085 760 4140 fient
791 4085 1138 4142 incursiones
1169 4086 1223 4140 in
1253 4102 1444 4157 agrum
1473 4086 1922 4157 Neapolitanum,

353 4177 409 4232 in
439 4180 768 4234 Romanum.
804 4177 1098 4245 Cedamus,
1128 4181 1380 4250 inquam,
1415 4189 1570 4235 tanto
1593 4181 1824 4246 turbini,
1855 4195 1926 4236 ne

353 4286 459 4327 nos
493 4272 701 4342 pariter
729 4269 822 4326 hic
857 4275 1167 4341 opprimat;
1204 4271 1405 4328 infensi
1434 4273 1512 4327 illi
1538 4273 1762 4342 quidem
1796 4281 1928 4327 sunt

357 4363 576 4417 nomini
612 4378 756 4428 meo,
787 4371 841 4418 et
873 4364 970 4418 tibi
1000 4373 1226 4434 propter
1261 4379 1370 4426 me,
1403 4365 1619 4420 tametsi
1650 4364 1804 4421 nullo
1830 4378 1928 4420 eos

2020 3176 2206 3216 suram
2241 3161 2523 3230 pollicitus
2561 3161 2618 3216 in
2669 3160 2836 3216 tantis
2884 3162 3062 3225 malis,
3090 3175 3216 3233 qua)
3270 3159 3434 3217 nobis
3488 3161 3597 3217 im-

2020 3251 2282 3322 pendent,
2319 3261 2436 3306 tum
2472 3262 2693 3323 urgent,
2724 3261 2967 3308 tueatur.
3010 3253 3130 3309 Non
3162 3253 3595 3311 intermittamus

2019 3343 2228 3398 hortari
2255 3353 2310 3398 et
2340 3359 2531 3415 rogare
2554 3344 2829 3415 principes
2847 3352 3086 3410 nostros,
3108 3352 3167 3399 ut
3192 3343 3259 3398 ad
3284 3329 3594 3406 sacrorum,

2021 3433 2500 3499 rmremoniarum,
2533 3434 2704 3490 totius
2739 3435 3080 3505 principatus
3111 3433 3473 3490 ecclesiastici
3507 3449 3596 3489 sa-

2029 3525 2227 3588 lutem,
2260 3525 2493 3582 consilia
2546 3526 2730 3583 omnia
2772 3525 3081 3595 conferant,
3116 3526 3385 3590 laborem,
3434 3519 3600 3603 indub

2033 3615 2250 3682 striam,
2286 3617 2700 3689 cogitationem,
2731 3626 2904 3674 totum
2961 3618 3203 3674 animum
3233 3626 3398 3686 atque
3451 3616 3603 3686 inge-

2027 3707 2203 3762 nium.
2261 3708 2615 3778 Appellemus
2645 3707 2847 3765 Sicilia
2894 3724 3077 3780 regem
3126 3707 3602 3770 ﬂorentissimum,

2028 3815 2289 3872 rogemus
2317 3809 2398 3867 ut,
2425 3801 2643 3872 imperii
2673 3803 2758 3857 sui
2836 3800 3040 3858 finibus
3101 3799 3367 3866 tutandis,
3422 3814 3608 3868 neque

2029 3911 2182 3963 cura,
2218 3911 2399 3967 neque
2433 3896 2634 3964 opibus
2660 3895 2824 3951 desit.
2877 3895 2985 3950 Res
3017 3893 3122 3965 ipsi
3154 3894 3260 3950 erit
3289 3909 3415 3952 cum
3445 3893 3608 3948 hoste

2029 3989 2216 4044 vicino
2245 3998 2302 4043 et
2361 3987 2770 4058 potentissimo.
2801 3985 3105 4042 Cousulant
3143 3984 3312 4043 rebus
3338 3985 3455 4042 suis
3493 3983 3607 4039 Tuv

2033 4079 2135 4143 sci,
2165 4078 2417 4150 Ligures,
2441 4077 2723 4141 Insubres,
2755 4073 2988 4131 Veneti:
3020 4076 3266 4146 cogitent
3295 4089 3406 4146 quo
3446 4083 3610 4144 pacto

2034 4171 2103 4226 ab
2126 4169 2314 4226 hostili
2345 4168 2554 4224 smvitia
2581 4167 2686 4223 tuti
2719 4167 2851 4224 sint.
2887 4167 3049 4223 Nulla
3087 4168 3240 4224 inter
3263 4181 3397 4222 oves
3421 4175 3480 4222 ct
3518 4166 3608 4221 lu-

2036 4277 2137 4334 pos
2163 4264 2359 4333 gratia.
2379 4259 2602 4316 Nullum
2633 4261 2778 4316 inter
2799 4259 3060 4332 profanos
3090 4259 3347 4316 homines
3369 4269 3426 4314 et
3445 4258 3611 4313 Chri-

2037 4353 2248 4409 stianos
2275 4353 2366 4424 jus
2399 4353 2679 4408 amicitiae.
2712 4351 2831 4413 Non
2880 4351 3068 4415 donis,
3107 4367 3218 4406 non
3276 4349 3608 4405 muneribus

355 4470 599 4526 unquam
634 4454 793 4510 διΐεοὶ
829 4455 1181 4510 incommodo
1213 4464 1310 4509 aut
1338 4457 1610 4520 lacessivi,
1641 4472 1750 4512 non
1796 4472 1930 4512 sane
1957 4445 2013 4506 Ῑ)
2040 4457 2271 4518 pacatur
2297 4445 2475 4500 hostis
2527 4443 2802 4506 immanis,
2837 4444 3128 4498 barbarus.
3169 4441 3332 4497 Nulla
3385 4439 3614 4498 foederis

361 4550 492 4620 quia
535 4545 834 4612 noluerim,
865 4548 956 4602 sed
991 4547 1136 4617 quod
1173 4563 1280 4601 non
1313 4549 1489 4618 potui.
1526 4546 1772 4603 Locutus
1809 4563 1932 4603 sum

362 4641 555 4699 multa.
593 4655 718 4696 cum
754 4639 909 4706 alibi,
947 4647 1062 4694 tum
1103 4638 1156 4693 in
1180 4651 1396 4694 senatu.
1419 4639 1715 4708 Nunquam
1741 4639 1934 4696 destiti

363 4732 622 4798 suadere,
651 4749 900 4794 monere,
930 4729 1251 4800 praedicere,
1312 4747 1528 4802 rogare.
1569 4732 1691 4787 Non
1756 4732 1938 4788 defuit

366 4827 644 4888 voluntas,
683 4840 806 4892 quae
842 4823 1227 4877 inimicissima
1261 4823 1411 4887 illis;
1448 4823 1590 4877 hanc
1619 4823 1825 4879 acriter
1854 4824 1938 4879 ul-

367 4918 666 4973 ciscentur.
699 4916 861 4976 Veni,
893 4915 1090 4970 demus
1121 4915 1302 4969 locum
1359 4915 1475 4969 irae.

445 5009 652 5064 Delirat
692 5006 967 5072 Bessario,
997 5006 1227 5070 insanit,
1257 5021 1447 5066 senex,
1480 5004 1740 5075 frigidus,
1793 5005 1944 5060 timi-

368 5104 496 5157 dus.
528 5100 803 5165 Profecto,
836 5099 907 5152 mi
941 5098 1210 5162 Bessario,
1268 5112 1374 5151 non
1411 5097 1615 5152 insanit
1665 5097 1939 5152 Bessario.

369 5193 455 5248 Tu
486 5207 547 5247 es
582 5191 716 5246 nzilti
745 5190 921 5250 testis,
943 5204 1066 5244 cum
1095 5185 1352 5243 Bononize
1382 5202 1655 5248 essemus,
1685 5196 1741 5240 et
1765 5187 1945 5241 adhuc

371 5285 653 5344 Paschal's
686 5282 1109 5348 nuncupareris,
1143 5291 1309 5348 atque
1360 5278 1557 5332 allatus
1586 5289 1734 5332 esset
1768 5278 1948 5333 infeli-

373 5374 633 5430 cissimus
661 5373 752 5427 ille
777 5372 845 5426 de
871 5369 1024 5426 urbis
1061 5369 1380 5438 Byzantina:
1409 5365 1632 5422 excidio
1690 5368 1944 5433 nuntius,

375 5481 439 5520 ra
467 5465 676 5530 omnia,
717 5481 838 5535 qua:
869 5473 1055 5534 postea
1092 5470 1388 5517 consecuta
1421 5469 1574 5522 sunt,
1613 5473 1702 5513 me
1759 5459 1947 5515 futura

379 5557 717 5628 praedixisse,
748 5572 856 5611 non
885 5572 951 5609 ea
987 5569 1118 5610 sane
1148 5555 1214 5607 de
1243 5567 1428 5615 causa,
1461 5549 1612 5621 quod
1682 5552 1765 5604 vel
1819 5567 1950 5620 pruo

381 5651 563 5706 dentis
595 5651 912 5713 excellenti,
970 5649 1055 5703 vel
1100 5645 1466 5702 divinationis
1519 5644 1711 5699 furore
1763 5644 1951 5714 aliquo

385 5745 722 5816 despicercm
755 5759 874 5814 quae
902 5741 993 5812 alii
1027 5757 1138 5797 non
1161 5747 1453 5796 cernerent
1479 5753 1494 5804 ;
1533 5737 1626 5792 sed
1656 5736 1804 5806 quod
1832 5751 1950 5791 om-

2037 4537 2302 4608 religione
2337 4545 2555 4591 tenetur
2585 4534 2850 4606 perfidus,
2884 4550 2993 4589 non
3018 4543 3267 4589 movetur
3291 4532 3616 4588 misericor-

2039 4627 2130 4684 dia
2163 4626 2606 4682 crudelissinms.
2668 4625 2970 4707 Dominari,
3025 4637 3286 4694 praeesse,
3337 4623 3616 4692 imperare

2041 4719 2231 4789 cupit;
2269 4731 2467 4773 cruore
2498 4724 2555 4770 et
2589 4715 2807 4770 flamma
2840 4725 3039 4770 cuncta
3082 4713 3271 4770 delere
3301 4713 3438 4771 vult.
3474 4712 3616 4769 Sub-

2035 4812 2231 4882 jugare
2252 4809 2356 4867 sibi
2383 4815 2612 4864 cunctos
2637 4807 2843 4863 studet.
2893 4806 3029 4872 Quis
3053 4805 3206 4860 illum
3246 4820 3278 4859 a
3314 4815 3468 4862 tanto
3528 4804 3615 4858 vi-

2042 4905 2232 4960 ctoria:
2260 4919 2422 4958 cursu
2457 4901 2800 4960 retardabit‘.’
2827 4900 3142 4969 Peragrahit
3185 4908 3362 4957 totum
3413 4898 3616 4954 Sicilia)

2042 5011 2294 5066 regnum.
2327 4995 2557 5050 Romam
2591 5008 2766 5062 usque
2801 4991 3116 5063 perveniet.
3151 4989 3288 5057 Quis
3315 4989 3420 5044 erit
3448 4989 3622 5060 impe-

2046 5086 2338 5142 dimento?
2379 5083 2786 5161 liyperboreine
2842 5082 3064 5154 populi,
3117 5089 3174 5135 et
3201 5089 3396 5150 gentes
3430 5093 3617 5134 remo-

2047 5177 2314 5232 tissimae?
2346 5177 2414 5230 At
2448 5176 2560 5229 illis
2591 5185 2698 5229 tam
2725 5174 2910 5230 nullus
2945 5173 3141 5231 harum
3177 5187 3361 5229 rerum
3399 5183 3618 5231 sensus,

2048 5284 2213 5339 quam
2244 5267 2423 5323 oflicio
2464 5266 2706 5321 alienum
2739 5274 2933 5334 putant
2959 5279 3058 5334 pro
3091 5263 3270 5320 aliena
3296 5261 3474 5316 salute
3501 5271 3624 5312 sese

2049 5361 2102 5416 in
2138 5359 2439 5415 discrimen
2476 5357 2704 5411 offerre.
2737 5354 2971 5422 Gallius,
3033 5351 3306 5419 Britanni,
3342 5349 3621 5413 Germani,

2048 5461 2249 5509 extera
2275 5449 2566 5504 nationes?
2595 5447 2666 5506 At
2710 5447 2902 5516 procul
2941 5455 3071 5502 sunt
3106 5460 3136 5499 a
3171 5443 3416 5514 periculo
3445 5458 3459 5495 :
3497 5455 3612 5494 non

2051 5554 2248 5618 putant
2281 5545 2492 5600 italiam
2523 5541 2578 5596 in
2623 5541 2805 5595 medio
2862 5539 3131 5610 periculo,
3198 5551 3396 5607 magna
3441 5546 3632 5588 rerum

2052 5637 2470 5709 perturbatione
2507 5644 2819 5689 versantem
2854 5645 3095 5696 cessare,
3124 5637 3222 5684 aut
3255 5626 3492 5698 supitam
3540 5637 3629 5680 cs-

2053 5746 2135 5801 se,
2162 5744 2327 5800 quam
2361 5726 2591 5784 infinitis
2621 5739 2763 5796 pene
2797 5723 3092 5796 triumphis
3139 5732 3194 5780 et
3224 5720 3463 5779 hostium
3493 5728 3624 5786 spo-
