3880 6220
405 259 506 322 ι’δι

397 372 491 427 liis
524 372 845 432 decoratam
904 393 1027 439 csse
1077 384 1281 442 sciunt.
1313 390 1531 459 ltaline,

394 464 670 533 imminet,
706 470 907 538 quibus
936 475 1164 541 cmdem,
1192 477 1422 551 ferrum,
1448 464 1797 559 servitutem,
1826 492 1974 550 exsi-

397 558 474 648 lia
504 560 791 621 denuntiat
820 576 876 620 et
904 573 1183 626 ostentat?
1208 576 1277 629 At
1292 575 1506 646 nolunt,
1531 558 1838 653 negligunt,
1858 601 1971 643 non

406 660 639 719 possunt
669 653 869 711 adduci
923 656 1236 718 ut’credant
1267 680 1390 725 sese
1428 669 1568 725 adeo
1624 675 1971 746 propinquos

400 750 522 796 esse
561 745 848 812 periculo;
878 749 993 804 suis
1023 750 1237 810 viribus
1272 759 1562 818 confidunt
1611 745 1867 835 nimium,
1911 776 1973 826 ut

400 831 563 901 plane
599 839 899 899 verendum
953 842 1047 913 sit,
1105 863 1173 903 ne
1205 849 1259 904 in
1290 852 1408 908 suis
1456 856 1657 925 potius,
1697 831 1862 929 quam
1914 863 1971 919 in

400 924 576 985 hostis
611 926 811 987 finibus
840 941 1216 997 castrametari
1271 924 1791 1014 atqueiexercilnm
1825 956 1973 1009 alere

398 1025 689 1086 cogantur.
711 1020 845 1076 Veni
876 1023 1012 1094 jam,
1036 1027 1285 1088 Bessario
1310 1052 1326 1101 ;
1350 1044 1602 1104 petamus
1617 1041 1971 1099 solitudinem

399 1115 452 1161 et
485 1109 700 1164 deserta
729 1112 868 1167 loca.
903 1113 1047 1172 Satis
1086 1135 1149 1174 ex
1184 1138 1365 1179 rerum
1393 1127 1636 1184 civilium
1670 1140 1818 1188 statu
1848 1150 1975 1204 per-

401 1198 671 1267 cepimus.
698 1200 899 1260 Parum
929 1208 1093 1272 nobis
1123 1211 1249 1270 vitae
1273 1227 1551 1286 superest,
1588 1230 1646 1277 et
1674 1225 1812 1279 mihi
1848 1198 1971 1297 -qui

400 1290 587 1343 senior
615 1305 760 1359 sum,
791 1304 845 1349 et
879 1297 976 1353 tibi
1002 1301 1094 1369 qui
1124 1302 1470 1362 imbecillior.
1504 1309 1561 1366 Si
1604 1312 1790 1385 aliqua
1825 1290 1974 1375 in-re

401 1381 758 1437 consiliorum
787 1395 1125 1458 nostrorum,
1149 1395 1317 1458 vocis.
1349 1402 1621 1467 corporis,
1656 1381 1973 1473 reipublicae

398 1464 727 1526 Christianae
756 1488 887 1530 usus
913 1487 1087 1541 esset,
1110 1485 1442 1541 manendum
1473 1504 1605 1545 sane
1636 1492 1815 1549 adhuc
1847 1511 1975 1552 cen-

401 1575 603 1628 serem,
637 1564 819 1621 adhuc
851 1568 1234 1628 laborandum.
1272 1575 1386 1645 Ego
1417 1594 1547 1633 vero
1568 1581 1680 1650 jam
1709 1592 1787 1639 tot
1815 1586 1975 1643 annis

404 1663 638 1729 conatus
664 1658 847 1726 quoad
881 1662 1058 1728 potui,
1096 1664 1237 1721 nihil
1265 1668 1611 1734 professione
1658 1688 1802 1741 mea,
1834 1676 1971 1733 nihil

1367 277 1872 347 BESSARIONIS
1911 287 1967 352 S.
2012 293 2085 357 Β.
2125 296 2190 361 Ε.
2217 299 2684 364 CARDINALIS

3501 305 3594 371 6.32

1565 398 1766 489 quibus
1805 401 1978 460 hostis

2087 416 2181 470 Dei
2222 413 2550 475 immortalis
2578 417 2802 489 templa,
2828 428 3041 485 domos,
3070 417 3250 481 sedes,
3291 433 3425 482 aras.
3454 419 3594 488 focos,

2078 507 2332 575 sepulcra
2378 509 2669 578 majorum,
2724 508 2894 579 leges,
2924 508 3257 573 libertatem,
3282 510 3486 577 liberos,
3516 527 3595 579 pa-

2073 598 2235 650 triam
2267 599 2323 653 in
2368 601 2616 668 periequ
2663 600 2903 662 versari,
2935 614 3043 653 non
3073 599 3346 654 excitetur
3373 599 3594 657 adversus

2074 686 2314 752 hostem,
2339 697 2393 742 et
2414 702 2524 744 non
2546 689 2707 744 modo
2726 690 2971 743 fortunas
2987 702 3201 754 omnes,
3224 703 3355 757 quas
3371 701 3456 744 aut
3471 690 3600 746 habet

2075 790 2171 834 aut
2204 779 2496 835 habiturus
2522 787 2626 841 est,
2648 779 2747 835 sed
2768 779 2932 834 vitam
2960 780 3132 848 ipsam
3160 780 3212 832 in
3244 779 3513 834 discrimen
3532 776 3597 835 of-

2073 869 2237 935 ferat,
2271 877 2483 923 etcum
2533 869 2796 939 dignitate
2835 868 3032 924 cadere
3083 867 3256 935 malit,
3304 884 3454 938 quam
3502 886 3597 925 cum

2076 961 2378 1032 ignominia
2407 962 2656 1018 servire?
2689 961 2875 1033 Itaque
2909 972 3172 1032 perpetua
3210 962 3443 1016 oratione
3477 964 3600 1019 nobis

2072 1055 2397 1108 enitendum
2432 1062 2538 1116 est,
2564 1069 2674 1109 non
2709 1063 2770 1110 ut
2805 1054 2959 1109 vobis
2987 1053 3328 1124 principibus
3354 1053 3596 1123 sapientis-

2076 1145 2252 1210 simis,
2302 1145 2506 1211 quibus
2562 1146 2680 1200 lirec
2744 1155 2875 1202 sunt
2919 1146 3092 1216 magis
3134 1147 3421 1213 explorata,
3470 1158 3595 1214 quam

2076 1236 2259 1302 nobis,
2313 1236 2418 1290 ista
2458 1237 2914 1307 persuadeamus,
2970 1237 3066 1293 sed
3118 1246 3177 1291 ut
3206 1246 3333 1291 ante
3363 1239 3523 1292 oculos
3547 1237 3597 1293 iis

2074 1326 2381 1395 periculum
2408 1341 2803 1397 proponamus,
2829 1329 2950 1399 qui,
2977 1328 3111 1383 dum
3140 1328 3327 1398 procul
3355 1327 3594 1382 admodum

2075 1429 2106 1467 a
2137 1414 2384 1483 periculo
2421 1431 2481 1470 se
2513 1416 2707 1472 abesse
2733 1425 2951 1487 putant,
2988 1417 3176 1472 futura
3211 1418 3500 1487 prospicere
3522 1432 3595 1471 nco

2075 1513 2307 1573 queunt.
2352 1505 2517 1561 Juvat
2553 1507 2719 1576 igitur
2760 1509 3000 1577 primum
3039 1510 3283 1564 omnium
3332 1508 3395 1563 de
3432 1508 3596 1576 origine

2074 1604 2131 1650 et
2171 1610 2375 1665 genere
2423 1611 2487 1651 ac
2538 1597 2754 1652 viribus
2806 1599 3122 1655 Turcorum
3174 1601 3407 1655 breviter
3434 1600 3595 1669 aliquid

2078 1698 2534 1752 commemorare,
2585 1688 2749 1757 plane
2785 1698 2844 1744 ut
2890 1704 3089 1747 omnes
3146 1691 3455 1760 intelligant.
3502 1690 3597 1745 llas

405 1743 507 1798 hac
532 1746 796 1816 dignitate
830 1751 1061 1818 profeci.
1100 1754 1204 1820 Tu,
1237 1760 1488 1824 quamvis
1523 1763 1603 1816 tui
1637 1763 1848 1820 ordinis
1877 1765 1977 1821 ho-
2008 1774 2049 1829 Β
2079 1777 2514 1832 Atliumanorum
2574 1743 2803 1844 familia,
2866 1781 3101 1837 minima
3149 1781 3438 1837 Turcowm
3478 1795 3595 1850 limo

406 1833 648 1892 minibus
697 1841 891 1909 prosis,
926 1844 1051 1911 plus
1088 1852 1270 1900 tamen
1323 1850 1581 1916 proficies
1640 1869 1859 1909 mecum
1919 1857 1974 1911 in

406 1929 574 1982 rebus
604 1933 1060 2003 contemplandis,
1093 1936 1207 2002 ubi,
1241 1939 1285 1994 si
1311 1942 1366 1996 in
1390 1942 1602 1999 desidia
1662 1946 1771 2004 ista
1801 1949 1977 2017 persi-

406 2026 559 2071 stant
591 2018 909 2086 Christiani,
951 2025 1053 2081 soli
1085 2027 1194 2081 Deo
1224 2030 1495 2097 vivamus,
1543 2042 1599 2088 et
1630 2036 1789 2111 nobis
1818 2038 1974 2107 ipsis.

405 2107 528 2162 Alat
572 2126 691 2173 nos,
752 2115 844 2181 qui
900 2116 1023 2170 cceli
1054 2118 1294 2175 volatilia
1346 2129 1403 2180 et
1468 2107 1676 2180 bestias
1726 2130 1838 2198 agri
1876 2147 1975 2187 sua

405 2198 697 2256 clementia
730 2203 912 2263 satiat.
946 2207 1135 2275 Neque
1161 2225 1326 2279 grave
1365 2223 1459 2266 aut
1490 2214 1709 2271 difﬁcile
1736 2218 1853 2274 fore
1882 2235 1976 2274 ar.

404 2287 582 2346 hitror
617 2292 812 2349 divinae
840 2295 1160 2353 liberalitati
1201 2301 1339 2357 duos
1372 2303 1791 2371 homunciones,
1845 2326 1975 2381 per»

404 2395 567 2449 quam
623 2384 771 2439 brevi
835 2396 1098 2455 tempore,
1132 2392 1278 2461 quod
1334 2396 1494 2455 nobis
1545 2397 1819 2469 reliquum
1871 2412 1976 2471 ost,

405 2471 519 2541 suis
552 2473 750 2543 opibus
786 2487 1121 2546 sustentare.

1152 2594 1241 2649 111.
1810 2605 1822 2615 “
1929 2637 1934 2643 ι

404 2671 784 2761 ΒεξΞΑῃ-ιρωᾳ,
817 2681 1066 2761 episcopi,
1094 2684 1297 2755 Sabini,
1320 2688 1621 2761 _car_dinalis
1650 2689 1874 2761 Nicani,
1909 2694 1981 2747 ad

479 2745 866 2833 illustrissimus
896 2745 1251 2833 .inclgtosque
1281 2745 1491 2833 'ltalia’.
1554 2745 1874 2833 principes:

478 2816 729 2882 periculis
760 2816 1375 2881 imminentibus'oratio.

483 2924 653 2981 Multa
694 2940 825 2986 sunt
852 2932 1123 3002 profecto,
1159 2935 1517 2995 illustrissimi
1551 2939 1849 3013 inclytique
1874 2943 1981 3001 Ita-

407 3017 498 3081 lia:
530 3020 826 3090 principes,
860 3038 981 3092 quae
1011 3023 1078 3079 ad
1106 3040 1245 3091 rem,
1274 3026 1343 3082 de
1374 3042 1480 3098 qua
1519 3030 1861 3087 consulimur
1891 3049 1981 3091 co-

410 3111 656 3191 gitando,
714 3112 969 3181 dicenda,
1018 3125 1078 3170 ut
1126 3092 1441 3177 facienda'a
1490 3121 1652 3179 nobis
1703 3134 1853 3182 sunt.
1901 3125 1978 3183 Ea
2006 3092 2049 3151 θ

411 3203 599 3263 omnia
643 3204 688 3259 si
730 3207 985 3277 persequi
1032 3207 1088 3263 in
1132 3210 1423 3280 praesentia
1457 3212 1712 3282 velimus,
1745 3229 1850 3272 nee
1877 3230 1980 3272 nos

412 3308 633 3349 servare
677 3296 900 3352 modum
936 3300 992 3355 in
1023 3300 1282 3367 dicendo,
1314 3319 1417 3362 nec
1465 3320 1562 3361 vos
1599 3308 1653 3362 in
1704 3308 1980 3365 audiendo

412 3386 669 3447 molestia
700 3404 890 3445 carere
932 3394 1210 3461 p0teritis.
1246 3394 1494 3466 Reliquis
1528 3398 1698 3470 igitur
1729 3399 1783 3455 in
1830 3402 1982 3458 aliud

414 3481 633 3545 tempus
665 3482 980 3547 reservatis,
1010 3482 1081 3537 de
1116 3499 1223 3540 una
1262 3493 1472 3543 tantum
1504 3488 1773 3558 particula
1812 3489 1986 3546 disse-

414 3556 625 3634 remus,
657 3578 713 3625 et
742 3585 807 3628 ea
837 3572 1057 3645 quidem
1086 3556 1521 3647 pernecessaria,
1558 3596 1682 3650 qua:
1710 3582 1755 3637 si
1785 3583 1922 3638 satis
1950 3598 1983 3639 a

413 3657 577 3727 nobis
628 3661 891 3735 explicari
928 3664 1120 3732 possit,
1153 3665 1228 3721 ita
1256 3675 1315 3723 ut
1347 3667 1401 3722 in
1432 3669 1632 3726 animis
1668 3675 1867 3729 vestris
1900 3674 1983 3731 in-

414 3747 643 3814 haereat,
670 3764 737 3805 ac
763 3752 1046 3807 veritatem
1078 3755 1411 3829 cogitatione
1440 3759 1713 3830 attingere
1736 3763 1982 3830 valeatis,

414 3836 596 3895 facilis
621 3840 691 3895 ad
726 3841 937 3911 reliqua
970 3844 1153 3903 futura
1196 3855 1283 3903 est
1315 3847 1425 3913 via,
1457 3856 1517 3905 ut
1559 3850 1699 3907 nihil
1747 3853 1984 3923 amplius

412 3933 651 4002 arduum
700 3935 874 3991 videri
908 3948 1096 4010 queat.
1129 3938 1185 4005 ld
1219 3956 1351 3997 vero
1392 3943 1551 3999 facile
1582 3959 1683 4000 nos
1717 3960 1986 4005 consecu-

414 4025 572 4083 turos
617 4021 974 4091 arbitramur,
1021 4029 1068 4083 si
1097 4029 1483 4098 probabilibus
1537 4032 1885 4090 documentis
1927 4042 1985 4097 et

415 4113 727 4170 rationibus
758 4119 1050 4175 ostendere
1078 4122 1387 4190 poterimus
1418 4124 1649 4185 maxima
1687 4126 1822 4189 haec,
1863 4140 1985 4196 qua!

414 4200 737 4271 impendere
771 4209 1050 4266 cernimus
1072 4212 1336 4282 pericula,
1362 4221 1419 4267 et
1440 4213 1795 4285 gravissimos
1819 4222 1984 4285 atque

415 4295 806 4354 acerbissimos
856 4314 1038 4366 casus,
1081 4317 1189 4357 non
1227 4303 1391 4357 unius
1433 4311 1530 4357 aut
1572 4302 1823 4373 alterius,
1871 4321 1983 4361 non

2079 1883 2109 1921 a
2156 1884 2321 1938 quam
2359 1884 2531 1940 parvo
2579 1872 2885 1941 humilique
2936 1873 3240 1943 prineipio,
3289 1888 3437 1943 quam
3474 1869 3596 1926 brevi

2084 1966 2381 2029 tempore,
2447 1961 2711 2027 solertia,
2767 1963 3058 2032 diligentia
3112 1979 3175 2019 ac
3238 1964 3490 2034 vigilantia
3526 1975 3597 2017 sua

2081 2050 2135 2103 in
2194 2059 2404 2105 tantum
2455 2051 2730 2122 fastigium
2784 2053 3043 2121 venerit,
3080 2063 3141 2109 ut
3176 2055 3284 2123 jam
3329 2069 3429 2109 non
3472 2051 3597 2107 modo

2083 2141 2313 2210 reliquis
2361 2141 2725 2208 nationibus,
2793 2145 2889 2198 sed
2940 2145 3049 2214 ipsi
3095 2146 3478 2215 provinciarum
3526 2158 3598 2197 no-

2078 2231 2360 2286 bilissimas
2426 2233 2932 2304 potentissimmque
2989 2236 3201 2301 Italiae,
3262 2244 3316 2292 et
3378 2236 3597 2303 imperare

2078 2315 2337 2386 assueta,
2359 2327 2570 2394 stuporl
2608 2340 2671 2380 ac
2704 2327 2987 2381 formidini
3023 2329 3114 2383 sit.
3148 2327 3434 2391 Turcorum
3460 2325 3594 2389 natio,

2079 2427 2203 2469 cum
2251 2414 2577 2484 aliquandiu
2622 2417 2900 2482 Persium,
2961 2418 3226 2480 Mediam,
3270 2415 3594 2488 Babyloniam,

2077 2504 2355 2568 Arabiam,
2385 2504 2598 2575 Syriam
2619 2516 2675 2561 et
2701 2507 2997 2562 nonnullas
3022 2509 3159 2563 alias
3185 2508 3463 2577 superioris
3484 2503 3592 2560 Asia

2077 2605 2261 2667 partes
2309 2595 2596 2661 tenuisset.
2643 2597 2866 2655 tandem
2903 2612 3035 2652 cum
3084 2600 3153 2653 ab
3194 2598 3381 2653 incolis
3416 2609 3517 2650 sese
3550 2593 3592 2646 iu

2078 2687 2392 2743 libertatem
2429 2687 2860 2755 vindicantibus,
2891 2697 3011 2744 tum
3048 2692 3117 2747 ab
3145 2690 3266 2745 aliis
3294 2686 3592 2758 hyperboreis

2080 2778 2298 2848 populis
2347 2778 2479 2836 inde
2518 2780 2766 2849 expulsa,
2821 2781 2889 2836 ad
2939 2781 3235 2838 inferiores
3277 2782 3407 2837 Asiae
3446 2785 3596 2848 partes

2080 2868 2389 2935 conﬂuxit;
2444 2880 2610 2939 atque
2661 2871 2739 2926 ibi
2773 2872 2961 2929 multis
3012 2874 3290 2943 variisque
3330 2871 3471 2926 bellis
3496 2880 3593 2921 cum

2081 2958 2400 3017 Graecorum
2443 2960 2677 3031 imperio
2724 2961 2897 3017 Marte
2947 2964 3178 3033 ancipiti
3224 2963 3400 3033 gestis,
3441 2958 3503 3012 ita
3541 2955 3594 3009 ad

2086 3060 2397 3108 extremum
2450 3054 2705 3125 superior
2741 3055 2936 3120 evasit,
2985 3065 3049 3111 ut
3098 3055 3467 3126 Pamphyliam,
3496 3048 3600 3105 Cili-

2084 3142 2248 3208 ciam,
2276 3141 2518 3214 Lyciam,
2546 3143 2967 3215 Paphlagoniam
2998 3146 3321 3216 reliquaque
3347 3141 3507 3197 omnia
3532 3138 3599 3191 illa

2084 3234 2206 3289 loca
2252 3234 2309 3289 in
2336 3234 2601 3290 ditionem
2634 3235 2931 3306 redegerit.
2975 3236 3088 3292 Sed
3137 3251 3267 3307 pace
3304 3234 3425 3290 foris
3456 3240 3598 3301 part8.

2082 3326 2279 3381 seditio
2305 3326 2452 3381 domi
2482 3337 2601 3383 orta
2626 3338 2733 3384 est.
2751 3329 2887 3383 Nam
2907 3329 2978 3384 de
3002 3328 3239 3399 imperio
3262 3327 3396 3380 inter
3414 3338 3467 3377 se
3490 3318 3602 3417 ferro

2086 3415 2350 3472 dimicare
2374 3427 2683 3487 coeperunt.
2718 3419 2887 3474 Erant
2935 3420 3085 3475 inter
3127 3434 3222 3475 eos
3261 3422 3453 3485 septem
3480 3410 3604 3465 nobi-

2085 3507 2256 3562 liores
2298 3508 2539 3585 familize,
2584 3509 2652 3565 ad
2689 3525 2828 3578 quas
2868 3510 3177 3568 factionum
3210 3518 3487 3598 rerumque
3508 3515 3603 3598 out-

2086 3599 2239 3651 nium
2271 3579 2485 3653 summa
2521 3598 2899 3656 deferebatur.
2930 3598 3049 3666 lite,
3080 3601 3344 3659 bellorum
3370 3586 3603 3649 diuturni-

2088 3697 2199 3743 tate
2252 3688 2431 3753 fessze,
2481 3704 2594 3754 eas,
2642 3704 2781 3759 quas
2832 3689 3099 3756 diximus,
3143 3680 3605 3761 provincias‘suﬂe

2085 3779 2274 3850 potius
2327 3795 2491 3850 quam
2539 3780 2706 3836 armis
2741 3779 3012 3847 dividere,
3065 3795 3133 3835 ac
3178 3776 3362 3849 partiri
3410 3778 3605 3825 nitens

2086 3877 2416 3927 statuerunt.
2452 3869 2527 3924 Ita
2572 3869 2717 3939 quod
2766 3869 3125 3940 perexiguum
3158 3878 3214 3925 et
3253 3877 3407 3921 tenue
3448 3858 3599 3916 admo-

2086 3960 2220 4017 dum
2261 3970 2384 4015 erat
2436 3960 2749 4030 imperium,
2808 3961 2861 4015 in
2911 3971 3129 4030 septem
3172 3969 3349 4030 partes
3384 3952 3603 4009 divisim-

2086 4050 2523 4109 Atbumanorum
2560 4050 2800 4112 familiae,
2831 4066 2896 4105 ex
2934 4065 3044 4119 qua
3081 4058 3309 4104 octavus
3326 4046 3427 4114 jam
3455 4042 3607 4106 ηεηδι

2086 4150 2278 4197 nostro
2298 4151 2542 4212 tempore
2562 4141 2866 4197 Turcorum
2889 4142 3176 4213 princeps,
3220 4133 3607 4227 Cilicialocafllte

2086 4233 2318 4291 ﬁnitima
2368 4233 2732 4290 obvenerunt.
2776 4232 2904 4287 Haec
2936 4231 3247 4289 Turcorum
3278 4241 3378 4285 res.
3405 4223 3609 4318 hocin:-

2088 4322 2252 4390 tium,
2290 4324 2417 4381 inde
2463 4325 2601 4379 tanti
2634 4325 2865 4381 terroris
2908 4324 3087 4393 origo.
3134 4319 3417 4387 interiecto
3440 4302 3606 4365 deinde

416 4383 601 4438 trium’
631 4401 777 4459 esse,
829 4389 925 4444 sed
961 4389 1131 4447 totius
1176 4390 1504 4447 Christianae
1546 4393 1886 4464 reipublicae,
1925 4404 1983 4450 et
2014 4415 2058 4470 ι)
2091 4383 2337 4481 templ)",
2386 4413 2568 4483 huius,
2619 4413 2711 4482 qui
2743 4428 2890 4469 nunc
2933 4383 3149 4485 regnat,
3180 4383 3345 4465 Turci
3372 4408 3554 4458 atavos,
3580 4402 3605 4442 ι

413 4475 472 4526 in
504 4477 698 4545 primis
728 4480 893 4543 [taliae
920 4484 1253 4540 communia.
1286 4483 1401 4542 Etsi
1433 4486 1579 4541 enim
1607 4486 1729 4541 aliis
1761 4488 1979 4557 quidem

413 4565 588 4631 prius.
615 4566 743 4636 aliis
766 4586 896 4626 vero
922 4575 1197 4641 posterius
1221 4583 1370 4631 tanta
1392 4574 1679 4631 calamitas
1706 4576 1980 4649 imminet,

415 4658 483 4711 ad
515 4669 821 4714 extremum
854 4672 1035 4718 tamen
1067 4666 1451 4729 unaoomnium
1479 4666 1667 4722 futura
1697 4677 1780 4723 est
1800 4670 1984 4741 perni-

414 4750 548 4815 cies,
588 4766 651 4808 ac
699 4753 864 4824 hujus
898 4756 1073 4817 hostis
1106 4759 1283 4812 nostri
1332 4767 1481 4814 tanta
1537 4759 1708 4815 animi
1751 4761 1983 4817 vastitas

415 4845 645 4921 (utinam
675 4846 793 4913 falsi
826 4858 980 4904 vates
1016 4850 1245 4923 simus!)
1279 4853 1537 4909 omnibus
1568 4853 1791 4911 tandem
1820 4855 1983 4911 mise-

416 4950 535 4987 rum
595 4946 761 5008 atque
814 4939 1239 5010 ignominiosum
1287 4944 1494 5005 exitum
1553 4945 1820 5013 allatura,
1878 4945 1983 5001 nisi

417 5023 634 5087 fortiter
661 5045 858 5100 magno
895 5033 1079 5089 animo
1109 5034 1237 5094 totis
1268 5035 1479 5101 viribus
1513 5038 1823 5096 resistatur.
1862 5037 1980 5104 Qua

420 5116 471 5169 in
506 5133 585 5181 re,
626 5120 670 5174 si
715 5136 907 5181 omnes
952 5124 1005 5178 in
1045 5140 1220 5179 meam
1265 5129 1597 5183 sententiam
1640 5131 1983 5200 persuadere

418 5217 668 5277 potuero,
714 5222 773 5268 ut
803 5230 912 5269 non
947 5216 1108 5277 aliter
1139 5224 1302 5289 atque
1332 5234 1433 5293 ego
1463 5221 1642 5277 sentio
1686 5230 1743 5277 et
1786 5238 1980 5279 verum

416 5309 523 5365 est,
574 5302 677 5372 ipsi
732 5322 953 5377 quoque
997 5310 1261 5373 sentiant,
1298 5326 1549 5383 magnam
1584 5313 1833 5383 profecto
1862 5329 1978 5375 rem

418 5388 635 5459 fecisse,
674 5410 778 5461 nec
824 5396 1115 5454 dimidium
1165 5398 1358 5467 totius,
1401 5410 1463 5457 ut
1508 5401 1601 5458 ille
1638 5403 1840 5473 inquit,
1869 5404 1979 5468 lsed

418 5503 558 5557 opus
591 5489 861 5560 integrum
886 5507 973 5550 me
991 5493 1291 5551 absolvisse
1314 5494 1642 5553 arbitrabor.
1669 5496 1804 5563 Quis
1831 5499 1977 5552 enim

420 5581 556 5645 adeo
600 5582 799 5638 infirmi
842 5594 1003 5655 atque
1040 5585 1301 5641 imbecilli
1350 5588 1520 5643 animi
1567 5598 1673 5654 est,
1723 5589 1861 5647 adeo
1893 5592 1978 5645 sui

420 5671 698 5758 negligens
725 5684 779 5730 et
814 5678 1045 5763 propriae
1074 5679 1266 5747 salutis
1295 5679 1521 5745 oblitus,
1558 5681 1671 5765 qui,
1701 5681 1744 5735 si
1781 5682 1977 5737 viderit

2086 4518 2197 4575 quo
2230 4503 2323 4561 hic
2350 4513 2539 4559 sextus
2569 4503 2762 4559 ordine
2789 4505 2945 4577 regni
2976 4512 3251 4574 sceptrum
3284 4491 3603 4588 accepit,
3663 4560 3673 4572 .

2085 4595 2322 4660 viribus,
2354 4610 2461 4651 non
2487 4596 2713 4661 divitiis,
2742 4609 2851 4649 non
2880 4594 3113 4651 militum
3142 4601 3387 4649 numero,
3411 4586 3604 4674 ηοηξξηξ

2085 4686 2232 4757 perii
2260 4685 2641 4756 magnitudine
2677 4685 2872 4745 fretus.
2901 4684 2996 4739 sed
3025 4684 3097 4740 ob
3132 4682 3313 4738 civiles
3344 4664 3603 4729 discordi”

2085 4778 2386 4834 accersitus
2438 4793 2468 4835 a
2513 4776 2718 4833 Graecis
2760 4777 2814 4830 in
2866 4775 3140 4845 Europam
3187 4767 3407 4839 trajecit.
3450 4764 3597 4813 ³¹¹¹¹ι¹³

2084 4881 2232 4921 nunc
2276 4866 2451 4920 ferme
2501 4865 2679 4936 agitur
2720 4864 3055 4925 centesimus
3086 4871 3142 4916 et
3170 4855 3474 4914 tricesimus.
3511 4851 3599 4938 uel!

2087 4965 2198 5011 tam
2232 4956 2299 5011 iis
2330 4957 2596 5013 adversus
2625 4971 2766 5025 quos
2798 4962 3129 5026 provocatus
3158 4950 3349 5005 fuerat.

2086 5049 2179 5117 qui
2217 5049 2625 5107 accersiverant
2669 5046 3015 5117 pernicioms
3045 5052 3099 5099 ει
3150 5030 3594 5132 Ρθδίίιθηίῖδδξίῗῗ

2087 5139 2354 5195 Paulatim
2385 5140 2530 5195 cnim
2579 5154 2830 5209 serpens,
2866 5152 2929 5192 ac
2961 5137 3086 5200 sibi,
3119 5148 3223 5188 non
3263 5121 3438 5182 amicis
3458 5120 3591 5209 impc-

2086 5227 2228 5281 rium
2253 5241 2596 5296 comparans,
2621 5230 2791 5295 usque
2817 5226 2954 5281 adeo
2984 5224 3134 5279 auxit
3161 5220 3320 5280 vires,
3348 5218 3403 5265 ut
3440 5202 3591 5308 voleu:

2087 5326 2169 5370 ⁸⁸⁵
2216 5328 2401 5387 Postea
2460 5333 2584 5371 eum
2632 5319 2847 5387 ejicere,
2894 5332 3003 5372 non
3049 5309 3333 5386 potuerint,
3373 5298 3487 5355 satis
3540 5298 3587 5340 se

2084 5406 2335 5465 etl'ecisse
2386 5407 2667 5481 arbitrati,
2716 5409 2761 5467 si
2810 5408 3013 5475 ftederc
3062 5407 3166 5469 icto
3214 5395 3373 5466 aequis
3399 5398 3501 5443 cum
3534 5388 3584 5481 φ

2084 5499 2302 5571 legibus
2330 5502 2515 5559 vivere
2545 5479 2923 5567 impetrarent.
2961 5496 3119 5567 Atqui
3158 5508 3239 5547 res
3269 5487 3427 5544 aliter,
3451 5479 3579 5545 quam

2086 5591 2294 5659 Opinati
2328 5590 2567 5658 fuerant,
2592 5592 2797 5645 evenit.
2834 5592 3043 5644 Etenim
3074 5600 3200 5655 gens
3226 5570 3575 5670 barbaraahll:e

2088 5686 2266 5767 inops,
2304 5683 2466 5751 Simul
2508 5698 2569 5737 ac
2602 5681 2950 5751 dulcedinem
2983 5680 3187 5762 frugum
3218 5681 3265 5729 ct
3305 5664 3571 5733 suaVch'”
