3880 6220
313 252 422 316 053

1357 255 1794 318 ΟΠΑἸῚΟΝΕΞ
1834 257 2137 318 CONTRA
2176 258 2500 322 TURCAS.

3445 259 3562 324 ’654

306 365 638 434 divitiarum
683 377 902 437 gustare
949 367 1135 437 carpit,
1187 367 1395 422 nullum
1427 369 1747 438 cupiditatis
1784 378 1890 426 ter-
1917 369 2256 434 AGrzeciam
2287 370 2554 436 diximus,
2598 369 2852 439 quamvis
2893 383 3192 438 paucorum
3235 369 3562 439 oppidorum

313 458 525 511 minum
561 457 774 511 statuit.
823 457 899 512 Ex
947 472 1116 527 parvo
1158 457 1344 526 itaque
1391 474 1454 512 ac
1503 457 1673 515 debili
1730 460 1890 518 initio

315 563 492 618 usque
536 547 677 602 adeo
717 563 909 603 eorum
951 551 1094 604 vires
1122 559 1340 604 centum
1368 557 1424 603 et
1454 549 1682 619 triginta
1711 565 1889 606 anno.

315 655 438 695 rum
488 639 666 710 spatio
695 650 1013 705 creverunt,
1043 649 1102 696 ut
1147 642 1260 712 jam
1299 656 1409 696 non
1458 657 1627 712 parva
1662 642 1892 712 Europe

314 741 468 802 parte
489 739 779 800 occupata,
810 745 915 786 nec
943 730 1174 786 Danubii
1194 730 1666 801 profundissimus
1688 734 1888 800 amnis,

315 834 418 874 nec
451 817 654 890 Illyrici
688 819 972 889 asperrimi
1007 831 1224 876 montes
1262 835 1456 875 eorum
1495 821 1760 891 impetum
1796 837 1888 877 re-

319 909 538 964 tardare
566 908 777 978 possint
807 909 963 979 quin,
1003 907 1230 964 ﬂumine
1263 911 1607 975 transmisso,
1642 920 1698 966 et
1739 909 1894 965 Ioco-

320 1017 442 1055 rum
496 997 911 1056 difﬁcultatibus
957 1001 1258 1070 superatis,
1311 1001 1464 1056 lllin’c
1522 1017 1620 1070 per
1671 1017 1891 1057 onmem

319 1089 658 1143 Pannoniam
714 1099 1068 1160 grassentur,
1128 1092 1260 1147 hinc
1310 1093 1364 1148 in
1424 1093 1660 1149 mediam
1720 1107 1893 1163 usque

319 1180 691 1247 Germaniam,
737 1191 793 1236 et
827 1183 1018 1246 Istros,
1059 1193 1115 1239 et
1157 1183 1358 1239 Forum
1393 1184 1524 1241 Julii
1572 1192 1889 1252 penetrent,

319 1266 716 1338 depopulantes
738 1284 801 1324 ac
828 1265 1094 1325 fcedantes
1109 1273 1313 1340 omnia,
1339 1289 1405 1329 ac
1424 1272 1588 1328 flores
1614 1274 1738 1329 illos
1767 1288 1892 1344 pro-

319 1358 627 1413 vinciarum
680 1355 824 1414 ferro
860 1359 1096 1432 igneque
1127 1372 1423 1419 vastantes.
1460 1359 1580 1431 Quo
1608 1365 1729 1420 loco
1756 1353 1891 1420 illud

321 1451 377 1505 in
411 1449 603 1520 primis
635 1465 664 1504 a
696 1451 857 1508 nobis
878 1452 1426 1510 animadvertendum
1453 1471 1674 1522 censeo,
1702 1471 1894 1522 quam-

320 1539 407 1594 vis
437 1538 553 1594 hate
597 1540 780 1596 omnia
827 1556 918 1607 eo,
957 1557 1068 1612 quo
1101 1542 1366 1609 diximus,
1409 1543 1674 1621 temporis
1715 1545 1895 1614 spatio

325 1631 581 1697 fecerint,
626 1631 786 1701 plura
832 1640 948 1688 tum
995 1635 1291 1704 postremis
1321 1634 1680 1707 quadraginta
1713 1635 1891 1700 annis,

328 1735 494 1791 quam
520 1698 812 1793 nonaginta
848 1722 960 1778 illis
986 1698 1368 1794 superioribus
1394 1698 1606 1781 fecisse.
1639 1723 1719 1781 Ita
1746 1698 1894 1780 enim
1922 1698 1969 1759 Β

325 1823 525 1867 natura
567 1824 941 1883 comparatum
987 1802 1093 1881 est,
1131 1823 1192 1870 ut
1240 1815 1509 1886 principia
1542 1815 1747 1872 virtute
1774 1813 1898 1887 qui-

327 1903 457 1959 dem
515 1917 579 1958 ac
629 1901 841 1958 viribus
895 1903 1104 1974 majora
1149 1905 1296 1971 sint,
1346 1903 1721 1975 magnitudine
1765 1920 1898 1960 vero

327 1996 594 2067 cepiaque
627 1997 938 2053 vincantur.
966 1995 1045 2052 Ex
1074 1995 1162 2052 his
1187 1997 1316 2052 item
1348 1998 1708 2069 quadraginta
1738 1996 1900 2053 annis

327 2089 489 2160 longe
533 2091 690 2157 plura
732 2090 820 2146 his
851 2089 1042 2146 decem
1087 2101 1144 2147 et
1173 2101 1380 2161 septem
1429 2102 1697 2162 patrasse,
1735 2105 1897 2161 quam

333 2182 514 2236 trihus
535 2191 588 2236 et
616 2182 811 2252 viginti
845 2183 1138 2252 prioribus.
1173 2183 1333 2239 Plura
1367 2184 1624 2240 immanis
1649 2184 1752 2238 ista
1781 2177 1902 2238 bel-

329 2274 423 2330 lua
466 2274 912 2330 Christianorum
965 2275 1294 2346 sanguinem
1337 2291 1556 2347 semper
1608 2275 1898 2341 anhelans,

328 2377 454 2436 post
474 2367 830 2437 Byzantinum
853 2366 1126 2422 excidium
1150 2365 1302 2422 solus
1339 2365 1526 2436 gessit,
1552 2379 1713 2434 quam
1746 2372 1903 2434 pater

331 2459 451 2530 ejus
476 2470 640 2528 atque
669 2473 806 2514 avus
851 2473 949 2527 per
989 2472 1212 2513 omnem
1236 2457 1404 2512 vitam
1447 2456 1649 2522 fecere,
1685 2455 1904 2522 decem,

335 2557 396 2602 ut
422 2562 564 2617 sape
593 2563 623 2602 a
666 2547 825 2602 nobis
853 2546 1184 2616 explicatum
1210 2555 1316 2612 est,
1357 2545 1566 2600 interea
1601 2543 1783 2614 regnis
1811 2557 1906 2599 oc-

337 2637 572 2706 cupatis,
592 2644 652 2691 ut.
677 2637 853 2706 palam
879 2633 1136 2691 omnibus
1163 2635 1230 2690 sit
1264 2651 1373 2704 quo
1402 2635 1577 2705 magis
1597 2633 1719 2706 ejus
1753 2634 1904 2689 vires

335 2737 628 2798 augentur,
680 2743 748 2783 eo
798 2725 996 2784 deinde
1030 2729 1244 2783 minore
1278 2726 1518 2798 negotio,
1549 2741 1907 2796 quoscunque

335 2818 559 2892 aggredi
609 2818 870 2886 voluerit,
914 2834 1074 2890 posse
1119 2833 1400 2889 superare.
1434 2815 1907 2885 Quemadmodum

336 2917 482 2972 enim
515 2917 568 2970 in
605 2915 917 2981 disciplinis
954 2923 1120 2986 atque
1149 2913 1364 2969 artibus
1395 2922 1452 2969 et
1489 2913 1638 2968 omni
1672 2911 1908 2968 actionis

1996 459 2270 528 regulum,
2314 459 2515 514 divinis
2561 459 2754 514 colunt
2811 457 3151 520 honoribus,
3193 466 3250 511 et
3301 467 3563 528 perpetua

1993 547 2135 603 fama
2183 564 2247 605 ac
2270 549 2608 618 sempiterna
2636 548 2810 620 gloria
2837 548 3138 604 celebrant.
3161 548 3420 602 Sanctum
3437 563 3566 604 sum

1991 655 2057 696 ac
2087 641 2308 697 beatum
2356 641 2664 706 nominant,
2698 641 2836 698 caste
2850 641 3026 695 stihus
3071 641 3379 710 prmdicant
3415 639 3568 694 Ioca-

1994 743 2109 788 tum
2134 733 2380 798 sedibus,
2401 748 2526 788 cum
2551 733 2806 803 princeps
2833 731 3042 788 bellum
3087 727 3356 786 adversus
3401 729 3568 786 Chri-

2001 825 2212 880 stianos
2239 825 2498 896 gesserit,
2530 832 2588 879 et
2628 823 2826 893 paucis
2866 822 3194 892 quibusdam
3242 822 3567 891 subjugatis,

1993 929 2092 970 eos
2129 915 2310 984 impiae
2339 913 2737 968 Mahumetanm
2767 925 2936 968 secta
2968 911 3256 966 dicaverit.
3293 911 3430 978 Quid
3471 927 3570 966 eos

1997 1004 2215 1060 tandem
2248 1020 2377 1075 erga
2407 1019 2466 1059 se
2495 1004 2739 1060 [acturos
2770 1003 3066 1069 existimet,
3099 1002 3143 1056 si
3177 1017 3304 1058 cum
3338 1011 3418 1057 tot
3446 1002 3571 1056 aliis

1995 1093 2321 1149 Christianis
2354 1093 2594 1162 populis,
2627 1091 2794 1147 Italos
2822 1106 3050 1162 quoque
3081 1090 3253 1161 (quod
3281 1090 3454 1146 etiam
3479 1105 3571 1144 co-

1995 1186 2170 1256 gitare
2213 1187 2407 1240 horret
2438 1183 2677 1253 animus)
2709 1182 3060 1254 subjugarit?
3105 1183 3187 1237 An
3220 1198 3352 1237 vero
3381 1182 3572 1252 gloria

1993 1276 2216 1332 avidum
2250 1277 2505 1333 dubitare
2536 1276 2866 1347 poterimus,
2903 1289 3029 1329 cum
3067 1274 3172 1329 hoc
3211 1281 3408 1328 natura
3449 1288 3571 1327 orn-

1995 1369 2159 1424 uibus
2209 1367 2366 1432 insit,
2398 1366 2702 1437 praesertim
2763 1364 3130 1436 principibus,
3176 1372 3235 1420 et
3292 1364 3382 1419 hic
3431 1367 3572 1422 sciat

1995 1461 2208 1516 nullum
2252 1458 2359 1513 sibi
2401 1457 2466 1512 ad
2505 1456 2969 1512 immortalitatem
3013 1455 3341 1525 ampliorem
3381 1463 3570 1525 patere

1995 1550 2293 1622 campum?
2321 1550 2454 1606 Nam
2481 1549 2551 1604 de
2573 1548 2811 1622 utilitate
2833 1548 3138 1618 ambigere.
3166 1561 3567 1617 supervacuum

1997 1621 2147 1698 certe
2167 1641 2402 1698 videtur.
2420 1638 2556 1695 Cum
2581 1639 2728 1694 enim
2760 1621 2902 1693 ratio
2927 1637 3043 1692 hzec
3073 1637 3325 1693 bifariam
3355 1638 3570 1709 divida-

2000 1743 2110 1802 tur,
2126 1743 2183 1790 et
2213 1733 2345 1788 hinc
2373 1727 2652 1802 quomodo
2675 1727 2880 1783 servari
2903 1741 3026 1796 qua:
3049 1736 3202 1798 parta
3230 1737 3384 1794 sunt,
3419 1728 3569 1782 illinc

1999 1841 2110 1896 quo
2132 1832 2293 1895 pacto
2322 1820 2509 1894 augeri
2543 1827 2767 1890 queant,
2787 1818 3192 1882 consideretur,
3214 1832 3320 1888 qua
3349 1817 3568 1874 tandem

2000 1918 2212 1975 ratione
2233 1931 2354 1988 quae
2377 1914 2542 1969 habet
2581 1911 2798 1967 facilius
2844 1926 2908 1966 ac
2933 1911 3142 1966 certi-us
3173 1924 3394 1964 servare
3420 1918 3572 1978 pote-

2003 2012 2097 2074 rit,
2125 2021 2290 2077 quam
2337 2001 2592 2074 augendo
2639 1999 3034 2070 principatum,
3064 2008 3121 2052 et
3167 1996 3303 2054 lines
3355 1995 3568 2066 imperii

2004 2092 2395 2167 propagando?
2422 2091 2612 2147 Solent
2642 2087 2840 2146 medici
2873 2088 2929 2142 iu
2962 2083 3288 2157 corporibus
3310 2083 3573 2139 curandis

2001 2203 2066 2242 ea
2097 2185 2339 2242 remedia
2381 2182 2664 2248 adhibere,
2707 2196 2828 2252 quae
2867 2179 3160 2249 aliquando
3202 2177 3399 2233 iisdem
3426 2192 3572 2231 mor-

2007 2279 2202 2334 borum
2255 2274 2553 2347 generibus
2604 2273 2760 2328 utilia
2804 2269 3016 2340 experti
3067 2277 3240 2324 sunt:
3271 2267 3377 2321 hoc
3426 2267 3570 2321 idem

2005 2369 2312 2426 Turcorum
2364 2365 2662 2435 imperator
2707 2361 2860 2426 facit,
2895 2367 2948 2414 et
2995 2359 3101 2414 hoc
3145 2356 3302 2428 quasi
3337 2355 3576 2412 medica-

2007 2468 2254 2516 mentum
2288 2455 2565 2528 quoddam
2595 2453 2663 2509 ad
2695 2467 2784 2517 ea,
2823 2465 2948 2521 qua!
2989 2457 3146 2520 parta
3175 2437 3576 2512 sunt,"conser-

2006 2553 2183 2624 vanda
2206 2550 2629 2609 saluberrimum
2655 2555 2838 2612 ratus;
2869 2559 2935 2600 eo
2965 2559 3183 2612 semper
3209 2541 3406 2605 utitur,
3443 2537 3576 2594 huic

2008 2645 2202 2708 haeret,
2238 2641 2343 2698 hoc
2368 2639 2704 2708 frequentat.
2741 2634 2950 2690 Mutare
2979 2633 3108 2694 hoc,
3141 2642 3200 2686 ut
3231 2630 3381 2685 aliud
3411 2642 3576 2698 expe-

2009 2735 2207 2800 riatur,
2239 2748 2350 2788 non
2381 2738 2538 2802 putat
2569 2735 2768 2784 tutum.
2801 2724 2968 2796 Cupit
2997 2727 3080 2794 (ut
3116 2739 3216 2794 par
3247 2722 3355 2792 est)
3399 2720 3580 2777 omni-

2009 2842 2117 2898 que
2164 2835 2367 2882 oonatu
2403 2821 2598 2877 nititur
2639 2833 2971 2876 conservare
3003 2815 3317 2885 imperium.
3358 2813 3576 2869 Nullam

2010 2917 2080 2974 ad
2135 2917 2190 2972 id
2246 2917 2504 2972 tutiorem
2552 2926 2675 2968 esse
2722 2909 2870 2965 viam
2923 2905 3202 2976 intelligit,
3252 2919 3414 2976 quam
3450 2918 3574 2960 cum

338 3022 538 3078 genere
582 3005 700 3061 ﬁeri
731 3005 1004 3070 videmus,
1040 3012 1100 3060 ut
1144 3006 1314 3076 major
1359 3005 1430 3060 sit
1465 3013 1745 3094 pgstremo
1774 3018 1909 3074 quo-
1934 3026 1977 3086 (ς
2009 3010 2186 3066 aliena
2218 3008 2435 3079 jactura
2471 3005 2619 3060 vires
2651 3016 2779 3058 suas
2814 3013 3037 3070 augere.
3081 2993 3239 3065 Quod
3279 2995 3324 3051 si
3358 2995 3576 3064 assequi

341 3112 448 3168 que
481 3112 646 3162 anno,
694 3111 857 3166 quam
889 3096 1148 3152 omnibus
1191 3093 1569 3166 superioribus
1600 3093 1901 3166 profectus.

343 3188 502 3246 Unde
533 3187 666 3242 illud
715 3199 932 3258 quoque
965 3187 1126 3254 vulgo
1160 3185 1268 3240 dici
1307 3185 1466 3251 solet,
1503 3184 1773 3240 ditescere
1809 3185 1909 3240 ho-

342 3278 478 3333 mini
525 3277 744 3332 diﬂicile
789 3292 950 3340 esse,
1005 3277 1061 3330 in
1123 3276 1451 3330 immensum
1501 3290 1632 3329 vero
1692 3274 1910 3329 divitias

342 3385 541 3440 augere
567 3368 910 3423 facillimum.
941 3365 1017 3422 Ita
1049 3366 1102 3420 in
1141 3366 1306 3421 rebus
1336 3379 1556 3434 quoque
1581 3363 1911 3418 militaribus

343 3460 565 3525 accidit,
611 3465 672 3513 ut
713 3457 936 3513 vincere
970 3456 1190 3512 diliicile
1235 3453 1533 3511 admodum
1569 3457 1659 3522 sit,
1691 3455 1910 3525 evagari

345 3560 534 3622 postea
563 3565 659 3620 per
693 3548 954 3605 victorias
981 3549 1188 3604 nullius
1220 3547 1447 3603 laboris.
1475 3545 1654 3614 Quare
1685 3560 1913 3616 persua-

346 3645 480 3700 dere
523 3643 628 3698 sibi
678 3643 914 3712 quisque
968 3640 1127 3695 facile
1179 3648 1384 3710 potest,
1428 3638 1560 3709 quid
1613 3639 1915 3694 sceleratus

283 3752 297 3763 ·
349 3735 548 3802 hostis,
581 3750 694 3805 quo
721 3730 862 3789 nihil
895 3731 1008 3788 dici
1039 3731 1312 3800 deterius,
1341 3731 1475 3786 nihil
1507 3731 1786 3787 crudelius
1819 3746 1918 3800 po-

358 3837 489 3890 test,
531 3826 783 3897 proximo
810 3826 917 3880 hoc
953 3824 1334 3895 quinquennio
1368 3824 1615 3879 Iacturus
1639 3823 1730 3887 sit,
1765 3831 1918 3876 tanta

344 3923 456 3995 jam
485 3921 673 3976 decem
701 3926 758 3974 et
788 3925 999 3988 septem
1027 3917 1188 3972 annis
1222 3917 1462 3988 potentia
1493 3923 1833 3985 comparata,
1861 3922 1918 3968 et

351 4013 524 4082 priori
564 4013 686 4080 ejus
722 4010 981 4081 potentiae
1027 4007 1235 4064 addita.
1276 4007 1480 4079 Magna:
1519 4004 1921 4076 incomparahi~

351 4105 544 4174 lesque
575 4112 704 4158 sunt
742 4104 865 4174 ejus
907 4101 1072 4166 vires,
1119 4101 1446 4156 inexhausta
1485 4099 1780 4167 cupiditas,
1817 4097 1920 4152 im-

354 4211 546 4251 mensa
591 4195 910 4250 dominandi
969 4193 1170 4258 libido,
1215 4191 1445 4247 scientia
1501 4191 1582 4246 rei
1642 4188 1918 4253 militaris,

355 4297 490 4344 atas
514 4287 738 4352 'Ilorida,
771 4302 973 4357 corpus
995 4285 1278 4342 laboribus
1307 4293 1608 4339 assuetum.
1641 4283 1722 4338 An
1755 4280 1923 4351 igitur

2008 3117 2118 3158 non
2163 3108 2368 3172 posset,
2412 3095 2565 3152 nulla
2597 3094 2759 3150 nobis
2789 3093 3004 3147 timoris
3051 3090 3192 3144 ratio
3229 3097 3398 3153 esset,
3431 3087 3581 3146 nulla

2010 3193 2079 3249 de
2109 3193 2274 3248 rebus
2298 3190 2504 3246 nostris
2530 3183 2800 3244 dubitatio
2825 3201 2840 3237 :
2863 3181 2982 3246 sed,
3005 3196 3093 3237 me
3111 3180 3370 3236 miserum
3393 3179 3408 3233 l
3429 3193 3581 3233 men-

2013 3285 2105 3342 tiri
2149 3285 2205 3340 in
2236 3283 2340 3338 hac
2384 3291 2542 3352 parte
2571 3278 2738 3333 etiam
2773 3275 2965 3330 volens
3005 3287 3118 3326 non
3160 3284 3401 3341 possum.
3434 3267 3582 3324 Nihil

2013 3388 2257 3446 unquam
2308 3371 2544 3442 alicujus
2594 3367 2816 3424 facilius
2866 3365 2993 3421 fuit.
3045 3363 3128 3419 Ad
3179 3363 3297 3418 haec
3335 3359 3586 3432 pecunia

2013 3478 2279 3522 numerus
2323 3463 2654 3524 immensus,
2707 3454 3007 3512 multitudo
3046 3453 3283 3508 militum
3314 3451 3582 3514 inaudita,

2017 3567 2080 3614 ut
2113 3559 2270 3628 cujus
2303 3553 2606 3610 exercitum
2630 3563 2796 3620 supra
2831 3546 3067 3603 ducenta
3095 3543 3381 3599 hominum
3413 3542 3585 3597 millia

2015 3659 2346 3720 sequuntur.
2380 3645 2622 3702 Classem
2651 3641 2840 3707 habet,
2871 3653 3037 3710 quam
3065 3633 3444 3707 superioribus
3469 3631 3586 3687 die-

2019 3743 2125 3798 bus
2140 3741 2196 3795 in
2217 3735 2618 3808 expugnatione
2634 3729 2916 3789 Chalcidis
2931 3743 3042 3784 non
3061 3726 3179 3782 sine
3195 3735 3418 3794 stupore
3437 3722 3589 3777 audi-

2020 3831 2124 3888 stis
2143 3837 2407 3900 quantam
2428 3825 2702 3879 instruere
2721 3820 2809 3874 vix
2827 3819 3006 3874 omnis
3023 3815 3188 3872 simul
3206 3813 3356 3870 Italia
3375 3820 3585 3883 posset.

2019 3924 2152 3980 Erat
2171 3930 2295 3976 ante
2312 3919 2460 3974 hunc
2482 3916 2628 3970 diem
2654 3913 2920 3993 duutaxat
2935 3905 3183 3965 terrestri
3211 3905 3459 3962 exercitu
3487 3919 3585 3974 po-

2019 4022 2162 4070 teus.
2185 4009 2348 4067 Maris
2373 4005 2662 4077 imperium
2678 4001 2858 4058 adhuc
2883 3998 3086 4054 nostris
3105 4002 3408 4067 supererat.
3431 3993 3589 4050 Nunc

2021 4118 2154 4163 vero
2206 4103 2261 4174 (ο
2316 4097 2700 4170 cogitationem
2754 4104 2973 4164 quoque
3010 4095 3172 4144 tanta:
3213 4085 3389 4141 cladis
3438 4099 3592 4174 acer-

2024 4196 2154 4253 bam
2185 4167 2227 4265 !l
2255 4167 2411 4248 mare
2441 4200 2660 4259 quoque
2688 4179 3015 4240 Christianis
3059 4177 3304 4232 ablatum
3337 4173 3449 4231 illis
3487 4167 3592 4228 ad-

2029 4289 2206 4346 ditum
2255 4294 2362 4341 est.
2393 4282 2546 4337 Licet
2575 4278 2628 4334 ei
2674 4277 2787 4348 jam
2836 4273 3007 4328 libere
3048 4269 3233 4340 vagari
3289 4266 3591 4338 quolibet,

357 4395 492 4435 cum
509 4379 660 4440 velit,
675 4387 736 4433 et
752 4377 946 4448 possit,
967 4388 1025 4432 et
1042 4377 1199 4441 sciat,
1229 4375 1484 4429 dubitare
1511 4372 1709 4442 aliquis
1741 4379 1910 4440 potesl

2034 4393 2228 4436 omnes
2258 4385 2472 4448 portus,
2498 4385 2689 4427 omnes
2737 4365 3044 4422 maritimas
3071 4360 3334 4416 stationes
3389 4357 3594 4413 liberas

359 4470 494 4540 quin
530 4478 642 4523 toto
672 4468 856 4522 animo
885 4481 949 4522 ac
982 4475 1096 4520 tota
1124 4474 1305 4519 mente
1337 4464 1392 4518 in
1428 4478 1528 4518 nos
1566 4463 1683 4540 dics
1713 4471 1926 4517 noctes-

359 4578 469 4632 que
504 4562 756 4616 feratur?
788 4562 873 4613 An
907 4574 1040 4614 vero
1063 4567 1340 4612 armatum
1367 4555 1742 4627 praestolamur
1774 4552 1925 4608 domi

361 4653 680 4715 oscitantes,
734 4659 795 4704 ut
837 4657 954 4702 tum
997 4649 1216 4701 demum
1261 4646 1572 4708 credamus,
1626 4659 1750 4697 cum
1799 4657 1929 4697 eum

360 4754 488 4798 ante
529 4742 717 4796 oculos
759 4750 975 4796 nostros
1006 4741 1154 4794 virus
1197 4737 1540 4793 exhalantem
1571 4731 1929 4789 videbimus?

362 4834 482 4889 Non
523 4835 682 4890 decet
715 4833 988 4903 profecto,
1023 4846 1127 4886 nec
1162 4829 1416 4885 Italorum
1451 4826 1709 4896 potentia:
1741 4825 1820 4879 fas
1845 4830 1931 4878 est

363 4927 548 4981 dicere
593 4943 608 4980 :
642 4926 764 4980 Non
803 4934 1075 4993 putaram.
1114 4920 1339 4989 Propria
1373 4919 1490 4974 Itali
1533 4916 1814 4986 sanguinis
1847 4922 1932 4968 est

367 5017 682 5088 prudentia,
742 5015 964 5086 prepria
1010 5013 1257 5075 libertas,
1302 5011 1581 5081 preprium
1615 5007 1930 5078 imperium.

368 5111 452 5165 Au
497 5110 832 5179 degenerare
880 5106 1258 5161 nobilissimus
1302 5103 1521 5155 animus
1553 5116 1583 5154 a
1634 5099 1934 5169 majoribus

367 5199 506 5260 suis,
539 5207 613 5258 et.
647 5213 808 5266 quem
846 5196 990 5250 Deus
1017 5195 1188 5249 voluit
1228 5191 1441 5247 caeteris
1469 5191 1770 5261 imperare,
1815 5203 1934 5244 ser-

365 5292 485 5346 vire
545 5293 693 5362 genti
757 5289 1069 5344 fmdissima
1116 5283 1530 5341 sustinebitur?
1578 5283 1724 5338 Nihil
1780 5289 1936 5350 putat

367 5383 590 5439 Turcus
625 5398 683 5436 se
716 5381 898 5436 facere
932 5379 1153 5449 dignius
1189 5391 1371 5446 posse,
1406 5375 1544 5430 nihil
1592 5373 1802 5428 nomint
1834 5385 1936 5426 suo

366 5473 689 5546 glnriosius,
745 5486 910 5542 quam
958 5470 1004 5526 si
1045 5469 1102 5525 in
1148 5467 1355 5522 Italiam
1402 5464 1705 5521 exercitum
1749 5463 1934 5527 ducat,

368 5575 427 5620 et
459 5567 728 5635 imperare
754 5565 968 5619 solitam
1002 5560 1336 5632 provinciam
1361 5572 1461 5612 suo
1487 5555 1650 5611 addat
1681 5555 1932 5625 imperio.

372 5657 527 5718 Mari
577 5658 693 5729 ejus
743 5665 1048 5728 parentem,
1079 5665 1238 5726 quem
1288 5648 1524 5720 printum
1569 5644 1843 5727 trajecisse
1880 5643 1936 5700 in

2029 4472 2193 4528 habet
2223 4486 2238 4523 :
2268 4463 2616 4521 Ambracium
2638 4461 2820 4516 sinum
2841 4497 2857 4522 ,
2888 4462 3104 4527 portum
3139 4451 3290 4506 illum
3321 4448 3597 4506 nobilissi-

2027 4576 2178 4618 mum
2207 4556 2569 4628 Apolloniam,
2603 4553 2722 4608 loca
2744 4547 2963 4618 quidem
3003 4545 3168 4599 Italia
3189 4543 3449 4606 ﬁnitima;
3472 4555 3596 4610 qum

2028 4651 2159 4708 olim
2198 4647 2462 4703 Romanis
2491 4643 2546 4698 in
2584 4638 2870 4702 Graeciam,
2895 4635 2942 4690 si
2974 4632 3165 4688 eadem
3201 4645 3350 4685 nunc
3394 4628 3472 4685 illi
3508 4629 3594 4682 via

2030 4743 2085 4798 in
2123 4739 2335 4795 Italiam
2362 4736 2486 4796 erit,
2512 4743 2776 4803 perquam
2815 4727 2982 4782 breve
3012 4725 3238 4786 fretum,
3269 4719 3593 4776 brevissima

2031 4831 2300 4901 navigatio
2349 4835 2454 4882 est.
2513 4823 2798 4878 Terrestre
2842 4827 3104 4888 praeterea
3159 4815 3267 4869 iter
3297 4826 3468 4882 usque
3527 4808 3596 4864 ad

2032 4923 2233 4978 Forum
2260 4919 2388 4976 Julii
2415 4926 2606 4988 patens
2645 4923 2810 4982 atque
2851 4917 3123 4979 apertum.
3155 4904 3290 4960 Mari
3339 4914 3597 4970 terraque

2031 5013 2249 5082 cingere
2271 5009 2480 5064 Italiam
2506 5013 2702 5075 potest.
2734 4999 2876 5068 Quid
2910 5007 3014 5064 est,
3043 4996 3191 5066 quod
3217 5009 3343 5050 eum
3374 4992 3457 5047 vel
3490 5005 3599 5044 non

2033 5080 2242 5156 hor—lari
2271 5109 2433 5166 atque
2462 5095 2744 5166 impellere
2791 5091 2989 5149 debeat
3018 5087 3086 5142 ad
3129 5101 3215 5150 ea,
3253 5098 3375 5154 qua:
3409 5080 3601 5136 tandiu

2034 5195 2219 5251 animo
2252 5188 2540 5260 proposuit
2564 5225 2580 5250 ,
2613 5181 2968 5256 perﬁcienda.
2998 5178 3084 5233 vel
3117 5177 3185 5232 ab
3209 5177 3278 5230 iis
3316 5175 3598 5228 deterrere

2034 5284 2207 5357 possit
2239 5291 2403 5350 atque
2424 5274 2714 5332 avertere?
2761 5270 3006 5327 Audistis
3036 5267 3270 5330 multos,
3303 5263 3397 5334 qui
3443 5260 3599 5357 ill-um

2035 5349 2230 5445 sapius
2265 5349 2472 5433 Italiam
2519 5375 2820 5428 ootantem,
2852 5361 3062 5416 Italiam
3107 5366 3443 5428 sperantem,
3497 5349 3601 5406 Ita-

2035 5443 2165 5522 liam
2209 5478 2274 5518 ac
2303 5461 2528 5515 Romam
2559 5454 2946 5510 vociferantem
2996 5447 3384 5504 intellexerunt
3413 5461 3431 5511 ;
3470 5443 3517 5499 si
3549 5452 3606 5498 et

2038 5551 2212 5621 cupit,
2263 5557 2321 5603 et
2353 5559 2509 5615 posse
2559 5557 2619 5596 se
2667 5551 2868 5609 sperat.
2898 5536 3042 5596 Nihil
3091 5537 3241 5591 certe
3291 5541 3418 5598 est.
3453 5531 3600 5601 quod

2042 5657 2166 5699 cum
2194 5637 2365 5714 possit
2397 5635 2465 5691 ah
2497 5633 2598 5689 hoc
2651 5630 2931 5703 proposito
2966 5625 3224 5685 remorari
3251 5665 3265 5692 ,
3301 5623 3601 5700 prgsertim
