3880 6220
405 268 506 330 ⁸⁷51

1367 283 1871 352 BESSARIONIS
1910 292 1966 357 S.
2012 298 2085 361 Β.
2124 301 2190 365 Β.
2217 303 2684 368 CARDINALIS

3504 306 3597 371 6ὖῖ

398 381 491 492 liis
524 380 844 492 decoratam
903 402 1048 492 esse.
1076 392 1280 492 sciunt.
1313 396 1530 465 ltaline,
1564 404 1766 471 quibus
1805 406 1984 464 hostis
2013 420 2052 475 Α
2087 420 2181 474 Dei
2222 417 2549 478 immortalis
2578 421 2801 492 templa.
2827 431 3043 487 domos,
3070 419 3252 483 sedes,
3293 434 3428 484 aras,
3456 420 3598 489 focos.

396 472 671 541 imminet,
706 478 907 546 quibus
936 482 1164 547 caedem,
1193 484 1422 557 ferrum,
1448 492 1797 562 servitutem,
1825 497 1974 555 exsi-

399 566 475 657 lia
505 567 793 628 denuntiat
821 583 875 628 et
904 579 1183 633 ostentat?
1209 581 1506 652 Atnolunt,
1531 588 1839 658 negligunt,
1859 606 1970 647 non

406 648 640 727 possunt
670 661 868 719 adduci
923 674 983 720 ut
1011 667 1236 725 credant
1268 686 1390 733 sese
1429 648 1568 731 adeo
1606 648 1972 751 vprvopinquos

401 763 523 804 esse
562 753 849 820 periculo;
879 756 994 812 suis
1024 757 1238 817 viribus
1272 766 1563 824 conﬁdunt
1612 770 1868 839 nimium,
1911 782 1973 831 ut

402 840 564 910 plane
600 846 899 901 verendum
954 849 1049 919 sit,
1105 870 1174 910 ne
1206 856 1261 910 in
1291 859 1409 915 suis
1457 862 1657 931 potius,
1697 881 1860 935 quam
1915 868 1972 924 in

401 932 577 989 hostis
614 934 814 994 finibus
841 947 1217 1004 castrametari
1272 959 1437 1020 atque
1488 932 1792 1011 exercitum
1826 961 1974 1014 alere

400 1034 691 1095 cogantur.
713 1028 846 1084 Veni
878 1031 1013 1102 jam,
1037 1033 1286 1095 Bessario
1312 1058 1328 1107 ;
1352 1051 1604 1110 petamus
1618 1046 1973 1104 solitudinem

401 1124 454 1169 et
487 1117 701 1172 deserta
731 1119 870 1175 loca.
904 1120 1049 1179 Satis
1088 1143 1150 1181 ex
1186 1144 1367 1185 rerum
1395 1133 1639 1190 civilium
1671 1145 1820 1193 statu
1850 1154 1977 1209 per-

403 1206 672 1276 cepimus.
700 1208 901 1267 Parum
932 1215 1095 1274 nobis
1124 1219 1251 1277 vita:
1275 1233 1552 1292 superest,
1590 1236 1647 1282 et
1676 1230 1813 1285 mihi
1850 1206 1973 1302 _qui

403 1298 589 1352 senior
618 1314 763 1367 sum,
794 1311 848 1357 et
880 1304 979 1360 tibi
1004 1309 1096 1376 qui
1126 1310 1472 1369 imbecillior.
1507 1315 1562 1372 Si
1606 1318 1792 1390 aliqua
1827 1298 1976 1380 inre

404 1390 760 1445 consiliorum
789 1402 1127 1465 nostrorum,
1152 1402 1319 1464 vocis.
1351 1408 1624 1474 corporis,
1658 1411 1976 1479 reipublicze

402 1472 729 1533 Christiana}
758 1496 890 1537 usus
916 1494 1089 1549 esset.
1113 1472 1618 1550 manendumisanei
1638 1472 1818 1554 adhuc
1850 1516 1978 1557 cen-

404 1582 606 1636 serem,
639 1572 822 1629 adhuc
854 1576 1237 1634 laborandum.
1275 1582 1389 1652 Ego
1420 1586 1684 1656 verojatn
1712 1598 1790 1645 tot
1818 1590 1978 1648 annis

407 1672 641 1739 conatus
668 1666 850 1734 quoad
884 1670 1061 1735 potui,
1099 1671 1239 1728 nihil
1268 1674 1613 1742 professione
1661 1694 1806 1746 mea,
1836 1682 1975 1738 nihil

408 1750 510 1806 huc
536 1754 800 1824 dignitate
833 1758 1064 1825 profeci.
1103 1761 1207 1827 Tu,
1240 1766 1492 1830 quamvis
1526 1768 1606 1822 tui
1640 1769 1851 1825 ordinis
1879 1771 1980 1826 ho.
2012 1778 2052 1834 Β

409 1841 651 1899 minibus
700 1848 895 1917 prosis,
930 1851 1055 1919 plus
1091 1858 1273 1907 tamen
1327 1855 1584 1922 proficies
1644 1875 1863 1914 mecum
1923 1862 1979 1916 in

410 1937 577 1990 rebus
607 1941 1064 2010 contemplandis,
1096 1943 1211 2008 ubi,
1245 1946 1289 2001 si
1315 1948 1371 2003 in
1394 1948 1605 2005 desidia
1665 1952 1775 2009 ista
1805 1954 1982 2022 persi-

410 2034 562 2080 stant
594 2027 913 2094 Christiani,
956 2033 1057 2087 soli
1088 2034 1198 2088 Deo
1227 2036 1498 2102 vivamus,
1547 2047 1603 2094 et
1634 2042 1793 2117 nobis
1824 2044 1978 2112 ipsis.

409 2116 532 2170 Alat
575 2133 695 2181 nos,
756 2123 848 2189 qui
904 2123 1027 2177 οωιὶ
1059 2125 1298 2181 volatilia
1349 2135 1407 2187 et
1472 2116 1680 2186 bestias
1730 2136 1842 2203 agri
1881 2151 1980 2192 sua

410 2206 701 2265 clementia
734 2210 917 2273 satiat.
951 2214 1139 2283 Neque
1165 2232 1330 2286 grave
1369 2230 1464 2272 aut
1494 2220 1713 2276 dillicile
1740 2223 1858 2279 fore
1886 2240 1981 2279 ar.

409 2296 586 2354 bitror
621 2300 817 2357 divinae
846 2302 1165 2361 liberalitati
1205 2307 1344 2363 duos
1376 2309 1795 2377 homunciones,
1851 2331 1980 2386 per.

409 2402 572 2457 quam
628 2391 776 2447 brevi
840 2403 1104 2462 tempore,
1137 2398 1283 2468 quod
1340 2402 1498 2461 nobis
1550 2403 1824 2474 reliquum
1876 2418 1981 2475 est,

410 2480 524 2549 suis
556 2480 755 2563 opibus
792 2495 1127 2548 sustentare.

1158 2600 1247 2655 Ill.
1816 2610 1828 2621 ‘
1935 2642 1940 2647 -

410 2680 790 2766 BE§§AthNts,
823 2688 1071 2766 episcOpi,
1100 2691 1303 2761 Sabini,
1326 2694 1626 2766 pardinalis
1655 2695 1880 2766 Nicani,
1915 2699 1987 2753 ad

484 2754 871 2839 illustrissimus
902 2754 1256 2839 _inélg_)tosque
1286 2754 1497 2839 'ftalia:
1560 2768 1823 2839 principes
1842 2754 1879 2836 ,’
1921 2768 1987 2824 de

484 2824 735 2890 periculis
766 2824 1381 2887 imminentibus'oratio.

490 2932 660 2989 Multa
700 2947 831 2993 sunt
858 2938 1129 3009 profecto,
1164 2941 1523 3001 illustrissimi
1558 2945 1856 3018 inclytique
1881 2948 1988 3005 Ita-

413 3025 505 3090 liae
537 3027 832 3097 principes,
866 3045 987 3099 quae
1017 3030 1084 3085 ad
1112 3046 1251 3098 rem,
1281 3032 1350 3088 de
1380 3049 1487 3104 qua
1526 3035 1868 3092 consulimur
1897 3054 1988 3095 co-

416 3110 663 3190 gitando,
720 3097 976 3188 dicenda,
1024 3132 1085 3177 ut
1133 3097 1448 3182 facienda'a
1497 3127 1659 3184 nobis
1710 3139 1860 3187 sunt.
1907 3130 1985 3187 Ea
2013 3097 2056 3156 ο

418 3194 606 3272 omnia
650 3212 695 3267 si
735 3214 992 3285 persequi
1039 3214 1095 3269 in
1139 3217 1431 3287 praesentia
1464 3218 1719 3287 velimus,
1752 3235 1857 3277 nee
1884 3236 1987 3277 nos

419 3317 640 3358 servare
684 3304 907 3360 modum
943 3306 999 3362 in
1030 3307 1289 3374 dicendo,
1322 3325 1425 3368 nec
1462 3326 1569 3367 vos
1606 3314 1660 3368 in
1711 3314 1987 3371 audiendo

419 3394 675 3452 molestia
708 3411 897 3452 carere
940 3400 1218 3468 pOteritis.
1253 3400 1501 3473 Reliquis
1536 3404 1704 3476 igitur
1736 3405 1792 3460 in
1837 3407 1990 3463 aliud

422 3490 640 3553 tempus
673 3488 988 3554 reservatis,
1018 3489 1088 3543 de
1123 3505 1231 3546 una
1269 3499 1479 3549 tantum
1512 3494 1781 3564 particula
1819 3494 1993 3551 disse-

422 3590 633 3641 remus,
666 3586 721 3632 et
750 3593 815 3645 ea
845 3580 1065 3653 quidem
1094 3585 1529 3654 pernecessaria,
1565 3602 1690 3656 qua:
1718 3587 1763 3642 si
1793 3588 1931 3643 satis
1958 3603 1991 3643 a

421 3665 585 3727 nobis
636 3668 899 3743 explicari
935 3671 1128 3739 possit,
1161 3672 1236 3728 ita
1263 3682 1323 3729 ut
1354 3674 1409 3729 in
1440 3676 1640 3733 animis
1675 3680 1875 3735 vestris
1908 3679 1991 3735 in-

422 3755 651 3821 haereat,
679 3772 746 3813 ae
771 3759 1055 3814 veritatem
1086 3761 1419 3833 cogitatione
1449 3766 1721 3834 attingere
1743 3768 1990 3835 valeatis,

423 3844 605 3904 facilis
630 3848 699 3903 ad
734 3848 946 3918 reliqua
978 3852 1161 3911 futura
1205 3861 1291 3909 est
1323 3853 1434 3919 via,
1466 3861 1526 3911 ut
1567 3855 1707 3910 nihil
1756 3858 1993 3927 amplius

422 3941 660 4011 arduum
709 3943 883 3999 videri
917 3955 1105 4017 queat.
1138 3945 1195 4013 Id
1227 3963 1361 4003 vero
1400 3949 1560 4009 facile
1590 3965 1692 4005 nos
1726 3965 1994 4009 consecu-

423 4033 581 4091 turos
626 4029 983 4098 arbitramur,
1030 4036 1077 4091 si
1106 4034 1491 4105 probabilibus
1545 4037 1893 4095 documentis
1936 4047 1993 4100 et

424 4121 736 4178 rationibus
767 4126 1059 4183 ostendere
1088 4128 1397 4197 poterimus
1427 4129 1659 4184 maxima
1696 4131 1832 4194 hac,
1872 4145 1994 4201 quae.

424 4209 746 4279 impendere
780 4216 1060 4273 cernimus
1082 4218 1345 4289 pericula,
1372 4228 1427 4272 et
1450 4218 1804 4290 gravissimos
1829 4227 1993 4290 atque

425 4302 816 4361 acerbissimos
867 4321 1048 4373 casus,
1091 4324 1198 4364 non
1236 4309 1401 4363 unius
1443 4316 1540 4363 aut
1582 4308 1832 4377 alterius,
1880 4326 1993 4367 non

2078 511 2333 580 sepulcra
2378 513 2669 582 majorum.
2722 510 2893 581 leges,
2924 510 3259 575 libertatem,
3284 511 3488 577 liberos,
3520 528 3598 580 pa-

2074 602 2235 655 triam
2266 603 2322 656 in
2368 604 2616 672 periequ
2664 602 2903 665 versari,
2936 617 3045 656 non
3074 600 3348 656 excitetur
3376 601 3598 658 adversus

2075 691 2315 755 hostem,
2339 701 2395 746 et
2415 706 2524 747 non
2546 691 2707 747 modo
2726 693 2975 746 fortunas
2991 705 3203 756 omnes,
3225 704 3357 759 quas
3374 702 3459 745 aut
3474 690 3605 746 habet

2076 793 2173 838 aut
2204 783 2497 839 habiturus
2522 790 2627 844 est,
2648 782 2747 838 sed
2769 781 2934 837 vitam
2962 782 3131 850 ipsam
3160 783 3213 834 in
3245 780 3517 836 discrimen
3536 777 3601 836 of-

2074 874 2238 939 ferat,
2272 881 2485 927 etcum
2534 873 2797 943 dignitate
2835 870 3035 927 cadere
3082 870 3258 937 malit,
3307 886 3458 940 quam
3506 886 3601 927 cum

2077 965 2380 1037 ignominia
2408 965 2657 1021 servire?
2689 965 2875 1035 itaque
2910 973 3173 1035 perpetua
3212 963 3447 1018 oratione
3480 964 3605 1020 nobis

2073 1059 2399 1112 enitendum
2434 1065 2540 1120 est,
2565 1072 2675 1113 non
2711 1066 2772 1112 ut
2806 1056 2961 1112 vobis
2988 1056 3331 1126 principibus
3358 1054 3602 1124 sapientis-

2078 1150 2253 1214 simis,
2304 1149 2508 1215 quibus
2564 1150 2682 1204 hmc
2746 1158 2877 1205 sunt
2921 1148 3093 1219 magis
3135 1148 3426 1216 explorata,
3474 1159 3601 1215 quam

2078 1240 2261 1307 nobis,
2315 1240 2420 1295 ista
2460 1240 2916 1310 persuadeamus,
2971 1240 3066 1295 sed
3119 1247 3179 1293 ut
3208 1248 3335 1293 ante
3367 1241 3529 1293 oculos
3553 1238 3603 1293 iis

2076 1330 2384 1400 periculum
2411 1345 2805 1401 proponamus,
2832 1331 2952 1401 qui,
2979 1330 3112 1385 dum
3142 1329 3331 1400 procul
3358 1329 3601 1383 admodum

2078 1434 2108 1472 a
2139 1418 2387 1487 periculo
2424 1434 2484 1474 se
2516 1419 2710 1476 abesse
2736 1427 2952 1490 putant,
2990 1419 3178 1474 futura
3214 1420 3505 1489 prospicere
3528 1434 3603 1472 ue-

2078 1517 2309 1578 queuut.
2355 1509 2520 1565 Juvat
2556 1511 2722 1580 igitur
2762 1512 3000 1580 primum
3038 1511 3287 1566 omnium
3336 1509 3401 1564 de
3438 1509 3603 1577 origine

2077 1608 2134 1655 et
2174 1614 2378 1670 genere
2426 1615 2491 1655 ac
2541 1601 2757 1656 viribus
2809 1602 3124 1657 Turcorum
3176 1603 3412 1657 breviter
3440 1601 3604 1670 aliquid

2081 1703 2537 1755 commemorare,
2587 1692 2753 1761 plane
2787 1701 2846 1746 ut
2892 1706 3090 1749 omnes
3148 1693 3461 1763 intelligant.
3509 1691 3605 1746 llas

2083 1782 2518 1836 Athumanorum
2578 1782 2806 1847 familia,
2868 1784 3102 1839 minima
3151 1784 3444 1839 Turcorum
3485 1796 3603 1851 pars.

2083 1888 2113 1927 a
2159 1888 2325 1942 quam
2363 1888 2535 1943 parvo
2582 1875 2888 1944 humilique
2940 1876 3243 1944 principio,
3293 1890 3444 1946 quam
3482 1870 3604 1928 brevi

2088 1970 2385 2034 tempore,
2451 1965 2715 2031 solertia,
2771 1965 3057 2034 diligentia
3115 1981 3180 2021 ac
3242 1965 3497 2036 vigilantia
3535 1976 3607 2018 sua

2084 2055 2139 2107 in
2198 2064 2408 2110 tantum
2459 2054 2734 2125 fastigium
2788 2056 3041 2122 venerit,
3082 2065 3145 2111 ut
3180 2057 3290 2125 jam
3334 2071 3436 2110 non
3481 2053 3607 2109 modo

2087 2145 2318 2214 reliquis
2365 2145 2729 2210 nationibus,
2797 2147 2893 2201 scd
2945 2147 3047 2216 ipsi
3098 2148 3487 2217 provinciarum
3534 2160 3608 2199 no-

2084 2235 2365 2290 bilissimas
2430 2237 2937 2306 potentissimaeque
2993 2238 3207 2302 Italire,
3267 2245 3323 2293 et
3385 2238 3607 2304 imperare

2083 2337 2342 2391 assueta,
2364 2330 2575 2397 stupori
2613 2343 2676 2383 ac
2708 2329 2992 2384 formidini
3021 2330 3117 2385 sit.
3152 2329 3443 2385 Turcorum
3469 2326 3605 2391 natio,

2084 2432 2208 2473 cum
2256 2418 2582 2489 aliquandiu
2626 2420 2905 2484 Persium,
2966 2420 3231 2482 Mediam,
3276 2417 3606 2490 Babyloniam,

2082 2508 2360 2572 Arabiam,
2390 2508 2603 2579 Syriam
2624 2518 2681 2564 et
2706 2509 3001 2565 nonnullas
3021 2510 3163 2565 alias
3190 2509 3473 2578 superioris
3495 2506 3603 2561 Asia

2082 2610 2267 2671 partes
2314 2598 2601 2663 tenuisset,
2649 2600 2872 2658 tandem
2909 2615 3033 2655 cum
3087 2602 3159 2655 ab
3200 2600 3390 2655 incolis
3424 2611 3528 2652 sese
3561 2595 3604 2648 in

2084 2691 2397 2748 libertatem
2434 2689 2865 2757 vindicantibus,
2897 2700 3013 2746 tum
3047 2693 3122 2748 ab
3151 2691 3274 2747 aliis
3302 2689 3604 2760 hyperboreis

2086 2782 2305 2853 populis
2353 2782 2485 2839 inde
2522 2783 2771 2853 expulsa,
2826 2784 2895 2838 ad
2944 2783 3243 2839 inferiores
3285 2783 3416 2839 Asia
3456 2788 3609 2850 partes

2086 2873 2395 2939 conﬂuxit;
2450 2884 2615 2943 atque
2666 2874 2744 2929 ibi
2779 2874 2967 2931 multis
3016 2875 3298 2944 variisque
3339 2873 3482 2927 bellis
3508 2882 3606 2923 cum

2087 2963 2406 3021 Graecorum
2449 2964 2682 3035 imperio
2729 2964 2904 3019 Marte
2953 2965 3185 3034 ancipiti
3232 2965 3410 3035 gestis,
3451 2961 3515 3014 ita
3553 2956 3607 3011 ad

2092 3064 2404 3113 extremum
2456 3057 2711 3128 superior
2746 3057 2942 3122 evasit,
2991 3066 3050 3110 ut
3104 3057 3478 3127 Pamphyliam,
3507 3050 3613 3107 Cili-

2091 3146 2256 3212 ciam,
2283 3145 2525 3218 Lyciam,
2552 3146 2973 3218 Paphlagoniam
3004 3147 3330 3217 reliquaque
3356 3142 3519 3198 omnia
3544 3140 3612 3194 illa

2091 3238 2214 3293 loca
2259 3238 2317 3293 in
2343 3238 2607 3294 ditionem
2641 3238 2937 3308 redegerit.
2981 3237 3093 3293 Sed
3145 3252 3276 3308 pace
3313 3235 3436 3291 foris
3467 3242 3612 3302 part1.

2090 3330 2286 3385 seditio
2312 3330 2459 3385 domi
2489 3340 2608 3385 orta
2632 3340 2741 3397 est.
2758 3331 2893 3385 Nam
2914 3330 2985 3386 de
3008 3330 3247 3401 imperio
3271 3329 3407 3382 inter
3424 3339 3479 3379 se
3501 3320 3615 3375 ferro

2093 3420 2357 3475 dimicare
2380 3430 2690 3491 cmperunt.
2725 3421 2895 3476 Erant
2942 3422 3091 3477 inter
3135 3436 3231 3476 eos
3270 3424 3465 3487 septem
3491 3410 3618 3467 nobi-

2093 3512 2264 3566 liores
2306 3512 2546 3574 familiae,
2591 3512 2659 3567 ad
2696 3527 2835 3582 quas
2876 3513 3186 3569 factionum
3219 3520 3499 3577 rerumque
3520 3518 3616 3556 mn-

2094 3602 2247 3656 nium
2278 3583 2492 3656 summa
2528 3602 2907 3659 deferebatur.
2938 3601 3053 3667 Hm,
3085 3603 3354 3663 bellorum
3380 3589 3617 3652 diuturni-

2096 3701 2207 3747 tate
2260 3692 2439 3756 fessae,
2489 3707 2602 3757 eas,
2649 3707 2789 3761 quas
2840 3692 3107 3757 diximus,
3152 3682 3470 3762 provincias‘
3499 3687 3618 3740 sorte

2093 3783 2282 3854 potius
2335 3798 2499 3853 quam
2547 3783 2715 3839 armis
2750 3781 3019 3849 dividere,
3071 3797 3141 3838 ac
3186 3778 3373 3851 partiri
3421 3781 3619 3827 niterse

2094 3881 2425 3931 statuerunt.
2461 3873 2535 3928 lta
2580 3872 2726 3942 quod
2775 3871 3133 3942 perexiguum
3166 3881 3223 3927 et
3263 3879 3418 3923 tenue
3461 3860 3613 3918 admo-

2094 3964 2229 4020 dum
2270 3972 2392 4018 erat
2444 3964 2759 4034 imperium,
2816 3964 2871 4018 in
2920 3972 3137 4032 septem
3182 3971 3359 4032 partes
3396 3954 3617 4012 divisum.

2094 4054 2532 4113 Athumanorum
2568 4053 2809 4114 familiae.
2840 4070 2905 4108 ex
2944 4067 3051 4122 qua
3088 4059 3319 4106 octavus
3337 4048 3438 4116 jam
3467 4044 3620 4109 τεεηω

2096 4154 2287 4201 nostro
2308 4154 2551 4216 tempore
2571 4144 2876 4200 Turcorum
2899 4144 3185 4215 princeps,
3230 4135 3621 4230 Cilicialocatltle

2096 4237 2327 4295 finitima
2377 4237 2741 4294 obvenerunt.
2786 4234 2914 4290 Haec
2946 4234 3257 4290 Turcorum
3288 4244 3389 4288 res.
3417 4225 3622 4321 1190.1“:

2097 4327 2262 4395 tium,
2299 4328 2426 4385 inde
2473 4328 2611 4383 tanti
2644 4328 2874 4383 terroris
2918 4326 3096 4395 origo.
3143 4321 3429 4390 Interiectu
3453 4305 3619 4367 deinde

427 4391 610 4445 trium’
641 4407 787 4466 esse,
840 4397 935 4451 sed
971 4396 1141 4453 totius
1186 4397 1514 4454 Christianae
1556 4398 1896 4469 reipublicae,
1935 4410 1992 4455 et
2024 4419 2068 4475 υ
2101 4391 2345 4485 temper
2395 4416 2578 4487 huius,
2628 4415 2721 4485 qui
2753 4430 2900 4471 nunc
2944 4391 3158 4487 τεέηει,
3190 4408 3355 4467 Tal-ci
3384 4411 3568 4461 atavus,
3594 4405 3619 4445 a

424 4483 482 4535 in
514 4485 708 4552 primis
738 4486 903 4544 Italia:
930 4491 1264 4547 communia.
1296 4490 1412 4547 Etsi
1443 4492 1589 4546 enim
1617 4491 1739 4547 aliis
1771 4492 1989 4563 quidem

423 4573 599 4639 prius.
626 4575 753 4643 aliis
777 4593 907 4643 vero
934 4581 1208 4648 posterius
1231 4590 1380 4637 tanta
1402 4580 1689 4637 calamitas
1717 4582 1991 4645 imminet,

425 4665 494 4719 ad
526 4677 832 4722 extremum
865 4678 1046 4735 tamen
1072 4670 1462 4729 unaoomnium
1489 4672 1678 4729 futura
1708 4682 1791 4729 est
1810 4676 1995 4745 perni-

425 4758 559 4822 cies,
599 4774 661 4815 ac
710 4760 875 4832 hujus
909 4763 1086 4824 hostis
1116 4765 1294 4819 nostri
1342 4772 1492 4819 tanta
1548 4765 1719 4821 animi
1762 4766 1994 4823 vastitas

426 4853 657 4929 (utinam
686 4853 805 4923 falsi
837 4865 991 4911 vates
1027 4857 1199 4913 simus
1218 4857 1256 4928 l)
1290 4858 1549 4923 omnibus
1580 4858 1802 4917 tandem
1831 4860 1995 4915 mise-

427 4957 546 4995 rum
606 4954 772 5015 atque
825 4946 1251 5018 ignominiosum
1299 4950 1507 5011 exitum
1565 4950 1831 5017 allatura,
1889 4949 1994 5005 nisi

429 5032 646 5099 fortiter
673 5052 869 5107 magno
906 5039 1091 5103 animo
1120 5040 1249 5099 totis
1280 5041 1491 5107 viribus
1524 5043 1834 5100 resistatur.
1874 5042 1991 5109 Qua

431 5124 483 5177 in
517 5140 596 5189 rc,
637 5127 682 5181 si
727 5143 919 5190 omnes
963 5131 1018 5184 in
1056 5146 1233 5185 meam
1277 5133 1609 5188 sententiam
1652 5135 1994 5204 persuadere

428 5225 680 5285 potuero,
726 5230 785 5274 ut
816 5237 924 5276 non
959 5222 1120 5278 aliter
1151 5230 1314 5294 atque
1345 5239 1445 5299 ego
1476 5226 1657 5282 sentio,
1698 5235 1755 5282 et
1798 5242 1993 5283 verum

428 5316 534 5373 est,
586 5310 689 5380 ipsi
744 5329 965 5385 quoque
1009 5316 1273 5380 sentiant,
1311 5332 1561 5388 magnam
1596 5318 1845 5388 profecto
1875 5333 1992 5379 rem

430 5396 648 5467 fecisse,
687 5417 790 5459 nec
837 5404 1128 5461 dimidium
1178 5405 1372 5473 totius,
1414 5416 1476 5463 ut
1521 5407 1613 5463 ille
1651 5408 1853 5479 inquit,
1882 5409 1992 5473 fsed

430 5511 571 5565 opus
603 5497 874 5568 integrum
899 5514 986 5556 me
1004 5501 1304 5558 absolvisse
1327 5500 1655 5559 arbitrabor.
1682 5502 1816 5569 Quis
1843 5504 1991 5557 enim

432 5589 569 5653 adeo
612 5589 812 5645 infirmi
855 5600 1016 5662 atque
1053 5592 1314 5647 imbecilli
1364 5594 1533 5648 animi
1580 5604 1686 5659 est,
1736 5594 1873 5653 adeo
1906 5596 1993 5650 sui

433 5678 711 5765 negligens
739 5691 792 5737 et
827 5685 1060 5769 propriae
1087 5684 1279 5751 salutis
1309 5685 1534 5749 oblitus,
1571 5686 1684 5770 qui,
1715 5686 1757 5740 si
1794 5686 1991 5742 viderit

2096 4523 2207 4579 quo
2240 4506 2333 4567 hic
2360 4516 2549 4562 sextus
2579 4506 2773 4563 ordine
2800 4507 2956 4579 regni
2986 4513 3262 4575 sceptrum
3296 4494 3508 4565 accepit.
3530 4497 3617 4590 lin"
3678 4564 3688 4575 ο

2095 4599 2333 4663 viribus,
2364 4614 2471 4655 non
2497 4599 2723 4665 divitiis,
2752 4612 2863 4652 non
2889 4596 3123 4652 militum
3154 4604 3399 4651 numero,
3424 4590 3618 4677 nan

2095 4689 2243 4760 perii
2271 4689 2651 4760 magnitudine
2688 4688 2883 4747 fretus.
2911 4686 3007 4742 sed
3035 4686 3107 4742 ob
3142 4684 3325 4740 civiles
3357 4668 3617 4732 discordias

2096 4782 2397 4839 accersitus
2448 4796 2479 4839 a
2524 4779 2729 4837 Graecis
2770 4779 2825 4833 in
2876 4778 3150 4847 Europam
3198 4770 3420 4842 trajecit,
3464 4768 3612 4816 annus

2095 4884 2243 4924 nunc
2288 4868 2463 4924 ferme
2512 4868 2690 4938 agitur
2731 4866 3065 4928 centesimus
3097 4873 3153 4918 et
3181 4858 3488 4916 tricesimus,
3524 4854 3614 4942 ulla

2098 4969 2208 5015 tam
2244 4960 2310 5015 iis
2342 4960 2607 5015 adversus
2637 4974 2777 5029 quos
2810 4964 3140 5028 provocatus
3170 4953 3363 5007 fuerat.
3390 4942 3613 5040 quem}?

2097 5052 2190 5121 qui
2228 5052 2637 5110 accersiverant
2681 5049 3027 5120 perniciosus
3056 5056 3110 5101 et
3161 5034 3610 5132 Ρθειίιθηίῖδξωῗῗ

2098 5143 2366 5199 Paulatim
2397 5143 2542 5197 enim
2591 5156 2841 5211 serpens,
2877 5154 2941 5195 ac
2972 5138 3098 5202 sibi,
3130 5150 3235 5190 non
3277 5125 3453 5185 amicis
3474 5125 3608 5211 mill“

2097 5231 2239 5285 rium
2265 5245 2608 5300 comparans,
2633 5244 2803 5298 usque
2828 5228 2966 5283 adeo
2996 5226 3146 5281 auxit
3174 5222 3334 5283 vires,
3363 5220 3419 5268 ut
3455 5205 3608 5311 valell-

2098 5330 2181 5374 tes
2229 5332 2414 5391 postea
2472 5336 2597 5375 eum
2645 5321 2858 5389 ejicere.
2906 5334 3014 5373 non
3062 5312 3349 5387 potuerint.
3388 5302 3504 5357 δθίίε
3558 5302 3605 5344 se

2097 5409 2347 5469 effecisse
2398 5410 2679 5483 arbitrati,
2727 5411 2773 5469 si
2822 5410 3025 5477 findere
3076 5408 3179 5461 icto
3227 5398 3389 5468 aequis
3415 5400 3519 5446 cum
3553 5391 3603 5432 το

2097 5503 2315 5574 legibus
2343 5506 2528 5561 vivere
2557 5504 2935 5570 impetrarent.
2973 5497 3132 5569 Atqui
3171 5510 3254 5548 res
3284 5489 3446 5547 aliter,
3470 5484 3598 5549 quam

2099 5595 2307 5663 opinati
2340 5594 2580 5661 fuerant,
2604 5594 2809 5647 evenit.
2846 5593 3056 5646 Etenim
3088 5602 3214 5657 gens
3240 5575 3596 5675 barbaraatquf

2102 5690 2279 5770 inops,
2316 5687 2479 5754 simul
2520 5701 2582 5739 ac
2614 5684 2961 5753 dulcedinem
2996 5681 3202 5763 frugum
3234 5684 3282 5730 et
3323 5669 3592 5726 suavium"
