3880 6220
397 237 507 300 653

1442 249 1878 318 ORATIONES
1918 258 2164 320 CONTB
2179 263 2222 321 Α
2261 263 2585 328 TURCAS.

3541 277 3648 342 654

399 349 722 453 divitiarum
767 367 985 455 gusta-re
1033 361 1478 455 empitgnullum
1511 367 1830 435 cupiditatis
1868 378 1974 426 tcr-
1999 374 2051 435 Α
2075 371 2339 430 Grzeciam
2371 375 2637 443 diximus,
2681 380 2935 447 quamvis
2976 396 3276 450 paucorum
3318 387 3646 455 oppidorum

397 441 608 496 minum
644 446 856 499 statuit.
905 445 982 501 Ex
1029 463 1198 518 parvo
1241 450 1428 520 itaque
1474 469 1538 509 ac
1587 455 1755 513 debili
1813 459 1972 517 initio

397 547 575 603 usque
619 533 758 589 adeo
799 552 991 592 eorum
1032 543 1176 597 vires
1204 553 1422 598 centum
1450 553 1506 598 et
1536 547 1763 616 triginta
1793 564 1971 606 anno-

396 639 519 679 rum
569 626 747 696 spatio
776 641 1094 697 creverunt,
1124 641 1184 688 ut
1227 635 1341 705 jam
1379 652 1490 691 non
1539 653 1708 708 parva
1743 640 1973 712 Europae

395 725 549 785 parte
570 727 860 787 occupata,
890 735 994 776 nec
1023 721 1254 778 Danubii
1274 725 1746 794 profundissimus
1768 733 1968 800 amnis,

395 818 498 858 nec
531 803 733 876 Illyrici
767 809 1052 878 asperrimi
1087 823 1302 869 montes
1341 830 1535 870 eorum
1575 817 1839 889 impetum
1875 837 1967 878 re-

397 893 616 948 tardare
645 895 856 964 possint
885 899 1042 968 quin,
1081 898 1308 958 (lumine
1341 907 1685 972 transmisso,
1720 918 1777 964 et
1817 909 1972 965 loco-

399 1001 520 1039 rum
574 985 988 1045 dilIicuItatibus
1035 994 1334 1062 superatis,
1388 996 1542 1052 lllin’c
1599 1014 1698 1066 per
1749 1015 1968 1056 onmem

395 1075 734 1130 Pannoniam
791 1089 1144 1148 grassentur,
1205 1084 1336 1140 hinc
1386 1087 1440 1142 in
1501 1089 1736 1145 mediam
1797 1107 1970 1162 usque

394 1163 766 1234 Germaniam,
813 1180 869 1224 et
903 1171 1094 1236 Istros,
1135 1185 1190 1231 et
1232 1175 1433 1234 Forum
1468 1179 1599 1236 Julii
1648 1191 1965 1250 penetrent,

393 1251 790 1323 dcpopulantes
812 1272 875 1313 ac
903 1254 1167 1317 fcedantes
1183 1266 1388 1334 omnia,
1413 1283 1479 1324 ac
1499 1268 1663 1326 liores
1688 1272 1813 1328 illos
1841 1287 1967 1342 pro-

393 1343 700 1398 vinciarutn
753 1343 898 1403 ferro
933 1349 1170 1422 igneque
1201 1365 1496 1415 vastantes.
1534 1353 1654 1428 Quo
1682 1363 1803 1419 loco
1829 1353 1965 1420 illud

393 1435 449 1489 in
483 1435 674 1504 primis
707 1453 736 1492 a
767 1440 930 1497 nobis
950 1443 1498 1505 animadvertendum
1526 1467 1746 1519 censeo,
1775 1470 1967 1521 quam-

392 1523 478 1578 vis
508 1523 625 1581 hac
668 1528 852 1584 omnia
899 1545 990 1596 eo,
1028 1548 1139 1603 quo
1173 1534 1437 1604 diximus,
1481 1541 1745 1618 temporis
1786 1545 1966 1614 spatio

394 1615 651 1684 fecerint,
697 1618 857 1688 plura
903 1629 1018 1677 tum
1065 1629 1362 1696 postremis
1391 1615 1750 1704 quadraginta
1785 1635 1962 1700 annis,

397 1718 562 1775 quam
588 1711 882 1780 nonaginta
917 1712 1030 1769 illis
1055 1716 1437 1799 superioribus
1464 1699 1675 1778 fecisse.
1709 1721 1788 1779 Ita
1815 1699 1964 1780 enim
1992 1699 2039 1759 Β

393 1807 592 1853 natura
636 1813 1010 1871 comparatum
1055 1817 1161 1874 est,
1199 1816 1260 1862 ut
1309 1810 1578 1882 principia
1611 1813 1816 1872 virtute
1843 1813 1967 1886 qui-

393 1887 522 1943 dem
581 1904 647 1944 ac
697 1889 909 1948 viribus
963 1895 1172 1965 majora
1217 1899 1364 1965 sint,
1413 1901 1788 1971 magnitudine
1833 1920 1966 1960 vero

392 1981 660 2052 capiaque
694 1983 1005 2044 vincantur.
1033 1987 1112 2044 Ex
1140 1987 1228 2045 his
1254 1991 1383 2046 item
1415 1994 1775 2066 quadraginta
1805 1996 1967 2053 annis

392 2073 554 2145 longe
597 2077 756 2143 plura
798 2079 884 2135 his
917 2079 1107 2137 decem
1153 2094 1210 2139 et
1238 2096 1446 2154 septem
1496 2099 1762 2158 patrasse,
1801 2105 1964 2160 quam

396 2167 576 2222 tribus
599 2177 652 2222 et
681 2170 875 2240 viginti
909 2173 1202 2242 prioribus.
1237 2176 1398 2233 Plura
1432 2179 1690 2238 immanis
1715 2182 1818 2236 ista
1847 2177 1967 2238 bel-

391 2257 485 2314 lua
529 2260 976 2320 Christianorum
1028 2268 1358 2338 sanguinem
1401 2286 1621 2343 semper
1672 2274 1962 2342 anhelans,

389 2342 516 2421 post
537 2352 892 2424 Byzantinum
916 2357 1188 2412 excidium
1213 2359 1365 2416 solus
1402 2342 1589 2431 gessit,
1615 2377 1776 2432 quam
1808 2373 1966 2434 pater

391 2444 512 2514 ejus
537 2456 702 2515 atque
731 2461 868 2503 avus
912 2463 1011 2517 per
1051 2463 1273 2505 omnem
1299 2451 1466 2505 vitam
1508 2452 1711 2520 fecere,
1746 2454 1966 2523 decem,

394 2541 456 2587 ut
483 2547 624 2603 saape
652 2550 683 2589 a
726 2535 885 2591 nobis
914 2537 1244 2606 explicatum
1271 2549 1376 2606 est,
1418 2540 1627 2596 interea
1663 2543 1844 2613 regnis
1872 2559 1968 2599 oc-

395 2623 630 2691 cupatis,
653 2631 712 2678 ut.
735 2625 912 2694 palam
939 2625 1196 2683 omnibus
1223 2628 1290 2683 sit
1325 2645 1433 2698 quo
1462 2633 1637 2701 magis
1657 2631 1780 2704 ejus
1814 2633 1964 2690 vires

393 2723 686 2783 augentur,
739 2731 807 2771 eo
857 2716 1056 2774 deinde
1089 2721 1303 2776 minore
1337 2722 1577 2792 negotio,
1609 2739 1966 2797 quoscunque

392 2805 616 2876 aggredi
667 2806 928 2876 voluerit,
972 2825 1132 2880 posse
1177 2827 1459 2882 superare.
1493 2811 1965 2881 Quemadmodum

392 2902 538 2956 enim
571 2903 625 2956 in
662 2902 974 2969 disciplinis
1011 2915 1176 2977 atque
1207 2907 1421 2962 artibus
1453 2917 1510 2964 et
1547 2911 1696 2966 omni
1730 2911 1965 2968 actionis

2078 462 2352 531 regulum,
2396 464 2597 521 divinis
2643 467 2836 523 colunt
2893 469 3233 535 honoribus,
3276 481 3333 526 et
3384 485 3647 545 perpetua

2074 549 2216 606 fama
2265 568 2328 610 ac
2351 556 2689 625 sempiterna
2718 558 2892 628 gloria
2918 560 3220 617 celebrant.
3243 563 3502 620 Sanun-1
3520 581 3648 624 eum

2072 657 2138 698 ac
2167 643 2388 701 beatum
2436 649 2745 715 nominant,
2779 651 3107 708 ctelestibus
3153 657 3460 723 praedicant
3497 657 3648 714 loea-

2074 744 2190 790 tum
2213 737 2460 804 sedibus,
2481 755 2605 795 cum
2631 741 2884 812 princeps
2912 742 3120 798 bellum
3166 743 3435 816 adversus
3482 747 3649 805 Chri-

2079 827 2291 884 sti-anes
2317 831 2577 900 gesserit,
2609 840 2667 887 et
2707 833 2904 902 paucis
2945 834 3272 904 quibusdam
3321 838 3646 909 subjugatis,

2071 931 2171 972 eos
2208 919 2388 988 impia:
2417 919 2815 978 Mahumetana:
2845 936 3015 978 secta
3046 924 3334 980 dicaverit.
3371 927 3508 994 Quid
3549 946 3648 985 eos

2074 1008 2292 1063 tandem
2325 1025 2454 1080 erga
2483 1026 2543 1066 se
2572 1011 2816 1070 facturos
2847 1014 3142 1082 existimet,
3176 1017 3220 1071 si
3255 1032 3380 1072 cum
3414 1027 3495 1074 tot
3523 1021 3648 1076 aliis

2071 1095 2397 1154 Christianis
2430 1101 2670 1169 populis,
2703 1101 2870 1156 Italos
2899 1118 3126 1172 quoque
3157 1104 3328 1175 (quod
3357 1107 3528 1162 etiam
3555 1124 3647 1163 co-

2070 1189 2245 1258 gitare
2288 1190 2482 1246 horret
2513 1192 2752 1263 animus)
2784 1193 3135 1265 subjugarit?
3179 1197 3262 1251 An
3295 1213 3427 1253 vero
3456 1199 3648 1270 gloriae

2068 1279 2290 1336 avidum
2324 1282 2579 1340 dubitare
2610 1285 2940 1354 poterimus,
2977 1301 3102 1341 eum
3141 1287 3246 1343 hoc
3285 1297 3483 1345 natura
3523 1306 3645 1345 otn-
3715 1329 3726 1335 -λ

2068 1371 2232 1427 nibus
2282 1372 2440 1438 insit,
2471 1375 2775 1444 prmaertim
2835 1376 3202 1446 principibus,
3249 1387 3308 1434 et
3365 1379 3455 1436 hic
3503 1385 3645 1441 sciat

2067 1463 2280 1518 nullum
2323 1464 2431 1518 sibi
2473 1463 2538 1519 ad
2578 1463 3041 1522 immortalitatem
3085 1470 3413 1538 ampliorem
3454 1480 3642 1542 patere

2066 1555 2364 1626 campum?
2393 1555 2526 1610 Nam
2553 1556 2622 1612 de
2644 1557 2881 1632 utilitate
2905 1559 3210 1631 ambigere.
3237 1576 3638 1632 supervacuum

2068 1654 2217 1702 certe
2238 1645 2472 1701 videtur.
2491 1645 2627 1701 Cum
2651 1648 2798 1702 enim
2831 1631 2972 1703 ratio
2997 1649 3113 1705 haec
3143 1631 3396 1708 bifariam
3425 1655 3640 1728 divida-

2069 1743 2180 1806 tur,
2195 1746 2252 1793 et
2283 1737 2414 1793 hinc
2442 1735 2721 1808 quomodo
2743 1737 2949 1792 servari
2973 1752 3094 1807 qua:
3118 1750 3272 1811 parta
3299 1753 3454 1810 sunt,
3488 1745 3638 1800 illinc

2068 1844 2178 1898 quo
2202 1836 2361 1898 pacto
2391 1828 2578 1900 augeri
2611 1836 2835 1898 queant,
2855 1830 3260 1896 consideretur,
3282 1848 3388 1903 qua
3417 1835 3636 1893 tandem

2068 1921 2280 1977 ratione
2301 1936 2422 1992 quae
2445 1920 2609 1976 habet
2648 1920 2866 1976 facilius
2911 1937 2976 1978 ac
3001 1925 3209 1979 certius
3240 1939 3462 1980 servare.
3487 1937 3639 1994 pote-

2071 2015 2164 2076 rit,
2192 2025 2356 2080 quam
2401 2009 2658 2080 augendo
2707 2009 3102 2080 principatum,
3131 2022 3188 2066 et
3233 2011 3370 2070 lines
3421 2013 3635 2084 imperii

2069 2097 2460 2170 propagando?
2487 2098 2678 2154 Solent
2707 2098 2905 2155 medici
2938 2099 2995 2153 in
3028 2098 3354 2170 corporibus
3376 2101 3638 2157 curandis

2067 2205 2132 2244 ea
2162 2190 2403 2246 remedia
2445 2189 2729 2257 adhibere,
2772 2207 2893 2262 quae
2932 2191 3224 2262 aliquando
3266 2192 3464 2249 iisdem
3492 2210 3637 2250 mor-

2071 2281 2266 2336 borum
2318 2281 2616 2352 generibus
2668 2282 2824 2337 utilia
2868 2282 3080 2352 experti
3130 2291 3304 2337 sunt:
3335 2283 3440 2338 hoc
3490 2284 3634 2339 idem

2068 2371 2374 2430 Turcorum
2427 2371 2725 2442 imperator
2769 2371 2923 2438 facit,
2958 2380 3011 2426 et
3057 2371 3164 2428 hoc
3207 2371 3364 2442 quasi
3399 2373 3640 2429 medica-

2069 2471 2316 2519 mentum
2350 2463 2625 2533 quoddam
2657 2462 2724 2518 ad
2757 2477 2845 2529 ea,
2885 2477 3010 2532 qua!
3052 2471 3207 2532 parta
3237 2453 3637 2528 sunt,"conser-

2067 2557 2244 2626 vanda
2267 2557 2690 2613 saluberrimum
2716 2565 2898 2623 ratus;
2930 2571 2996 2612 eo
3026 2571 3243 2626 semper
3268 2557 3466 2621 utitur,
3503 2557 3637 2613 huic

2068 2646 2262 2712 haeret,
2299 2646 2403 2702 hoc
2428 2645 2765 2716 frequentat.
2800 2644 3010 2700 Mutare
3038 2647 3168 2709 hoc,
3200 2657 3258 2701 ut
3290 2645 3441 2701 aliud
3471 2660 3636 2715 expe-

2068 2737 2266 2804 riatur,
2299 2753 2408 2792 non
2440 2745 2597 2808 putat
2629 2744 2827 2792 tutum.
2861 2735 3026 2806 Cupit
3055 2740 3138 2806 (ut
3175 2753 3275 2808 par
3305 2737 3413 2808 est)
3457 2738 3638 2794 omni-

2067 2845 2176 2900 que
2222 2840 2425 2886 oonatu
2461 2828 2656 2886 nititur
2697 2843 3028 2885 conservare
3061 2829 3374 2899 imperium.
3416 2831 3634 2886 Nullam

2067 2920 2136 2976 ad
2191 2920 2248 2976 id
2303 2923 2561 2977 tutiorem
2609 2934 2732 2976 esse
2779 2919 2927 2975 viam
2981 2919 3259 2990 intelligit,
3308 2936 3471 2992 quam
3507 2936 3631 2978 cum

393 3007 593 3062 genere
638 2993 755 3048 ﬁeri
787 2994 1060 3062 videmus,
1096 3004 1156 3052 ut
1199 2999 1371 3070 major
1415 3000 1486 3056 sit
1521 3010 1802 3090 postremo
1831 3019 1966 3073 quo-
1990 3027 2033 3087 ο
2064 3012 2242 3068 aliena
2273 3013 2491 3083 jactura
2527 3013 2675 3067 vires
2707 3026 2835 3067 suas
2870 3025 3094 3081 augere.
3138 3007 3294 3078 Quod
3334 3012 3380 3067 si
3414 3013 3631 3082 assequi

395 3097 503 3152 que
535 3099 701 3150 anno,
748 3101 912 3154 quam
945 3088 1203 3144 omnibus
1246 3088 1624 3160 superioribus
1655 3092 1956 3163 profectus.

396 3172 554 3229 Unde
587 3174 720 3229 illud
769 3189 986 3247 quoque
1020 3179 1180 3247 vulgo
1215 3179 1323 3234 dici
1361 3180 1520 3246 solet,
1557 3181 1828 3238 ditescere
1864 3184 1964 3240 ho-

394 3263 530 3318 mini
577 3263 797 3320 didicile
842 3282 1004 3331 esse,
1058 3269 1114 3322 in
1175 3268 1505 3324 immensum
1555 3287 1686 3326 vero
1745 3273 1964 3330 divitias

392 3370 592 3424 augere
619 3356 962 3411 facillimum.
993 3356 1070 3413 Ita
1102 3358 1154 3412 in
1193 3359 1359 3414 rebus
1389 3375 1608 3430 quoque
1634 3361 1964 3418 militaribus

392 3446 616 3511 accidit,
661 3452 723 3500 ut
764 3446 987 3503 vincere
1022 3447 1241 3505 dillicile
1287 3449 1584 3506 admodum
1621 3455 1710 3520 sit,
1743 3455 1961 3524 evagari

394 3545 584 3607 postea
613 3552 710 3606 per
743 3538 1004 3595 victorias
1031 3541 1238 3596 nullius
1270 3541 1498 3598 laboris.
1525 3542 1706 3610 Quare
1736 3559 1964 3614 persua-

394 3629 529 3684 dere
572 3629 677 3684 sibi
727 3631 963 3701 quisque
1016 3631 1176 3687 facile
1228 3641 1433 3704 potest,
1477 3635 1610 3704 quid
1662 3637 1964 3693 sceleratus

339 3735 351 3746 “
397 3721 595 3788 hostis,
629 3738 742 3792 quo
769 3720 910 3778 nihil
944 3721 1056 3779 dici
1088 3724 1361 3794 deterius,
1388 3725 1523 3782 nihil
1555 3729 1835 3784 crudelius
1866 3745 1966 3799 po-

405 3821 536 3876 test,
578 3814 830 3883 proximo
857 3815 964 3870 hoc
1001 3816 1381 3887 quinquennio
1415 3819 1662 3875 lacturus
1687 3821 1778 3886 sit,
1813 3830 1965 3875 tanta

389 3907 502 3979 jam
531 3906 718 3962 decem
747 3915 804 3962 et
834 3915 1045 3978 septem
1073 3911 1236 3965 annis
1268 3913 1508 3981 potentia
1540 3921 1880 3982 comparata,
1907 3922 1964 3968 et

396 3997 570 4067 priori
609 3999 731 4068 ejus
767 4001 1026 4069 potentia:
1073 4000 1280 4056 addita.
1321 4002 1526 4074 Magna:
1565 4004 1966 4075 incomparabi‘

396 4089 588 4160 lesque
618 4100 749 4145 sunt
786 4093 910 4164 ejus
952 4091 1117 4158 vires,
1163 4094 1490 4151 inexhausta
1529 4097 1824 4164 cupiditas,
1861 4097 1964 4152 im-

397 4196 589 4237 mensa
635 4183 953 4238 dominandi
1011 4184 1208 4251 libido,
1258 4185 1488 4242 scientia
1545 4188 1625 4243 rei
1685 4188 1960 4253 militaris,

397 4283 530 4328 aetas
556 4273 780 4340 'llorida,
814 4291 1015 4347 corpus
1037 4277 1320 4334 laboribus
1350 4288 1650 4334 assuetum.
1683 4281 1765 4337 An
1799 4280 1964 4350 igitur

2063 3119 2172 3160 non
2218 3113 2422 3176 posset,
2467 3103 2620 3159 nulla
2653 3103 2814 3158 nobis
2845 3103 3058 3158 timoris
3106 3104 3246 3158 ratio
3283 3113 3453 3168 esset,
3485 3105 3635 3164 nulla

2064 3196 2133 3250 de
2163 3195 2328 3252 rebus
2352 3196 2558 3251 nostris
2584 3193 2854 3250 dubitatio
2880 3211 2894 3247 :
2917 3193 3036 3258 sed,
3059 3209 3146 3250 me
3164 3193 3424 3251 miserum
3447 3196 3462 3249 l
3482 3211 3634 3251 meu-

2067 3288 2158 3343 tiri
2202 3288 2258 3342 in
2289 3287 2393 3342 hac
2437 3297 2594 3357 parte
2625 3286 2791 3341 etiam
2825 3285 3018 3341 volens
3058 3299 3171 3339 non
3213 3300 3454 3355 possum.
3487 3285 3634 3342 Nihil

2066 3392 2308 3448 unquam
2360 3376 2596 3448 alicujus
2646 3376 2868 3432 facilius
2917 3376 3044 3431 fuit.
3097 3377 3179 3431 Ad
3232 3377 3349 3433 haec
3387 3377 3638 3448 pecuniae

2064 3481 2330 3524 numerus
2374 3468 2705 3532 immensus,
2757 3465 3058 3522 multitudo
3098 3466 3334 3522 militum
3366 3468 3633 3534 inaudita,

2067 3568 2129 3616 ut
2163 3562 2320 3631 cujus
2353 3559 2657 3615 exercitum
2680 3573 2846 3628 supra
2881 3557 3117 3614 ducenta
3145 3557 3431 3613 hominum
3464 3560 3635 3614 millia

2065 3662 2395 3723 sequuntur.
2429 3651 2672 3707 Classem
2701 3650 2890 3718 habet,
2921 3665 3087 3721 quam
3115 3648 3494 3720 superioribus
3518 3649 3635 3704 die-

2068 3744 2173 3798 bus
2188 3743 2244 3798 in
2265 3742 2666 3813 expugnatione
2683 3740 2964 3798 Chalcidis
2980 3755 3089 3796 non
3109 3739 3227 3795 sine
3243 3750 3466 3809 stupore
3486 3739 3637 3795 audi-

2067 3833 2171 3889 stis
2190 3841 2455 3903 quantam
2477 3830 2749 3886 instruere
2768 3830 2856 3884 vix
2875 3832 3053 3886 omnis
3071 3829 3236 3884 simul
3253 3828 3404 3884 Italia
3423 3837 3632 3900 posset.

2066 3925 2198 3982 Erat
2217 3934 2342 3980 ante
2359 3923 2506 3979 hunc
2529 3923 2674 3977 diem
2700 3917 3230 4000 duntaxatterrestri
3258 3921 3505 3977 exercitu
3533 3936 3631 3992 po-

2065 4024 2208 4072 tens.
2230 4013 2394 4070 Maris
2417 4011 2706 4082 imperium
2723 3993 2902 4067 adhuc
2929 4011 3132 4066 nostris
3149 4018 3454 4081 supererat.
3476 4011 3634 4068 Nunc

2065 4121 2198 4165 vero
2250 4106 2305 4177 (ο
2361 4103 2744 4175 cogitationem
2798 4115 3018 4173 quoque
3055 4109 3216 4156 tantae
3257 4100 3433 4156 cladis
3482 4117 3636 4156 acer-

2068 4197 2197 4254 bam
2228 4195 2267 4268 ι)
2299 4211 2452 4252 mare
2484 4207 2704 4266 quoque
2731 4191 3059 4248 Christianis
3102 4191 3346 4246 ablatum
3379 4189 3492 4246 illis
3531 4187 3635 4246 ad-

2071 4291 2247 4348 ditum
2298 4299 2404 4346 est.
2436 4287 2589 4344 Licet
2618 4287 2670 4342 ei
2716 4285 2830 4356 jam
2879 4284 3050 4339 libere
3091 4283 3275 4354 vagari
3332 4297 3442 4353 quo
3476 4283 3633 4348 libet,

400 4379 532 4419 cum
549 4367 700 4428 velit,
716 4375 777 4421 et
793 4367 989 4436 possit,
1009 4380 1067 4423 et
1083 4369 1240 4435 sciat,
1270 4369 1525 4424 dubitare
1552 4370 1750 4439 aliquis
1781 4380 1962 4439 potest

2075 4397 2270 4438 omnes
2299 4390 2514 4452 portus,
2539 4393 2730 4435 omnes
2779 4376 3085 4432 maritimas
3113 4373 3374 4429 stationes
3431 4373 3635 4430 liberas

400 4456 534 4524 quin
570 4464 682 4510 toto
712 4457 896 4511 animo
925 4471 989 4512 ac
1023 4465 1136 4512 tota
1165 4468 1345 4512 mente
1378 4459 1432 4513 in
1468 4475 1568 4514 nos
1606 4460 1724 4516 dies
1753 4470 1966 4517 noctes-

399 4562 508 4616 que
542 4548 796 4604 feratur?
828 4551 912 4603 An
947 4564 1080 4604 vero
1103 4560 1382 4605 armatum
1406 4551 1781 4621 praestolamur
1813 4553 1964 4608 domi

401 4639 718 4702 oscitantes,
773 4648 833 4692 ut
875 4646 992 4692 tum
1035 4639 1254 4692 demum
1299 4641 1608 4705 credamus,
1664 4656 1788 4694 cum
1837 4657 1967 4697 eum

398 4739 525 4784 ante
566 4729 754 4784 oculos
797 4740 1012 4785 nostros
1043 4732 1192 4786 virus
1235 4731 1577 4786 exhalantem
1609 4731 1966 4787 videbimus?

400 4818 518 4874 Non
559 4821 717 4877 decet
751 4823 1024 4891 profecto,
1060 4837 1163 4878 nec
1198 4822 1452 4878 Italorum
1488 4823 1746 4892 potentia:
1777 4825 1857 4879 fas
1881 4832 1967 4879 est

400 4912 584 4966 dicere
628 4930 643 4966 :
678 4913 799 4968 Non
838 4924 1110 4982 putaram.
1149 4913 1374 4982 Pr0pria
1409 4914 1526 4969 Itali
1569 4916 1850 4985 sanguinis
1882 4923 1967 4969 est

403 5003 716 5072 prudentia,
776 5005 998 5075 propria
1044 5005 1291 5068 libertas,
1337 5007 1616 5075 pr0prium
1649 5007 1964 5076 imperium.

402 5096 485 5150 An
531 5096 864 5166 degenerare
913 5097 1292 5151 nobilissimus
1335 5098 1555 5152 animus
1587 5113 1617 5151 a
1668 5098 1967 5168 majoribus

401 5185 540 5247 suis,
572 5195 646 5244 et.
679 5202 841 5254 quem
879 5186 1022 5240 Deus
1050 5187 1220 5240 voluit
1261 5188 1474 5243 caneris
1503 5187 1802 5258 imperare,
1849 5204 1966 5243 ser-

399 5277 517 5332 vire
577 5281 725 5349 genti
789 5279 1100 5334 foedissima
1147 5279 1561 5335 sustinebituri
1609 5281 1756 5335 Nihil
1811 5290 1968 5350 putat

399 5369 621 5424 Turcus
655 5385 714 5424 se
747 5369 929 5424 facere
963 5371 1184 5440 dignius
1220 5385 1402 5440 posse,
1435 5371 1574 5426 nihil
1623 5372 1832 5426 nomini
1865 5386 1967 5426 suo

398 5461 718 5530 gloriosius,
774 5476 940 5531 quam
987 5461 1034 5516 si
1075 5461 1132 5518 in
1178 5461 1384 5516 Italiam
1431 5461 1734 5516 exercitum
1779 5462 1963 5528 ducat,

399 5561 457 5604 et
489 5552 757 5621 imperare
783 5554 997 5608 solitam
1031 5553 1364 5622 provinciam
1391 5567 1490 5607 suo
1516 5552 1679 5608 addat
1710 5554 1960 5624 imperio.

401 5643 555 5702 Atavi
605 5645 722 5716 ejus
771 5655 1075 5716 parentem,
1107 5659 1266 5718 quem
1315 5643 1552 5714 printutn
1597 5643 1870 5726 trajecisse
1907 5644 1964 5700 in

2069 4475 2233 4530 habet
2262 4490 2278 4528 :
2309 4471 2656 4526 Ambracium
2678 4469 2861 4524 sinum
2883 4507 2898 4533 ,
2929 4474 3144 4538 portum
3179 4465 3330 4520 illum
3361 4466 3637 4522 nobilissi-

2066 4579 2217 4620 mum
2247 4563 2608 4632 Apolloniam,
2642 4561 2761 4616 loca
2783 4557 3002 4628 quidem
3042 4557 3207 4612 Italiae
3228 4557 3488 4622 ﬁnitima;
3511 4573 3635 4626 quas

2067 4654 2197 4709 olim
2236 4653 2500 4707 Romanis
2529 4650 2584 4705 in
2622 4648 2908 4713 Graeciam,
2935 4647 2980 4700 si
3012 4644 3203 4700 eadem
3239 4660 3388 4700 nunc
3433 4644 3512 4701 illi
3545 4647 3632 4700 via

2067 4745 2122 4800 in
2161 4743 2372 4798 Italiam
2399 4742 2523 4803 erit,
2549 4753 2813 4810 perquam
2853 4737 3019 4793 breve
3050 4737 3275 4800 fretum,
3306 4736 3630 4792 brevissima

2067 4835 2337 4905 navigatio
2386 4841 2490 4887 est.
2549 4831 2834 4886 Terrestre
2879 4837 3140 4899 praeterea
3195 4827 3303 4883 iter
3333 4842 3504 4898 usque
3564 4826 3632 4882 ad

2066 4926 2268 4980 Forum
2295 4925 2422 4980 Julii
2450 4933 2640 4994 patens
2680 4931 2845 4990 atque
2886 4929 3158 4989 apertum.
3190 4918 3325 4973 Mari
3374 4929 3632 4986 terraque

2066 5016 2284 5085 cingere
2305 5015 2514 5069 Italiam
2540 5021 2736 5082 potest.
2769 5009 2910 5078 Quid
2944 5019 3048 5076 est,
3077 5009 3226 5078 quod
3252 5023 3377 5064 eum
3408 5008 3491 5063 vel
3524 5023 3633 5060 non

2067 5103 2275 5158 hortari
2303 5114 2466 5172 atque
2496 5103 2778 5172 impellere
2824 5101 3022 5161 debeat
3051 5099 3119 5154 ad
3162 5113 3248 5163 ea,
3285 5113 3408 5168 quae
3442 5097 3633 5151 taudiu

2067 5197 2252 5253 animo
2285 5195 2612 5264 proposuit,
2646 5191 3001 5264 perficienda,
3031 5191 3116 5244 vel
3149 5190 3310 5245 abiis
3348 5190 3630 5242 deterrere

2065 5287 2238 5359 possit
2271 5295 2434 5354 atque
2455 5283 2744 5338 avertere?
2792 5281 3038 5338 Audistis
3067 5280 3300 5344 multos,
3334 5277 3428 5349 qui
3475 5277 3630 5332 illum

2065 5378 2261 5448 sapius
2295 5376 2502 5440 Italiam
2549 5383 2850 5437 ontantem,
2882 5373 3092 5427 Italiam
3136 5380 3474 5440 sperantem,
3528 5365 3632 5424 Ita-

2065 5469 2194 5524 liam
2239 5482 2304 5522 ae
2330 5465 2558 5520 Romam
2587 5463 2975 5518 vociferantem
3024 5461 3413 5517 intellexerunt
3443 5477 3460 5527 ;
3499 5461 3547 5516 si
3579 5470 3636 5515 et

2067 5554 2240 5622 cupit,
2292 5561 2349 5607 et
2381 5565 2537 5620 posse
2587 5564 2646 5604 se
2695 5560 2896 5618 sperat.
2926 5548 3070 5608 Nihil
3119 5550 3268 5605 certe
3318 5557 3446 5615 est,
3482 5549 3629 5618 quod

2069 5659 2194 5701 cum
2221 5642 2393 5717 possit
2425 5641 2492 5697 ab
2525 5639 2626 5696 hoc
2678 5640 2958 5711 proposito
2993 5639 3250 5696 remorari
3278 5679 3291 5705 ,
3328 5640 3629 5716 praisertim
