3880 6220
327 285 436 347 635

1250 289 1763 352 BESSARIONIS
1801 291 1864 354 S.
1907 292 1976 353 Β.
2025 294 2092 355 E.
2143 296 2609 359 CARDINALIS

3461 298 3567 362 6.36

327 398 459 451 dum
507 396 671 454 italos
710 398 940 456 confidit
969 415 1250 473 nunquam
1292 405 1403 458 uno
1434 418 1705 460 consensu
1741 404 1794 459 in
1837 382 1974 464 se'A
1999 412 2279 468 montibus
2326 412 2664 483 asperrimis,
2721 428 2819 484 pro
2846 412 3092 484 illyrium
3145 410 3377 481 penuria
3434 409 3565 468 eum

328 488 765 557 conspiratum,
799 506 1079 562 nunquam
1102 493 1368 550 adversus
1392 510 1452 551 se
1477 511 1629 550 arma
1644 492 1921 566 sumptu?

328 594 443 636 ros.
473 579 571 635 liis
613 581 703 638 ille
732 583 1176 641 contentionibus
1204 600 1355 655 spem
1398 601 1551 641 suam
1586 588 1893 657 confirmat,

302 679 384 726 et
406 685 749 742 quaecunque
770 679 921 741 optat
945 673 1047 727 sibi
1075 673 1235 730 facile
1273 675 1581 745 pollicetur.
1616 677 1893 745 Referam,

324 764 575 832 quamvis
598 771 723 818 nota
762 764 834 818 sit
869 764 1055 834 vulgo,
1085 764 1359 830 fabellam,
1392 782 1502 837 qua
1543 783 1720 837 nuper
1759 784 1897 824 usus

323 851 545 916 dicitur,
582 866 706 906 cum
739 866 805 906 ex
834 854 951 907 suis
977 854 1202 924 quidam
1250 855 1571 912 dissuadere
1613 858 1664 914 ei
1691 859 1893 915 bellum

324 942 585 998 adversus
641 942 985 999 Christianos
1035 954 1349 1002 conaretur.
1420 947 1554 1004 Nam
1614 963 1738 1004 cum
1801 951 1897 1008 ille

321 1034 731 1089 formidandum
766 1050 885 1092 esse
917 1036 1127 1093 diceret
1159 1055 1228 1095 ne
1258 1039 1559 1097 Christiani
1595 1043 1738 1100 bello
1768 1044 1897 1100 irri-

320 1122 417 1176 tati
456 1125 671 1178 tandem
702 1122 756 1178 in
790 1139 961 1180 unum
1000 1127 1404 1195 convenirent,
1431 1133 1747 1203 bellumque
1796 1136 1893 1190 ad-

318 1226 511 1268 versus
541 1228 666 1268 cum
697 1217 975 1270 communi
1009 1219 1242 1273 consilio
1275 1227 1332 1276 et
1377 1236 1481 1291 Ope
1510 1234 1804 1293 gererent;
1838 1234 1893 1282 at

224 1318 235 1331 ι
319 1302 527 1370 ridens,
555 1305 886 1374 Meminisse,
939 1318 1202 1381 tyrannus
1255 1312 1456 1383 inquit,
1501 1315 1649 1371 illius
1699 1315 1897 1374 fabulae

321 1397 599 1451 convenit.
627 1397 761 1454 Cum
787 1399 900 1469 lupi
928 1400 1228 1470 aliquando
1255 1418 1508 1475 magnam
1535 1419 1733 1461 canum
1758 1408 1897 1463 mul-

320 1487 610 1543 titudinem
662 1490 959 1547 adventare
1014 1492 1280 1550 adversus
1326 1510 1385 1551 se
1412 1496 1551 1553 forte
1597 1498 1897 1556 intellexis-

321 1589 473 1643 sent,
512 1579 812 1651 ingensque
860 1593 1147 1653 propterea
1206 1593 1389 1641 terror
1417 1602 1513 1643 eos
1550 1596 1893 1659 occupasset,

324 1678 467 1725 unus
488 1686 554 1726 ex
591 1672 679 1738 iis,
710 1677 804 1743 qui
847 1676 992 1728 inter
1023 1689 1120 1729 eos
1147 1675 1336 1731 senior
1367 1686 1508 1741 erat,
1560 1678 1617 1733 in
1670 1680 1894 1749 propin-

321 1774 491 1829 quum
536 1772 775 1818 montem
806 1763 1105 1833 profectus,
1133 1779 1397 1821 cacumen
1430 1768 1569 1839 ejus,
1609 1779 1670 1825 ut
1694 1785 1889 1826 canum

308 1853 696 1919 specularetur
747 1854 1067 1919 adventum,
1119 1859 1461 1914 conscendit.
1510 1856 1713 1916 Verum
1763 1877 1888 1917 cum

320 1955 415 1997 eos
444 1943 645 1999 multos
672 1944 915 2014 quidem,
966 1945 1062 1999 sed
1095 1945 1439 2002 diversorum
1477 1949 1723 2024 colorum
1769 1965 1891 2007 esse

319 2033 712 2100 conspexisset,
758 2032 914 2089 iretus
944 2034 1291 2106 gestiensque
1325 2036 1392 2091 ad
1431 2050 1562 2094 suos
1614 2053 1890 2106 reversus,

308 2126 344 2174 ἰ
375 2123 548 2188 Βοηο,
586 2143 606 2177 ι
648 2126 846 2195 inquit,
879 2144 899 2177 σ
944 2136 1060 2182 este
1090 2128 1294 2183 animo.
1328 2130 1499 2186 Tanta
1533 2132 1681 2186 enim
1715 2145 1799 2190 est
1832 2135 1890 2191 in

318 2215 568 2272 hostibus
616 2218 823 2273 nostris
864 2218 1138 2284 colorum,
1192 2237 1406 2277 morum
1467 2226 1890 2297 studiorumque

317 2304 629 2372 diversitas,
661 2317 722 2363 ut
747 2308 1058 2365 consentire
1095 2325 1202 2366 una
1236 2328 1300 2368 ae
1339 2316 1660 2386 conspirare
1691 2316 1746 2370 in
1786 2317 1889 2371 ali-

316 2398 464 2466 quod
520 2398 683 2453 simul
714 2413 907 2454 omnes
940 2415 1048 2457 non
1072 2403 1325 2473 possint;
1370 2406 1618 2474 singulos
1656 2423 1810 2474 vero,
1842 2408 1886 2463 si

314 2493 592 2560 venerint,
640 2492 934 2550 absorbere
980 2494 1101 2551 sine
1144 2495 1462 2554 ditiicultate
1505 2502 1828 2571 poterimus.
1864 2521 1884 2557 ι

316 2581 442 2639 ilzee
482 2593 567 2639 est
615 2585 831 2656 tyranni
867 2600 1013 2655 spes,
1068 2587 1183 2643 haec
1228 2588 1508 2659 cogitatio,
1554 2592 1662 2647 hoc
1710 2596 1891 2651 consi-

314 2673 472 2745 lium,
500 2675 603 2728 nisi
637 2691 732 2745 spe
770 2691 868 2731 sua
903 2676 1225 2734 frustretur.
1280 2676 1662 2749 Frustrabitur,
1706 2694 1887 2742 autem

314 2764 361 2821 si
394 2765 702 2837 volueritis.
732 2767 1026 2841 Nunquam
1060 2768 1298 2825 ferocem
1326 2772 1479 2826 illum
1510 2775 1754 2831 animum
1787 2779 1891 2834 mi-

316 2856 514 2912 tiorem
539 2858 770 2914 reddere
796 2860 1071 2931 poteritis.
1097 2859 1272 2930 liabet
1298 2864 1444 2919 enim
1471 2864 1522 2919 in
1543 2867 1715 2924 armis
1740 2870 1888 2924 mili-

318 2957 428 3003 tem
475 2948 712 3015 deeretls
750 2952 1140 3035 perpetuisque
1191 2955 1484 3025 Stipendiis
1532 2960 1886 3035 conductum,

313 3039 432 3142 qui,
464 3039 747 3144 sive‘domi
775 3031 1042 3144 quiescat,
1071 3043 1187 3108 sive
1211 3045 1343 3102 foris
1363 3047 1499 3103 bella
1526 3062 1698 3121 gerat,
1729 3031 1880 3111 idem.
1916 3086 1959 3144 ο

312 3129 512 3198 accipit
540 3131 609 3185 ab
647 3131 841 3189 aerario
887 3132 1123 3191 militare
1159 3136 1514 3204 stipendium,
1549 3142 1697 3197 nullo
1729 3148 1883 3214 priu-

313 3218 451 3288 cipis
471 3220 555 3275 sui
595 3230 838 3291 sumptu,
869 3232 1033 3292 atque
1064 3239 1132 3279 eo
1177 3227 1400 3282 nomine
1446 3231 1678 3300 singulis
1721 3236 1883 3295 annis

312 3311 382 3377 ad
429 3312 813 3382 imperatorem
843 3328 1003 3369 suum
1043 3316 1307 3371 accedere
1346 3318 1702 3389 jurejurando
1750 3328 1883 3380 ada-

312 3412 455 3467 ctus,
495 3392 551 3457 et
601 3403 651 3458 ei
710 3419 931 3475 operam
990 3417 1047 3462 et
1099 3407 1341 3464 laborem
1384 3412 1653 3479 polliceri.
1712 3414 1884 3473 liabet

312 3505 574 3566 praeterea
609 3496 770 3569 longo
816 3513 1002 3553 rerum
1068 3514 1165 3554 usu
1214 3501 1374 3570 plane
1423 3516 1767 3575 perspectum
1827 3520 1885 3565 et

312 3590 655 3659 exploratum
689 3605 800 3645 non
835 3591 940 3646 alia
971 3592 1039 3646 de
1068 3607 1234 3648 causa
1272 3603 1473 3650 tantam
1529 3599 1737 3668 gloriae,
1776 3603 1885 3656 for-

312 3694 593 3747 tunarum,
648 3680 867 3752 imperii
914 3682 1286 3738 accessionem
1334 3686 1437 3741 sibi
1501 3687 1698 3745 fartam
1735 3706 1880 3755 esse.

311 3790 474 3851 quam
542 3773 689 3846 quod
738 3774 1016 3844 perpetuis
1074 3775 1344 3833 bellorum
1413 3779 1696 3837 laboribus
1753 3798 1883 3839 suos

309 3868 577 3930 exercuit,
609 3866 797 3921 hostes
833 3865 1172 3937 profligavit:
1221 3882 1251 3921 a
1300 3883 1414 3939 quo
1460 3871 1711 3928 instituto
1748 3889 1880 3929 nus-

292 3976 473 4031 quam
528 3958 793 4022 discedet,
845 3957 950 4012 nisi
987 3959 1132 4028 quod
1163 3960 1317 4029 utile,
1355 3962 1501 4032 quod
1557 3964 1878 4034 gloriosum,

308 4048 454 4128 quod
480 4047 850 4105 necessarium
883 4046 985 4103 sibi
1008 4063 1127 4110 esse
1153 4049 1426 4122 intelligit,
1449 4054 1614 4109 stulte
1633 4056 1877 4110 omittat.

288 4126 429 4210 ’Quo
467 4148 644 4208 pacto,
678 4137 819 4193 bone
848 4137 1015 4201 Jesul
1058 4154 1277 4208 sperare
1309 4156 1599 4210 possumus
1638 4155 1735 4200 aut
1789 4162 1879 4201 su-

311 4230 507 4301 spicari
539 4226 691 4283 illum
742 4243 850 4282 non
892 4229 1211 4283 moliturum
1263 4230 1623 4297 servitutem,
1653 4234 1877 4302 caedem,

311 4319 439 4388 fidei
471 4328 672 4385 nostra}
702 4318 1030 4373 interitum?
1052 4319 1244 4375 Nonne
1274 4320 1346 4376 ita
1373 4333 1569 4381 natura
1596 4342 1879 4399 compara-

1996 500 2306 570 suscepisse
2347 502 2600 571 putatis?
2634 517 2734 573 pro
2777 502 2945 558 italiae
2987 512 3169 559 autem
3212 502 3434 573 opibus.
3464 517 3568 568 pro

1997 605 2254 661 agrorum
2284 590 2589 653 feracitate.
2622 607 2722 662 pro
2748 593 3018 650 suavitate
3044 594 3285 664 frugum,
3316 608 3420 663 pro
3460 594 3568 650 hac

1995 678 2114 748 ipsa
2164 679 2290 735 luce
2324 680 2379 735 in
2417 696 2526 750 qua
2569 681 2778 736 versari
2810 682 2982 752 cupit,
3009 696 3121 737 non
3155 682 3363 753 majora
3391 682 3574 737 factu-

1996 769 2161 825 rum?
2190 768 2288 826 Hie
2321 783 2504 825 arcem
2536 785 2761 840 ponere,
2795 770 2887 826 hic
2919 771 3170 841 praesidia
3200 770 3474 828 collocare
3504 773 3568 827 ad

1996 861 2268 931 reliquum
2324 861 2511 918 orbem
2554 861 2954 933 subjugandum
3002 862 3239 933 cogitat;
3288 872 3456 932 atque
3496 864 3564 919 ita

1996 952 2219 1022 cogitat,
2259 961 2320 1008 ut
2342 967 2441 1022 per
2472 952 2712 1008 hostium
2744 968 2967 1008 suorum
2989 952 3392 1010 dissensionem
3429 954 3487 1009 id
3510 969 3567 1010 se

1994 1043 2153 1099 facile
2175 1054 2602 1099 consecuturum
2635 1053 2837 1115 speret.
2865 1044 3069 1100 Eadem
3098 1045 3282 1100 animo
3296 1045 3567 1116 concipit,

1993 1150 2115 1206 quae
2144 1134 2386 1207 Pyrrhus
2417 1134 2808 1197 meditabatur.
2838 1134 2936 1191 ille
2972 1136 3149 1200 enim,
3200 1134 3323 1191 fuso
3361 1136 3569 1193 Roma-

1979 1240 2191 1281 ‘norum
2219 1227 2488 1290 exercitu.
2518 1233 2694 1282 totum
2743 1226 2847 1283 sibi
2898 1234 3170 1283 terrarum
3204 1228 3356 1283 orbis
3386 1229 3566 1300 impe-

1994 1318 2137 1373 rium
2179 1319 2341 1389 plane
2371 1318 2753 1391 pollicebatur,
2776 1334 2937 1389 quem
2962 1334 3086 1377 cum
3109 1318 3309 1376 Cineas
3331 1320 3569 1377 Thessa-

1993 1413 2101 1475 lus,
2165 1423 2350 1469 orator
2400 1427 2668 1478 summus,
2721 1414 2914 1475 virque
2974 1410 3435 1481 sapientissimus,
3494 1412 3565 1466 ab

1993 1504 2163 1560 italiae
2222 1502 2547 1559 invadendae
2600 1501 2834 1556 consilio
2909 1499 3187 1555 abducere
3243 1510 3561 1567 conaretur,

1994 1592 2234 1664 Egregii,
2281 1592 2482 1661 inquit,
2515 1591 2658 1647 bello
2707 1589 2939 1646 Romani
2979 1604 3102 1646 csse
3132 1588 3417 1656 dicuntur,
3455 1604 3571 1644 ma—

1996 1698 2218 1756 gnoque
2251 1685 2499 1738 virorum
2531 1682 2756 1737 fortium
2782 1692 2837 1738 et
2867 1680 3099 1737 militum
3139 1696 3369 1736 numero
3398 1680 3573 1752 impe-

2000 1789 2146 1830 rare.
2202 1773 2359 1844 Quod
2404 1775 2447 1829 si
2495 1787 2590 1829 eos
2638 1786 2901 1843 superare
2946 1770 3111 1828 nobis
3155 1771 3231 1826 dii
3286 1770 3569 1837 dederint,

1999 1865 2266 1937 quidnam
2300 1880 2545 1938 agemus,
2576 1862 2783 1936 Pyrrhe
2807 1864 2832 1917 ?
2856 1863 2997 1932 Quid
3027 1863 3154 1930 erit,
3182 1864 3431 1935 inquam,
3470 1878 3573 1920 no-

1998 1959 2085 2015 bis
2109 1959 2133 2014 ?
2158 1959 2316 2014 Nulla
2344 1966 2608 2028 praeterea
2656 1956 2879 2022 moenia,
2923 1971 3103 2026 neque
3152 1954 3364 2022 Graeca,
3388 1971 3573 2027 neque

1997 2047 2214 2114 Latina,
2279 2046 2540 2103 Romanis
2583 2047 2875 2116 superatis,
2930 2054 3244 2102 nostrorum
3301 2047 3571 2117 impetum

1999 2140 2273 2195 sustinere
2302 2137 2577 2194 valebunt.
2610 2138 2802 2192 Totam
2851 2153 2883 2193 e
2914 2138 3143 2210 vestigio
3172 2140 3381 2196 italiam
3406 2156 3575 2196 occu-

1970 2222 2292 2298 ‘pabinuus:
2337 2227 2495 2298 cujus
2530 2242 2654 2283 cum
2686 2226 3102 2299 amplitudinem
3123 2268 3137 2292 ,
3168 2237 3281 2283 tum
3307 2228 3571 2282 virtutem

2000 2321 2228 2375 minime
2274 2319 2516 2390 ignoras.
2550 2317 2827 2389 Occupata
2869 2334 3001 2375 vero
3033 2318 3208 2384 italia,
3242 2319 3372 2389 quid
3426 2327 3571 2385 tum,

2000 2413 2202 2482 inquit,
2254 2426 2377 2476 rex,
2430 2409 2735 2465 faciemus?
2784 2410 3059 2477 Proxima,
3103 2410 3303 2480 inquit,
3356 2409 3570 2475 Sicilia,

1998 2504 2177 2561 insula
2228 2503 2357 2558 felix
2403 2511 2460 2557 et
2500 2501 2785 2556 hominum
2839 2501 3188 2557 multitudine
3240 2500 3574 2581 frequentis-

1999 2596 2159 2662 sima,
2194 2611 2313 2651 sese
2336 2595 2494 2651 nobis
2519 2594 2796 2651 dedet.Ea
2818 2604 2999 2650 autem
3032 2594 3188 2650 facile
3218 2595 3335 2664 capi
3362 2604 3568 2665 potest,

2000 2703 2123 2743 nam
2166 2687 2565 2752 seditionibus,
2598 2686 2758 2742 bellis
2813 2685 3102 2752 civilibus,
3148 2698 3341 2755 magno
3381 2701 3570 2740 rerum

1999 2779 2237 2833 tumultu
2270 2777 2517 2834 fluctuat.
2552 2776 2693 2831 Tum
2730 2775 2966 2833 Cineas:
3001 2776 3084 2830 An
3124 2775 3220 2834 tibi
3266 2776 3396 2841 erit,
3444 2792 3569 2853 rex,

1999 2867 2269 2923 bellorum
2303 2868 2426 2923 finis
2452 2867 2681 2924 Sicilia?
2721 2868 2829 2930 Dii,
2857 2867 3056 2938 inquit,
3090 2866 3338 2929 ‘faveant,
3369 2866 3568 2922 Cinea.

1997 2958 2133 3015 Nam
2183 2958 2409 3031 Libyam
2471 2960 2856 3031 proximasque
2896 2958 3205 3028 provincias
3251 2957 3479 3024 adoriri,
3513 2968 3571 3013 et

1998 3050 2383 3124 Carthaginem
2425 3066 2685 3122 superare
2715 3050 3030 3107 facillimum
3057 3050 3183 3115 erit,
3216 3064 3381 3120 quam
3424 3051 3568 3123 Aga-

1994 3142 2222 3210 thocles,
2256 3143 2450 3214 exigua
2479 3145 2652 3198 classe
2678 3141 2979 3212 profectus,
3015 3156 3205 3212 parum
3231 3138 3403 3196 abfuit
3423 3142 3562 3211 quin

1990 3243 2233 3304 caperet.
2267 3233 2481 3299 Quibus
2508 3233 2706 3299 victis,
2744 3232 2929 3287 nullus
2974 3247 3077 3288 nos
3131 3231 3364 3301 amplius
3414 3231 3563 3287 bello

1991 3324 2168 3380 hostis
2217 3324 2490 3379 lacessere
2534 3323 2791 3389 audebit;
2835 3323 2930 3378 sed
2971 3322 3152 3377 cuncti
3184 3322 3238 3376 in
3291 3321 3560 3376 ditionem

1991 3414 2233 3468 venient.
2287 3413 2363 3469 ita
2396 3423 2499 3480 est,
2542 3413 2720 3483 inquit
2758 3412 2979 3468 Cineas.
3030 3410 3258 3467 Constat
3303 3410 3451 3466 enim
3509 3400 3603 3465 te.

1993 3503 2365 3559 Macedoniam
2397 3512 2678 3573 totamque
2705 3503 2968 3558 Crmciam
3021 3501 3074 3556 in
3112 3508 3377 3572 potestate
3405 3498 3562 3554 hab!-

1993 3605 2173 3649 turum
2199 3611 2213 3660 ;
2253 3595 2370 3660 sed;
2407 3596 2577 3665 partis
2605 3594 2884 3657 omnibus,
2902 3591 3032 3664 quid
3057 3591 3271 3646 tandem
3300 3589 3564 3660 agemus?

1991 3690 2059 3742 At
2109 3689 2199 3743 ille
2242 3689 2426 3743 ridens
2454 3731 2470 3756 ,
2512 3687 2638 3745 Otio
2681 3696 2963 3751 utemur»
2994 3685 3190 3754 inquit,
3240 3682 3559 3747 conviviis,

1990 3779 2389 3849 voluptatibus,
2423 3779 2711 3841 litterariis
2739 3774 3292 3835 confabulationibus.
3325 3776 3395 3828 At
3425 3772 3560 3842 quid

1991 3871 2271 3941 prohibet,
2300 3871 2496 3940 inquit,
2518 3885 2664 3925 nunc
2682 3883 2899 3940 quoque
2920 3865 3440 3938 voluptatibus,otio
3456 3865 3564 3921 isto

1993 3962 2069 4016 uti
2104 3971 2160 4016 et
2188 3961 2694 4032 disputationibus?
2731 3959 2869 4027 Quid
2903 3960 3069 4015 tantis
3097 3958 3403 4023 laboribus,
3439 3968 3563 4010 mo—

1989 4052 2181 4121 iestiis,
2232 4052 2492 4123 periculis
2535 4050 2853 4119 qu‘aarimus,
2898 4065 3054 4120 quae,
3094 4064 3223 4106 cum
3268 4049 3556 4112 volumus,

1988 4146 2203 4200 efﬁcere
2234 4145 2559 4215 possumus?
2586 4145 2681 4200 liis
2712 4143 2894 4198 verbis
2920 4142 3121 4197 Cineas
3153 4156 3337 4212 regem
3366 4141 3559 4210 potius

1989 4235 2240 4297 offendit,
2273 4247 2435 4305 quam
2471 4250 2502 4289 a
2532 4248 2627 4302 spe
2655 4241 2713 4288 et
2738 4231 2966 4288 consilio
2990 4229 3245 4285 instituto
3266 4230 3557 4284 deterruit.

1988 4321 2114 4378 Haec
2150 4321 2309 4378 vobis
2367 4322 2645 4389 recensui,
2672 4328 2733 4375 ut
2780 4334 2888 4375 non
2934 4317 3176 4375 defuisse
3218 4318 3561 4395 cognoscatis

310 4424 426 4471 tum
459 4427 581 4468 esse
611 4409 887 4481 intelligit,
915 4419 975 4464 ut
1009 4410 1148 4464 nihil
1174 4413 1366 4467 eodem
1399 4416 1505 4470 situ
1539 4432 1880 4490 permaneat,
1914 4431 1959 4487 ι)
1989 4415 2081 4483 qui
2131 4414 2322 4469 eadem
2368 4413 2669 4484 cupiditate
2718 4410 3148 4467 incenderentur
3189 4424 3297 4480 qua
3344 4408 3564 4463 ται-ειη

310 4504 402 4560 sed
436 4511 633 4558 cuncta
666 4501 804 4572 jugi,
831 4501 1017 4571 vario,
1048 4517 1192 4557 novo
1226 4514 1377 4559 motu
1431 4512 1703 4577 agantur?
1728 4511 1883 4577 Quod

309 4596 354 4650 si
392 4594 635 4665 amplum
668 4592 833 4649 habet
862 4593 1175 4662 imperium,
1218 4595 1383 4666 idque
1414 4613 1598 4653 rerum
1635 4603 1882 4656 omnium

310 4686 428 4754 lege
462 4683 671 4739 moveri
703 4692 942 4753 oportet,
978 4699 1163 4739 nonne
1212 4686 1591 4755 innninuetur,
1633 4692 1739 4746 nisi
1790 4709 1887 4748 au-

310 4775 536 4846 geatur?
565 4774 645 4830 Ne
684 4775 959 4844 putaveris
982 4775 1221 4836 Turcum
1246 4781 1478 4850 augendi
1517 4782 1733 4853 imperii
1770 4792 1887 4840 stu-

310 4870 525 4924 diosum
580 4875 638 4923 et
697 4866 998 4936 cupidum;
1053 4875 1109 4921 at
1164 4878 1312 4924 certe
1365 4882 1454 4928 est
1501 4875 1886 4933 conservandi.

309 4959 650 5021 Conservare
694 4972 825 5015 vero
861 4972 969 5011 non
1000 4958 1228 5026 poterit.
1263 4959 1369 5014 nisi
1423 4972 1657 5030 augeat:
1713 4963 1886 5033 siqui-

310 5048 432 5101 dem
487 5060 866 5121 regressurum
921 5056 1004 5104 eSt
1076 5046 1223 5116 quod
1279 5065 1384 5102 non
1459 5052 1883 5121 progrediatur,

310 5139 589 5207 lapsurum
638 5137 783 5208 quod
817 5151 929 5191 non
983 5145 1190 5207 surgat,
1245 5139 1520 5192 ruiturum
1571 5144 1713 5213 quod
1774 5160 1882 5198 non

312 5231 483 5301 majus
512 5229 802 5301 eilieiatur.
846 5228 962 5294 Qua
1002 5229 1356 5284 confirmatus
1395 5232 1654 5301 opinione
1681 5236 1887 5290 exerci-

314 5334 426 5383 tum
461 5335 622 5390 suum
652 5329 816 5390 auget
837 5320 891 5374 in
911 5319 1053 5381 dies.
1077 5335 1240 5391 quem
1274 5308 1880 5392 habetamplissimum.

308 5412 497 5469 Aliena
534 5410 759 5477 invadit,
798 5425 867 5466 ne
913 5426 1009 5467 sua
1047 5410 1312 5467 amittat:
1336 5411 1415 5466 An
1456 5428 1587 5467 vero
1633 5426 1885 5486 sumptus

278 5501 581 5575 “ingentes,
617 5509 715 5566 tot,
742 5501 974 5575 militum
1009 5500 1252 5572 pericula
1294 5516 1350 5556 et
1382 5502 1604 5557 vulnera
1630 5545 1644 5569 ,
1684 5514 1761 5559 tot
1787 5522 1883 5560 ex-

313 5590 620 5655 peditiones
650 5569 997 5662 gravistas
1036 5600 1202 5662 atque
1256 5575 1589 5659 alienissimo
1641 5604 1884 5667 tempore

314 5695 411 5767 pro
462 5681 754 5767 Mysiorum
806 5684 1002 5753 exiguo
1057 5684 1308 5767 imperio,
1359 5700 1458 5756 pro
1515 5686 1881 5744 Triballorum

1989 4506 2357 4561 inflammatus
2377 4515 2480 4560 est.
2511 4505 2578 4560 At
2610 4504 2851 4576 Pyrrhus
2880 4517 2990 4558 non
3016 4502 3201 4559 Cinea:
3227 4501 3560 4556 auctoritate

1990 4604 2049 4650 et
2097 4595 2306 4661 verbis,
2349 4611 2460 4663 quo
2488 4594 2794 4649 chariorem
2826 4592 3063 4648 habebat
3109 4592 3406 4656 neminem,
3450 4605 3558 4646 non

1987 4688 2261 4756 paucitate
2293 4685 2544 4754 militum,
2567 4699 2677 4740 non
2702 4683 2928 4739 Romani
2945 4682 3185 4739 nominis
3200 4682 3342 4737 fama
3358 4682 3562 4737 eximia

1986 4779 2055 4833 ab
2088 4777 2237 4833 italia
2268 4777 2539 4839 deterreri
2569 4777 2789 4847 potuit;
2823 4784 2881 4832 et
2910 4773 3129 4830 'l‘urcus
3157 4790 3267 4829 non
3296 4773 3556 4839 audebit,

1985 4873 2081 4941 qui
2135 4870 2344 4941 Pyrrho
2373 4869 2611 4924 militum
2668 4869 2891 4931 robore,
2936 4865 3126 4921 finium
3177 4864 3561 4935 magnitudine

1984 4964 2145 5033 longe
2169 4961 2495 5031 locupletior
2521 4968 2605 5017 est
2627 4975 2642 5024 ;
2673 4960 2766 5030 qui
2801 4958 3011 5013 italiam
3034 4957 3248 5013 viribus
3268 4968 3326 5011 et
3354 4958 3561 5014 studiis

1985 5052 2304 5126 dissipatam
2341 5068 2448 5107 non
2491 5052 2740 5122 ignorat;
2775 5052 2866 5120 qui
2902 5050 3096 5121 Pyrrhi
3131 5058 3279 5120 gesta
3323 5048 3563 5105 irridere

1964 5146 2146 5209 solet,
2204 5143 2511 5200 Alexandro
2568 5157 2723 5198 suam
2775 5156 2995 5212 aequare
3061 5139 3366 5196 virtutem?
3421 5140 3561 5196 Nam

1986 5235 2352 5291 Alexandrum
2400 5234 2749 5288 Macedonum
2786 5248 2965 5302 regem
3015 5232 3080 5286 ad
3126 5246 3216 5286 res
3267 5231 3559 5301 gerendas,

1989 5331 2055 5381 ad
2086 5326 2490 5382 aemulationem
2522 5324 2707 5394 gloriae
2757 5322 2861 5379 sibi
2889 5323 3213 5378 imitandum
3247 5321 3559 5393 proposuit,

1986 5414 2139 5469 illum
2190 5416 2369 5486 ipsum
2429 5412 2799 5468 Alexandrum
2848 5412 2964 5483 qui,
2998 5427 3123 5467 cum
3180 5412 3563 5483 Anaxagoram

1985 5509 2172 5578 plures
2225 5503 2460 5560 mundos
2486 5519 2610 5560 esse
2639 5503 3013 5574 disputantem
3070 5503 3355 5569 audiissct,
3412 5503 3565 5573 inge-

1986 5599 2189 5653 muisse
2217 5598 2443 5663 dicitur,
2487 5607 2543 5652 et
2579 5597 2847 5665 lacrymas
2894 5596 3166 5660 emisisse,
3194 5597 3338 5666 quod
3386 5608 3561 5650 unum

1988 5690 2179 5745 saltem
2209 5705 2279 5746 ex
2314 5690 2379 5750 iis
2409 5698 2581 5755 totum
2640 5690 2693 5744 in
2743 5688 3007 5745 ditionem
3061 5690 3304 5769 redigere
3358 5687 3558 5769 ncqui-

3878 4368 3880 4377 l

3877 4384 3880 4399 l

3878 4438 3880 4455 Ι
