3880 6220
234 294 342 356 657

1269 298 1709 364 ORATIONES
1746 286 2051 367 CONTRA
2096 308 2416 371 TCRCAS.
2499 312 2503 316 '
2541 279 2549 299 ⁵

3370 313 3481 379 6ῧὸ

232 410 423 465 visset.
470 408 621 465 illius
674 422 826 480 gesta
882 410 1050 481 legit;
1099 411 1154 466 in
1200 412 1294 467 illo
1347 423 1490 469 totus
1530 426 1809 481 versatur;
1844 423 1887 478 Α
1919 428 1976 474 ut
2038 420 2259 476 Asianis
2317 420 2570 475 hostibus
2629 422 3041 478 formidulosum
3095 422 3311 486 eliiciat.
3370 429 3482 495 quo

230 514 417 570 neque
453 514 584 554 sane
612 515 672 556 se
703 501 1020 559 inferiorem
1069 509 1245 572 putat,
1285 518 1410 559 cum
1450 504 1661 574 jactare
1692 507 1809 575 ple-

232 604 473 658 rumque
545 591 722 646 soleat
773 601 831 645 et
910 606 1103 646 vocem
1174 593 1315 646 illam
1368 593 1807 662 frequentissime

234 695 530 749 usurpare,
565 696 624 736 se
654 682 867 735 decima
898 681 1137 749 amplius
1178 692 1334 750 parte
1380 683 1690 738 Alexandro
1716 700 1810 738 su-

236 769 511 838 periorem
536 783 661 824 esse
688 785 702 822 :
736 769 887 823 illum
916 771 1064 825 enim
1115 784 1240 825 cum
1273 771 1492 840 triginta
1528 773 1808 828 hominum

239 859 484 914 millibus
511 858 778 913 duntaxat
809 868 864 913 et
901 861 1246 929 septuaginta
1279 862 1499 917 talentis
1532 880 1680 919 arma
1714 881 1813 934 per

240 962 517 1007 terrarum
578 953 770 1007 orbem
825 953 1264 1020 circumtulisse;
1321 970 1381 1009 se
1432 971 1563 1010 vero
1601 964 1811 1024 quanto

239 1041 595 1109 paratiorem,
636 1040 912 1108 ditiorem,
955 1043 1119 1098 rebus
1155 1040 1813 1099 omnibus‘abundautio-

240 1120 400 1185 rem!
458 1130 648 1185 Solent
706 1133 787 1186 hae
835 1133 1219 1202 cogitationes,
1278 1136 1394 1190 haec
1449 1136 1813 1191 aemulationis

240 1224 445 1286 studia,
470 1224 647 1278 solent
676 1226 997 1295 plerumque
1034 1241 1124 1280 res
1153 1242 1374 1297 magnas
1399 1235 1610 1296 parere,
1646 1237 1703 1282 et
1744 1245 1813 1283 eo

241 1314 531 1384 pervenire
583 1330 695 1384 quo
752 1315 1070 1383 intendunt,
1124 1318 1429 1386 praesertim
1482 1319 1526 1373 si
1580 1318 1814 1373 facultas

242 1406 408 1460 adsit.
444 1405 514 1460 At
549 1420 612 1459 ea
655 1404 899 1474 profecto
929 1404 1112 1460 Turco
1145 1422 1254 1461 non
1306 1409 1480 1475 deest,
1523 1409 1615 1477 qui
1659 1425 1717 1463 se
1749 1424 1814 1464 eo

241 1512 405 1566 quem
453 1497 697 1551 imitatur
726 1497 1138 1566 locupletiorem
1181 1500 1480 1554 existimat.
1531 1499 1622 1556 Sic
1671 1501 1813 1557 Tlte-

243 1605 375 1644 scus
406 1587 673 1655 Herculis,
722 1589 804 1644 sic
836 1589 1231 1645 Themistocles
1280 1591 1535 1645 Miltiadis
1565 1591 1817 1660 exemplo

243 1680 423 1747 ducti,
455 1680 689 1734 maxima
722 1679 966 1735 facinora
1012 1681 1326 1736 ediderunt.
1363 1681 1540 1737 liabet
1574 1680 1817 1750 profecto

1911 512 2126 566 tandem
2158 513 2531 569 transmittere
2555 516 2800 585 cogitat?
2826 514 2927 570 Ubi
2955 515 3039 570 sui
3067 516 3278 570 consilii
3302 516 3480 569 alendi

1908 608 2144 665 segetem
2190 598 2498 656 uberiorem
2553 602 2748 657 videt?
2804 603 2896 657 ubi
2954 603 3124 672 magis
3164 602 3482 657 admiranda

1912 688 2102 741 conari
2152 690 2369 758 potest?
2425 692 2545 747 Non
2598 693 2855 748 excident
2891 693 3096 763 gladii;
3151 710 3259 747 non
3313 693 3485 748 littcttl.

1913 794 2063 832 arma
2096 779 2164 834 de
2216 782 2493 837 manibus.
2538 783 2673 859 [fiam
2719 786 2897 839 socios
2952 785 3008 837 in
3064 783 3239 839 oiiicio
3276 800 3337 839 ac
3379 785 3484 837 title

1912 870 2196 925 continere
2258 871 2464 937 studet,
2518 885 2574 928 et
2603 890 2701 929 eos
2750 875 2898 944 ipsos
2951 876 3172 944 quicum
3239 875 3484 944 quotidie

1913 963 2068 1017 vivit.
2101 963 2331 1020 Maxime
2363 974 2445 1020 est
2492 966 2607 1020 suis
2652 968 2910 1021 omnibus
2958 967 3200 1027 invisus;
3248 967 3485 1020 oderunt

1912 1056 2089 1120 socii;
2127 1073 2234 1111 non
2279 1067 2462 1112 amant
2507 1058 2839 1122 familiares;
2895 1074 3062 1128 parvo
3105 1069 3383 1135 momento
3414 1058 3479 1110 ad

1915 1148 2087 1217 ipsius
2115 1151 2388 1204 excidium
2415 1166 2479 1205 ac
2513 1165 2701 1204 necem
2728 1166 2920 1204 omnes
2950 1132 3385 1220 impellerentur.
3426 1151 3482 1203 id

1913 1241 2168 1309 quoniam
2212 1243 2553 1308 exploratum
2608 1242 2775 1296 habet
2825 1249 2879 1295 et
2924 1252 3263 1312 compertum
3291 1283 3306 1305 ,
3338 1242 3480 1295 bella

1915 1333 2198 1402 peregrina
2249 1334 2549 1402 suscipere.
2600 1348 2813 1403 gerere,
2850 1333 3121 1387 coniicere
3166 1334 3378 1397 statuit,
3415 1348 3483 1386 ne

1915 1422 2271 1477 domesticam
2324 1423 2649 1493 civilemque
2687 1423 3088 1478 dissensionem
3145 1427 3482 1491 experiatur.

1919 1513 2170 1582 Ususque
2227 1512 2499 1582 Scipionis
2529 1513 2759 1567 consilio
2806 1513 2940 1567 foris
2989 1527 3237 1583 pugnare
3294 1512 3487 1565 utilius

1917 1606 2239 1669 arbitratur.
2274 1621 2435 1676 quam
2478 1605 2642 1659 domo
2668 1605 2836 1660 vinci.
2885 1605 2965 1660 An
3018 1614 3168 1660 extra
3209 1604 3344 1660 lines
3389 1604 3488 1659 du-

1920 1706 2111 1752 cturus
2150 1696 2221 1752 sit
2264 1693 2563 1751 exercitum
2602 1696 2783 1752 adhuc
2827 1695 3085 1750 dubitas?
3128 1695 3242 1750 Non
3292 1695 3485 1758 sentis.

244 1773 437 1826 nescio
453 1773 578 1841 quid
600 1770 761 1826 fatale
784 1770 1081 1827 Alexandri
1120 1771 1373 1837 imitatio,
1397 1787 1521 1828 cum
1549 1748 1611 1825 ea
1641 1771 1819 1827 Julius
1845 1748 1893 1807 Β
2057 1748 2218 1858 piat];
2250 1748 2559 1857 δειξηέίέιςτ
2613 1748 2809 1842 Νογηιζθ
2838 1748 2971 1841 salii;
2992 1748 3271 1841 ﬂumini“
3303 1748 3488 1856 imp";

242 1863 431 1918 Caesar
453 1865 730 1926 incensus,
762 1871 886 1933 post
931 1878 1021 1917 res
1061 1864 1481 1933 prmelarissime
1512 1874 1716 1934 gestas,
1760 1863 1815 1917 in

247 1956 480 2025 patriam
511 1956 676 2010 etiam
706 1955 924 2010 civilem
957 1956 1302 2026 sanguinem,
1337 1971 1487 2011 arma
1527 1965 1817 2013 converte-

249 2048 336 2103 rit.
369 2048 520 2113 Quod
544 2048 590 2101 si
624 2047 770 2101 illius
794 2047 1047 2115 exemplo
1071 2047 1181 2117 agit
1205 2048 1296 2116 qui
1325 2047 1573 2119 Libyam,
1607 2048 1817 2113 Asiam,

250 2148 420 2193 totum
453 2138 626 2192 ferme
663 2137 851 2193 orbem
888 2138 1233 2209 subiugavit;
1274 2138 1318 2193 si
1354 2138 1499 2193 illius
1535 2138 1820 2208 persequi-

249 2242 341 2285 tur
360 2231 620 2299 vestigia;
652 2229 697 2283 si
725 2229 1088 2299 propagandis
1121 2230 1338 2300 imperii
1373 2231 1572 2286 ilnihus
1600 2232 1816 2286 laudem

250 2338 363 2379 non
390 2324 553 2377 modo
583 2331 928 2393 aequaturum
950 2362 967 2388 ,
1003 2323 1098 2377 sed
1134 2332 1288 2378 tanto
1324 2324 1496 2394 magis
1528 2333 1820 2393 superatu-

251 2434 372 2472 rum
403 2416 652 2479 conlidit,
683 2424 890 2486 quanto
933 2417 1169 2485 majores
1214 2418 1402 2486 copias
1453 2417 1671 2487 triginta
1721 2416 1822 2469 ho-

247 2509 463 2562 minum
493 2507 760 2570 millibus,
782 2505 1132 2576 grandiorem
1160 2507 1450 2576 pecuniam
1474 2506 1820 2576 septuaginta

249 2602 479 2658 talentis
508 2601 694 2663 habet,
721 2614 833 2670 quo
869 2602 1083 2656 tandem
1113 2617 1238 2656 eum
1272 2609 1520 2684 spectare
1548 2608 1604 2653 et
1632 2597 1820 2654 conari

245 2696 669 2752 existimamus?
693 2696 833 2762 Quid
868 2696 969 2750 sibi
1000 2693 1235 2764 postulat
1267 2693 1538 2762 cupiditas
1559 2692 1648 2745 illa
1672 2691 1824 2762 pacis

247 2804 376 2845 eum
427 2786 798 2841 illustrissimo
831 2784 1186 2853 piissimoque
1219 2780 1419 2837 Siciliae
1444 2794 1569 2850 rege
1596 2794 1823 2849 compo-

250 2878 484 2933 nendae?
511 2876 652 2944 Quid
694 2875 846 2929 missi
894 2874 1057 2942 legati
1082 2873 1106 2925 ?
1128 2872 1264 2927 Nam
1294 2872 1387 2938 qui
1438 2885 1637 2925 nomen
1666 2870 1825 2925 Chri-

250 2969 492 3024 stianum
533 2966 663 3022 odio
712 2964 900 3026 habet,
951 2962 1213 3032 omnique
1254 2960 1602 3016 crudelitatis
1625 2975 1825 3030 genere

253 3063 560 3116 insectatur
587 3057 919 3126 etdespicit,
950 3057 1103 3112 nullo
1131 3055 1352 3124 quidem
1383 3053 1823 3109 Christianorum

253 3163 429 3213 metu.
461 3152 607 3205 nulla
654 3152 826 3220 gratia
859 3148 1157 3204 Christiani
1217 3147 1360 3218 regis
1402 3145 1582 3202 foedus
1610 3144 1827 3201 deside-

253 3255 362 3307 rat,
392 3243 487 3299 sed
525 3253 582 3297 ut
606 3281 622 3307 ,
654 3241 938 3313 oppressis
982 3256 1124 3311 quos
1158 3239 1448 3295 universos
1480 3239 1677 3294 eodem
1726 3237 1827 3292 int-

253 3346 384 3407 p-tn
407 3350 514 3389 non
544 3333 717 3389 everti
750 3347 915 3402 posse
949 3332 1232 3401 intelligit,
1263 3331 1481 3386 tandem
1514 3330 1657 3399 quod
1677 3331 1831 3398 cupit

254 3435 602 3497 assequatur.
626 3426 696 3480 At
726 3426 857 3479 vero
879 3424 1153 3480 infelicem
1198 3425 1349 3479 illum
1392 3438 1487 3478 sua
1532 3421 1669 3477 fallit
1702 3437 1829 3491 spes

254 3528 314 3575 et
334 3520 543 3589 opinio,
566 3530 689 3573 cum
719 3516 1097 3586 superioribus
1125 3515 1321 3570 diebus
1350 3515 1638 3585 magniﬁce
1678 3527 1833 3584 rege-

256 3628 368 3682 que
404 3611 719 3667 Christiano
768 3611 931 3680 digne
982 3608 1217 3682 inclytus
1248 3624 1342 3666 cex
1386 3608 1623 3681 legatum
1671 3606 1831 3664 dimi-

259 3705 391 3759 serit
427 3719 495 3759 co
525 3718 812 3771 responso,
843 3713 900 3756 ttt
932 3717 1039 3756 non
1073 3703 1249 3757 solum
1282 3702 1646 3773 perniciosam
1670 3701 1833 3756 bonis

262 3797 521 3852 omnibus
546 3795 865 3850 societatem
895 3804 1220 3864 aspernatus
1250 3809 1392 3860 esse,
1425 3795 1519 3848 sed
1547 3805 1601 3849 et
1624 3793 1829 3848 bellum

261 3888 406 3943 hosti
447 3887 707 3942 indixisse
733 3902 831 3956 pro
852 3886 1058 3942 Christi
1085 3887 1344 3953 religione
1374 3886 1535 3939 facile
1556 3885 1827 3940 videatur.

264 3982 331 4036 Et
356 3995 425 4034 ne
460 3979 567 4032 ulla
600 3977 828 4032 omnino
858 3992 923 4031 ex
957 3988 1112 4047 parte
1157 3977 1287 4047 quid
1321 3975 1616 4030 meditetur
1635 3976 1833 4030 oluscu-

260 4086 385 4124 rmn
430 4069 525 4134 sit,
567 4069 799 4137 cogitate
833 4082 1127 4137 parumper
1177 4064 1309 4135 quid
1372 4064 1460 4118 illa
1508 4063 1832 4117 humanitas

264 4161 367 4215 sibi
407 4161 542 4224 vult,
577 4157 1007 4228 quaepimmanis
1051 4157 1353 4220 barbarus,
1385 4161 1442 4208 et
1462 4151 1529 4205 ad
1569 4151 1832 4206 saevitiam

267 4256 452 4319 natus,
482 4267 608 4322 erga
641 4249 883 4306 nominis
912 4250 1086 4303 nostri
1115 4251 1487 4321 negotiatores
1520 4244 1666 4299 intra
1703 4260 1834 4302 suos

266 4348 404 4401 lines
447 4344 643 4397 utitur.
691 4340 980 4397 Portendit
1009 4341 1258 4411 profecto
1287 4339 1434 4394 aliud
1460 4382 1475 4406 ,
1506 4348 1560 4396 et
1610 4341 1836 4394 omnino

1920 1879 2188 1935 rissimam
2230 1874 2375 1933 illius
2421 1888 2695 1943 naturam,
2732 1879 3101 1948 turpissimam
3140 1882 3331 1944 vitam,
3368 1896 3491 1934 sce-

1916 1976 2144 2028 leratam
2173 1972 2623 2036 consuetudinem
2653 1971 2874 2037 ?Qnam
2908 1971 3106 2036 facem,
3143 1971 3283 2025 bone
3311 1971 3488 2025 Deus!

1919 2061 2066 2130 quod
2113 2061 2346 2121 facinus.
2387 2076 2549 2130 quam
2593 2059 2955 2128 superbiam?
3016 2058 3162 2113 Nihil
3219 2070 3301 2114 est
3345 2060 3492 2129 quod

1919 2151 2104 2205 animo
2133 2165 2239 2204 non
2276 2150 2519 2217 sorbeat,
2561 2150 2697 2204 nihil
2728 2151 2873 2220 quod
2909 2165 3016 2204 non
3047 2150 3263 2205 hauriat
3292 2152 3495 2220 cogita-

1920 2242 2086 2297 tione.
2125 2239 2190 2296 Et
2212 2256 2318 2296 non
2353 2254 2609 2311 putamus
2644 2240 2794 2297 illum
2852 2242 2907 2295 in
2941 2253 3183 2297 nostram
3214 2243 3497 2296 calamita-

1921 2341 2030 2388 tem
2079 2331 2418 2396 incumbere,
2468 2332 2519 2385 in
2560 2348 2793 2401 quorum
2826 2331 3080 2386 fortunas
3138 2332 3493 2386 ﬁdelissimos

1921 2423 2121 2488 socios,
2152 2423 2594 2492 antiquissimam
2636 2421 2990 2491 religionem,
3028 2422 3162 2481 vim,
3200 2430 3492 2485 tormenta,

1919 2529 2132 2579 cruces,
2192 2528 2310 2581 spe,
2368 2522 2611 2580 sumptu,
2668 2513 2855 2567 labore
2915 2512 3126 2567 dellxit.
3186 2513 3265 2567 Ne
3332 2513 3493 2571 illud.

1921 2620 2128 2675 quazso,
2181 2603 2312 2658 mihi
2347 2604 2594 2671 obiicias.
2622 2602 2767 2672 quod
2817 2604 3062 2658 nonnulli
3121 2603 3272 2658 nullo
3312 2618 3495 2658 rerum

1927 2711 2027 2750 usu
2052 2694 2288 2765 pnediti,
2306 2694 2454 2749 nulla
2477 2694 2769 2750 vetustatis
2791 2711 3053 2750 memoria
3071 2696 3270 2750 eruditi
3289 2696 3497 2766 jactare

1925 2787 2121 2849 solent.
2152 2787 2466 2856 peregrinas
2499 2787 2753 2841 nationes
2814 2801 3092 2856 nunquam
3149 2787 3359 2841 italiam
3418 2798 3500 2843 te-

1925 2877 2133 2942 nuisse,
2181 2892 2300 2933 eam
2356 2893 2732 2948 saepenumero
2768 2887 3006 2934 tentasse
3047 2879 3355 2934 infeliciter.
3410 2881 3499 2934 Et-

1927 2968 2075 3025 enim
2134 2969 2265 3024 dum
2296 2971 2518 3040 antiqua
2586 2971 2851 3026 memoria
2899 2981 3117 3040 reputo,
3161 2970 3287 3024 dum
3317 2988 3499 3027 rerum

1854 3095 1897 3154 ο
1929 3069 2203 3130 gestarum
2229 3055 2427 3114 seriein
2463 3059 2531 3115 ad
2558 3069 2742 3116 nostra
2771 3075 2942 3130 usque
2983 3071 3224 3130 tempora
3266 3061 3499 3129 deduco,

1932 3161 2151 3207 exteras
2201 3160 2395 3222 gentes
2443 3152 2497 3206 in
2549 3150 2757 3206 italiam
2811 3153 2968 3222 prius
3020 3168 3169 3206 arma
3227 3153 3502 3218 intulisse,

1934 3242 2291 3313 ingentesque
2325 3242 2600 3297 invexisse
2654 3242 2993 3297 calamitates
3045 3257 3207 3313 quam
3236 3243 3302 3296 ab
3353 3241 3503 3296 italia

1933 3335 2231 3402 acet-pisse,
2259 3333 2416 3404 plane
2438 3334 2737 3403 comperio.
2757 3332 2916 3396 Nam,
2937 3343 2997 3397 ut
3021 3332 3203 3388 Gallos
3232 3333 3502 3395 omittam,

1934 3427 2026 3494 qui
2056 3427 2138 3481 vel
2165 3441 2231 3481 eo
2259 3435 2525 3497 tempore,
2555 3441 2667 3496 quo
2690 3427 2757 3481 ad
2790 3426 3036 3481 Clusium
3069 3433 3367 3496 pugnatum
3393 3437 3502 3489 est,

1937 3526 1998 3573 ut
2065 3516 2389 3573 Plutarchus
2439 3526 2629 3573 noster
2690 3519 2879 3580 tradit,
2941 3517 3029 3572 vel
3065 3518 3317 3570 ducentis
3377 3529 3506 3570 ante

1936 3610 2129 3675 annis:-
2157 3619 2238 3667 ut.
2254 3608 2424 3667 Livio
2462 3608 2710 3665 Romano
2740 3609 2943 3679 placet,
2980 3611 3032 3663 in
3078 3609 3282 3667 Italiam
3335 3598 3505 3665 titter

1938 3714 2066 3759 runt
2088 3703 2412 3766 exercitum,
2435 3718 2595 3772 parva
2614 3691 3162 3765 maritTSTxothorttm.
3181 3720 3245 3759 ex
3272 3703 3505 3758 Thracia

1938 3796 2330 3863 Pannoniaque
2383 3811 2680 3866 erumpens
2747 3799 2998 3852 exercitu
3066 3796 3384 3862 collectitio,
3448 3796 3504 3850 iu

1939 3887 2144 3942 italiam
2190 3887 2360 3951 venit,
2414 3888 2752 3957 vastatisque
2809 3889 2977 3943 italia:
3039 3891 3206 3958 agris,
3267 3888 3507 3943 incensis

1939 3977 2193 4039 urbibus.
2253 3978 2369 4031 lucc
2433 3976 2550 4047 ipsa
2608 3978 2810 4033 moenia
2862 3989 3172 4048 ceperunt,
3227 3978 3507 4042 incendio,

1938 4065 2106 4133 ferro,
2159 4068 2306 4123 caede
2353 4069 2535 4123 omnia
2576 4069 2932 4138 complentes.
2983 4069 3065 4124 llli
3124 4084 3287 4139 parva
3340 4085 3506 4123 manu

1940 4162 2229 4230 instructi,
2284 4161 2582 4217 stoliditate
2642 4161 2873 4232 quadam
2929 4144 3508 4230 gestientes,aissequi

1940 4264 2235 4326 potuerunt
2262 4253 2407 4325 quod
2441 4252 2651 4308 'l‘urcus
2687 4251 2939 4307 maximis
2968 4252 3161 4320 cupiis,
3203 4259 3355 4307 certo
3385 4269 3511 4321 per-

1943 4345 2217 4416 tinacique
2264 4343 2513 4410 consilio,
2565 4341 2842 4411 suscipere
2889 4356 2953 4397 ac
2994 4351 3202 4396 tentare
3253 4356 3360 4395 non
3414 4358 3513 4397 au-

264 4435 572 4507 prodigium
609 4432 952 4489 esteﬂerum
1000 4441 1305 4486 monstrum
1344 4432 1396 4486 in
1430 4442 1649 4488 nostros
1675 4474 1690 4498 .
1735 4447 1837 4502 ρο·
1871 4444 1914 4500 D
1943 4438 2115 4494 deat?
2165 4438 2239 4492 llli
2293 4454 2392 4508 per
2447 4437 2642 4493 itinera
2693 4436 2938 4491 omnium
2991 4434 3303 4490 dilllcillima
3340 4446 3515 4492 trans-

263 4531 538 4586 tissimuxn
591 4536 939 4581 mansuetum
994 4525 1109 4579 illic
1166 4523 1326 4589 ﬁeri,
1387 4539 1415 4577 a
1457 4525 1839 4580 crudelissimo

259 4622 423 4676 hoste
450 4618 767 4681 amicitiam,
810 4630 840 4669 a
872 4615 1350 4670 truonlentiasimo
1379 4617 1637 4686 pietatem
1669 4616 1842 4670 simu-

256 4709 383 4765 lari.
413 4707 533 4764 Non
555 4707 648 4760 diu
680 4714 1036 4775 perseverat,
1065 4705 1212 4774 quod
1251 4706 1319 4759 ab
1371 4706 1545 4760 invito
1574 4702 1842 4775 exprimi-

260 4813 373 4858 tnr.
421 4799 604 4856 Servit
651 4799 1011 4869 temporibus,
1054 4800 1184 4852 dunt
1240 4798 1307 4852 ad
1370 4809 1617 4869 optatum
1676 4798 1839 4861 finem

259 4890 567 4964 perveniat.
614 4890 682 4945 Et
734 4891 865 4959 quid
914 4897 1038 4957 agat
1073 4889 1255 4943 adhuc
1309 4890 1667 4959 ignoramus?
1713 4903 1838 4943 cum

266 4983 575 5056 pr.esertim
610 4984 682 5037 ita
723 4991 868 5054 agat,
917 4991 977 5036 ut
1026 4994 1127 5036 nos
1174 4981 1459 5050 ambigere
1515 4982 1671 5037 nolit.
1722 4981 1841 5037 Non

266 5074 576 5134 continebit
600 5076 745 5131 domi
796 5084 1005 5130 tantum
1048 5078 1395 5143 exercitum;
1449 5090 1559 5130 non
1605 5078 1843 5146 patietur

266 5184 494 5224 suorum
522 5168 754 5227 militum
788 5168 1004 5227 animos
1036 5168 1366 5231 eil'eminari,
1397 5183 1538 5239 quos
1589 5168 1641 5220 in
1675 5167 1844 5221 armis

268 5261 475 5316 habere
508 5259 609 5329 ipsi
651 5274 879 5315 necesse
912 5268 1019 5317 est.
1072 5259 1248 5314 liabet
1291 5266 1440 5315 enim
1492 5275 1602 5314 non
1642 5275 1845 5328 paucos

267 5350 497 5405 Asianos
555 5352 787 5421 populos
846 5350 1090 5405 infensos
1130 5361 1186 5405 et
1237 5351 1290 5405 in
1329 5367 1485 5406 suam
1543 5353 1840 5422 perniciem

270 5440 658 5508 imminentes;
690 5456 831 5511 quos
870 5442 922 5496 in
956 5456 1015 5496 se
1053 5442 1313 5511 impetum
1368 5441 1608 5499 facturos
1657 5455 1844 5512 aperte

272 5533 551 5603 intelligit,
604 5534 649 5587 si
708 5543 801 5588 aut
850 5549 999 5588 arma
1052 5524 1389 5602 tleposuerit,
1423 5544 1519 5589 aut
1569 5536 1846 5597 exercitus

275 5629 471 5679 fatuam
504 5627 559 5681 in
603 5636 976 5696 contemptum
1016 5628 1423 5697 ludibrinmq‘ue
1474 5614 1671 5682 adduci
1728 5645 1846 5695 per-

278 5719 489 5779 miserit
518 5736 532 5775 :
565 5735 728 5799 quem
774 5730 831 5775 ut
877 5720 1132 5787 laudibus
1164 5721 1574 5781 ornatissimum
1604 5720 1845 5786 .rcddat,

1941 4528 2112 4599 gressi
2146 4534 2274 4583 sunt
2306 4543 2321 4582 :
2350 4534 2405 4580 at
2434 4526 2647 4580 Turcus
2676 4525 2954 4580 maritimo
2982 4534 3039 4579 et
3062 4525 3319 4593 expedito
3348 4540 3514 4583 cursu

1940 4615 2183 4685 legiones
2237 4628 2366 4669 suas
2399 4614 2648 4683 trajicere
2699 4614 3008 4670 dubitabit?
3057 4611 3135 4668 ll:i
3182 4617 3235 4667 in
3285 4614 3517 4679 Italiam.

1942 4722 2063 4777 qua:
2106 4707 2245 4761 alter
2292 4706 2447 4761 orbis
2500 4706 2725 4769 dicitur,
2781 4707 3142 4775 irruperunt:
3192 4706 3407 4763 Turcus
3445 4708 3519 4763 ita

1941 4800 2110 4855 italia:
2142 4801 2283 4854 vires
2316 4798 2565 4862 tentavit.
2594 4807 2652 4852 ut
2674 4806 3006 4863 contemnat,
3029 4807 3083 4853 et
3111 4813 3217 4852 non
3259 4798 3521 4855 audebit?

1941 4891 2102 4957 Quid,
2135 4889 2180 4945 si
2211 4890 2435 4959 antiqua
2464 4890 2767 4945 consectari
2797 4890 2952 4956 libet,
2984 4890 3171 4961 Pyrrhi
3206 4891 3517 4947 luctuosum

1942 4982 2234 5038 adventum
2263 4997 2685 5038 commemorem
2705 4983 2737 5036 ἓ
2762 4982 2901 5049 Quid
2934 4982 3226 5039 Alexandri
3260 4984 3473 5040 Molossi
3497 4985 3523 5040 i

1945 5076 2075 5149 quid
2102 5073 2424 5132 Archidami
2460 5072 2693 5143 Agesilai
2723 5073 2998 5144 illiiiquid
3032 5073 3316 5130 Annibalis
3333 5075 3525 5130 busta?

1943 5166 2118 5225 Nimis
2141 5180 2351 5235 magna,
2383 5164 2548 5218 nimis
2567 5175 2750 5221 vetera
2781 5168 3003 5220 nomina
3037 5178 3248 5236 repeto.
3276 5166 3417 5232 Quid
3456 5167 3526 5220 ab

1944 5259 2130 5325 Attila,
2186 5256 2383 5321 Totila,
2436 5256 2719 5310 Saracenis
2783 5257 2960 5312 illatas
3029 5258 3213 5312 clades
3278 5259 3527 5313 oratione

1948 5366 2070 5405 mea
2128 5348 2523 5404 refricem?At
2575 5348 2840 5419 Pyrrhus,
2900 5348 3089 5413 credo,
3144 5355 3326 5418 potuit
3379 5350 3525 5419 quod

1948 5440 2163 5495 Turcus
2186 5449 2439 5508 nequeat.
2476 5438 2594 5503 ille,
2634 5439 2797 5494 salvis
2829 5448 2907 5493 tot
2955 5440 3213 5507 ducibus,
3252 5450 3333 5496 tot
3364 5457 3524 5495 excr.

1948 5533 2170 5591 citibus.
2233 5546 2372 5599 quos
2429 5531 2731 5586 secundum
2767 5541 2951 5600 postea
2989 5533 3258 5629 Panicum
3323 5534 3526 5625 bellum

1949 5621 2273 5693 absumpsit,
2304 5622 2371 5675 ad
2430 5622 2596 5679 Urbis
2628 5639 2794 5691 prope
2828 5607 3258 5681 nttnnia‘victore
3286 5607 3528 5681 exercitii

1950 5715 2230 5797 contendit
2266 5731 2279 5782 ;
2314 5714 2559 5781 'l‘urcus,
2590 5716 2682 5784 qui
2740 5716 3389 5783 l-Ipirum,‘Macedoniam
3452 5700 3531 5776 to-
