3880 6220
462 246 565 310 65]
1382 253 1897 317 BESSARIONIS
1943 258 2010 320 S.
2052 261 2128 322 R.
2167 262 2237 326 Ε.
2281 264 2760 328 CARDINALIS
3572 281 3657 345 660

463 348 685 429 tamque
732 356 1018 422 Graeciam,
1065 368 1145 415 tot
1196 360 1421 430 imperia
1463 364 1715 447 subegit,
1744 366 1954 421 ltaliam
1991 367 2044 422 in
2072 371 2121 430 Α
2150 371 2337 437 video,
2372 384 2437 428 ut
2465 376 2619 429 omni
2642 384 2842 432 conatu
2875 381 3264 452 communique
3280 385 3493 441 consilio
3514 401 3656 461 ctope

463 458 544 507 tot
574 450 912 519 principatus
945 460 998 504 et
1028 450 1206 505 studia
1240 452 1555 522 dissipatam
1605 471 1669 510 ac.
1708 457 2042 514 dissentien-

466 548 573 595 tem
606 539 855 593 timebit?
880 557 985 595 non
1017 541 1297 596 adorietur
1316 542 1344 596 ἲ
1366 558 1473 598 non
1492 545 1582 600 ?...
1609 544 1724 601 Heu
1764 564 1851 604 me
1882 550 2046 604 misc-

466 645 586 682 rum
614 630 625 682 l
660 629 856 684 Nescio
880 645 987 698 quo
1022 631 1287 686 orationis
1313 649 1476 689 cursu
1501 651 1567 690 eo
1593 635 1861 698 deducor.
1896 640 2045 708 quod

466 720 622 771 dolor
650 720 960 785 exiirimere
992 736 1097 773 non
1138 720 1291 776 sinit.
1326 726 1397 777 At
1423 741 1491 778 ne
1539 726 1592 779 in
1619 730 1897 785 veteribus
1929 740 2045 785 tan-

469 818 579 862 tum
638 810 842 863 versari
896 810 1106 872 videar.
1153 813 1204 866 in
1249 816 1449 883 quibus
1495 818 1761 885 quadrata
1804 823 2045 891 agmina,

460 901 627 968 jurati
690 902 914 963 milites,
967 912 1119 958 tanta
1178 905 1572 975 imperatorum
1633 912 1835 978 virtus,
1897 921 2049 969 tanta

468 990 739 1057 legionum
786 991 1048 1058 patientia
1088 1007 1151 1047 ac
1189 994 1474 1064 disciplina
1523 999 1827 1060 constabat,
1864 1012 1923 1056 ut
1975 1003 2043 1059 ad

468 1079 774 1133 recentiora
830 1092 1015 1135 nostra
1060 1093 1370 1138 revertatur
1402 1088 1599 1151 oratio,
1650 1092 1781 1159 quid
1820 1093 2047 1149 Hunno-

468 1185 589 1222 rum
615 1186 677 1225 ac
709 1170 1071 1225 Vandalorum
1109 1189 1299 1228 manus
1322 1175 1598 1232 incondita
1627 1180 1650 1233 ?
1684 1182 1866 1239 inusta
1895 1194 2043 1253 sunt,

466 1259 647 1313 inusta
685 1272 810 1315 sunt
846 1262 979 1330 ipsis
1022 1264 1296 1321 moenibus
1341 1271 1671 1339 sempiterna
1711 1275 1932 1331 illorum
1959 1279 2045 1333 in;

462 1350 621 1417 juriae
650 1362 1022 1406 monumenta.
1054 1354 1126 1409 At
1153 1356 1197 1409 si
1246 1366 1368 1426 post
1393 1359 1584 1414 urbem
1607 1363 1923 1423 Christiano
1952 1386 2049 1424 no-

469 1442 616 1496 mine
634 1445 908 1498 conditam
940 1449 1186 1519 exempla
1209 1459 1257 1504 te
1278 1464 1519 1518 movent,
1544 1455 1743 1514 Leonis
1770 1459 2051 1519 Pontiﬁcis

468 1532 684 1588 Maximi
739 1538 1103 1606 temporibus.
1154 1542 1371 1609 Attilas,
1425 1545 1492 1600 de
1546 1563 1656 1616 quo
1708 1554 1871 1620 paulo
1920 1563 2049 1612 ante

467 1626 632 1681 verba
664 1626 788 1692 feci,
822 1629 1044 1684 subacta
1072 1639 1183 1685 tota
1214 1633 1382 1689 Gallia
1414 1634 1711 1707 Cisalpina,
1743 1643 1808 1696 ad
1841 1644 2043 1701 Urbem

468 1718 820 1771 evertendam
850 1721 1148 1774 exercitum
1180 1722 1443 1778 admovit.
1461 1725 1631 1797 Cujus
1652 1730 1891 1786 furorem
1919 1735 2047 1789 bar-
2085 1720 2124 1775 Β

469 1808 664 1861 barum
696 1816 751 1860 et
785 1817 1051 1876 agrestem
1086 1810 1365 1868 Pontiﬁcis
1393 1814 1704 1885 eloquentia
1728 1824 2044 1880 retardavit.

468 1898 623 1963 Quod
659 1898 701 1951 si
742 1908 864 1967 post
892 1897 1216 1955 Annibalem
1270 1912 1325 1957 et
1356 1916 1570 1963 veteres
1597 1909 1714 1965 illas
1766 1914 2051 1980 victorias,

472 1988 517 2038 si
558 1998 681 2054 post
712 2002 907 2040 nomen
944 1988 1148 2043 Christi
1180 1995 1581 2064 pervulgatum,
1605 2011 1919 2059 exterorum
1951 2007 2046 2062 ho-

473 2079 681 2131 minum
737 2079 947 2133 sentina
1006 2082 1073 2133 ad
1133 2081 1297 2139 italia:
1347 2087 1713 2155 gubernacula
1765 2095 2046 2162 conﬂuxit,

470 2169 603 2237 quid
645 2178 864 2227 tandem
914 2186 1115 2231 tantam
1169 2180 1273 2235 hoc
1322 2189 1567 2253 tempore
1597 2190 1889 2255 procellam
1940 2209 2051 2248 non

472 2258 768 2317 timemus?
789 2281 909 2333 qua:
944 2264 1191 2335 profecto
1226 2281 1406 2327 tantos
1435 2277 1804 2334 calamitatum
1843 2281 2049 2339 ﬁuctus

469 2350 698 2406 allatura
726 2364 825 2419 est,
876 2356 921 2409 si
953 2358 1233 2426 eruperit.
1268 2370 1329 2414 ut
1359 2363 1423 2416 ad
1461 2366 1668 2421 nullum
1699 2370 1770 2425 ita
1805 2372 1875 2426 sit
1923 2389 2051 2442 per-

469 2451 720 2510 ventura,
755 2448 885 2515 quin
923 2447 978 2502 in
1010 2461 1333 2507 caeterorum
1364 2456 1541 2525 capita
1589 2461 1877 2518 redundet.
1910 2466 2047 2520 Nam

471 2543 524 2587 ut
563 2533 617 2589 in
657 2545 977 2607 tempestate
1013 2542 1313 2627 cernimus.
1341 2549 1632 2618 procellas,
1680 2568 1804 2608 cum
1839 2555 1893 2610 in
1929 2573 2048 2612 sco-

472 2626 661 2695 pulum
689 2628 741 2682 in
774 2645 934 2698 quem
969 2626 1577 2695 ferebantur’saevitiam
1599 2643 1872 2710 illiserint,
1899 2657 2049 2703 tanto

471 2724 621 2768 motu
656 2717 872 2779 referri,
910 2729 967 2773 ut
1008 2737 1171 2791 quam
1228 2732 1640 2797 occupaverint,
1686 2750 1901 2802 navem,
1938 2756 2048 2795 non

470 2806 630 2861 aliter
661 2808 914 2877 obruant,
950 2828 1114 2882 quam
1147 2831 1271 2869 cum
1315 2818 1541 2890 integra:
1567 2835 1756 2893 erant;
1787 2831 1860 2882 ita
1888 2832 2051 2889 nobis

470 2902 729 2958 omnibus
752 2904 1117 2962 Barbarorum
1147 2911 1562 2971 inundationem
1589 2918 1886 2977 timendam
1917 2940 2047 2981 cen-

470 3008 585 3047 sen.
609 2994 726 3049 Non
752 2996 896 3051 enim
921 2999 1094 3055 hostis
1122 3001 1190 3057 de
1213 3019 1317 3058 una
1346 3016 1443 3062 aut
1464 3010 1635 3065 altera
1665 3014 1801 3070 urbe
1834 3026 2047 3074 certare

468 3087 623 3151 vult,-
663 3087 729 3142 de
766 3104 946 3143 rerum
970 3108 1208 3149 -summa
1249 3097 1351 3153 sibi
1389 3100 1793 3161 decernendum
1829 3111 2043 3167 statuit.

469 3178 572 3244 Qui
592 3179 859 3235 dominari
885 3184 1059 3252 cupit,
1082 3202 1259 3257 neque
1289 3191 1631 3261 superiorem
1660 3196 1805 3254 ferre
1840 3210 2042 3271 potest,

471 3290 651 3344 neque
681 3292 869 3345 parem
900 3280 1124 3349 patitur,
1160 3298 1338 3355 neque
1364 3288 1628 3357 principis
1656 3306 1855 3346 nomen
1877 3304 2045 3349 amat.

471 3365 650 3436 Atque
691 3378 750 3423 ut
793 3371 926 3426 illud
976 3373 1247 3442 omittam,
1275 3394 1438 3448 grave
1467 3396 1589 3436 esse
1617 3383 1686 3436 ab
1718 3383 1903 3454 aliquo
1948 3388 2048 3442 ali-

473 3460 602 3529 quid
641 3477 884 3531 sperare,
920 3464 1184 3521 miserum
1227 3484 1293 3523 ex
1325 3470 1500 3526 aliena
1549 3473 1781 3530 libidine
1813 3477 2045 3533 salutem

472 3566 795 3622 suspensam
833 3555 1077 3622 habere,
1114 3561 1489 3628 turpissimum
1547 3575 1604 3621 et
1661 3567 1966 3624 luctuosum
2017 3586 2049 3626 a

472 3647 750 3700 communi
783 3648 1031 3701 omnium
1072 3649 1229 3706 hoste
1278 3655 1542 3722 privatam
1583 3671 1903 3729 exspectare
1957 3677 2050 3718 ve—

473 3736 642 3801 niam,
702 3753 823 3805 quae
878 3754 980 3808 pax
1031 3741 1127 3796 tibi
1187 3758 1311 3799 cum
1353 3761 1421 3801 eo
1469 3762 1591 3804 esse
1641 3760 1818 3819 potest
1891 3755 2050 3825 cujus

471 3829 744 3885 acerbitas
794 3832 847 3887 in
895 3844 1113 3891 nostros
1163 3835 1414 3894 homines
1455 3841 1599 3896 ultra
1653 3853 1884 3900 mortem
1919 3862 2050 3916 pro-

410 3924 413 3927 ‘
473 3920 752 3988 greditur;
787 3924 879 3992 qui
914 3925 1066 3981 nullo
1096 3929 1366 3998 supplicio
1398 3933 1586 3988 satiari
1619 3945 1797 4004 potest
1825 3955 1838 4003 ;
1880 3953 1910 3992 a
1940 3954 2049 4009 quo

472 4010 519 4064 si
541 4020 807 4067 tormenta
840 4025 894 4070 et
922 4019 1203 4074 cruciatus
1224 4020 1404 4095 absint
1431 4023 1487 4078 in
1511 4035 1827 4080 nostrorum
1843 4040 2047 4095 morte,

471 4114 702 4158 mortem
749 4108 799 4159 in
835 4106 1084 4164 beneﬁcii
1142 4121 1349 4180 partem
1381 4115 1658 4183 accipias?
1684 4117 1727 4173 Ο
1754 4120 2049 4176 crudelita-

471 4208 579 4258 tem
644 4199 987 4265 inusitatam,
1060 4203 1406 4271 inauditam,
1459 4205 1655 4272 feram,
1720 4208 2043 4269 barbaram!

468 4288 607 4343 Cum
656 4304 722 4343 eo
765 4306 864 4359 pax
899 4307 1021 4344 esse
1081 4293 1299 4361 potest?
1354 4294 1490 4349 Pace
1532 4298 1577 4351 si
1624 4297 1728 4352 frui
1768 4300 2045 4370 volumus,

2145 476 2208 515 ea
2246 464 2665 531 propulsemus,
2693 476 2862 533 atque
2894 469 2949 523 in
2985 470 3225 527 hostium
3282 484 3653 537 nostrorumn-

2144 546 2287 622 pita,‘
2316 553 2446 607 dum
2483 556 2635 621 licet,
2663 556 2798 612 dum
2832 560 3105 631 integrum
3141 575 3245 629 est,
3277 572 3653 635 rotorum-tum.

2148 645 2287 698 Cum
2356 662 2491 702 vero
2520 647 2577 702 id
2618 659 2769 704 recte
2804 651 2922 706 fieri
2961 668 3069 706 non
3100 655 3295 722 possit,
3322 659 3420 712 nisi
3449 664 3653 719 omnibus

2146 736 2352 792 sedatis
2401 737 2731 807 discordiis,
2796 743 3199 804 simultatibus.
3247 747 3419 813 odiis,
3468 750 3649 819 denique

2146 831 2362 885 cunctis
2384 832 2792 899 suspicionibus
2815 834 2886 889 de
2916 835 3098 889 medio
3125 822 3374 902 sublatis,
3399 840 3646 895 liberem-

2148 934 2313 974 sensu
2348 921 2567 977 hostem
2618 924 2962 990 adoriamur,
2996 926 3174 981 danda
3237 930 3289 982 in
3331 931 3503 998 primis
3533 946 3646 1001 oper:

2151 1021 2257 1076 est.
2294 1023 2352 1067 ut
2374 1014 2544 1070 Italiae
2567 1018 2847 1071 communi
2880 1033 3147 1087 permisso
3168 1020 3393 1085 findere,
3424 1023 3543 1077 idem
3565 1038 3652 1077 sm-

2151 1106 2354 1161 tiamus
2376 1122 2591 1171 omnes,
2619 1107 2765 1164 idem
2797 1109 3035 1165 velimus
3066 1122 3233 1181 atque
3261 1124 3512 1183 optemus.
3538 1114 3652 1180 Quod

2151 1197 2195 1252 si
2229 1199 2287 1251 in
2319 1214 2387 1253 eo
2426 1201 2754 1270 exponendo
2797 1202 3007 1255 versari
3052 1204 3300 1267 voluero.
3328 1206 3461 1274 quod
3490 1208 3543 1259 ad
3568 1222 3652 1260 retu

2150 1300 2396 1344 nostram
2428 1290 2665 1346 maxime
2710 1292 2952 1347 attinere
2980 1294 3220 1358 videtur,
3246 1306 3378 1364 quot
3407 1299 3650 1361 commoda,

2155 1396 2319 1451 quam
2341 1382 2663 1449 utilitatem,
2688 1399 2851 1450 quam
2882 1383 3129 1454 denique
3156 1384 3463 1441 felicitatem
3482 1402 3654 1441 concor-

2155 1472 2245 1526 dia
2274 1482 2330 1529 ct
2366 1473 2682 1528 animorum
2714 1473 2767 1528 in
2806 1474 2954 1529 idem
2984 1476 3329 1546 conspiratio
3358 1492 3471 1531 cum
3513 1478 3655 1531 civltao

2153 1564 2324 1628 tibus.
2376 1575 2490 1619 tum
2532 1566 2837 1636 provinciis
2870 1567 3093 1632 aﬂ'erat,
3138 1569 3256 1623 scio
3308 1569 3568 1625 nonnullos
3602 1571 3655 1622 ita

2153 1672 2242 1714 me
2281 1657 2592 1722 audituros,
2625 1667 2688 1713 ut
2722 1658 2860 1713 nihil
2915 1659 3146 1728 quidem
3208 1661 3355 1726 novi,
3402 1660 3486 1716 sed
3539 1662 3656 1732 plane

2153 1749 2373 1818 cognita
2396 1758 2454 1803 et
2478 1751 2797 1820 pervulgata
2829 1751 3017 1807 omnia
3055 1766 3145 1807 me
3178 1766 3397 1808 narrare
3427 1753 3646 1808 arbitren-

2152 1846 2270 1905 tur,
2293 1853 2419 1893 cum
2457 1854 2621 1895 nemo
2656 1840 2789 1895 illud
2820 1841 3055 1910 ignoret,
3090 1850 3347 1910 quantam
3378 1843 3475 1896 vim
3505 1845 3552 1898 in
3591 1857 3654 1896 ro-

2149 1929 2255 1984 bus
2324 1931 2409 1986 vel
2447 1932 2708 2000 parandis
2765 1932 2851 1986 vel
2893 1933 3121 1987 tuendis
3157 1934 3438 1990 concordia
3489 1935 3650 1989 habeat.

2150 2021 2222 2075 [is
2251 2036 2355 2092 ego
2380 2036 2492 2077 non
2558 2022 2836 2079 immerito
2891 2026 3318 2094 responderim:
3372 2025 3473 2081 Cur
3524 2040 3651 2081 meam

2152 2112 2317 2182 igitur
2342 2113 2673 2184 exspectatis
2733 2114 3091 2171 orationem?
3148 2116 3289 2182 Quin
3352 2127 3526 2187 sponte
3566 2129 3651 2171 eam

2151 2203 2586 2273 amplectimini?
2610 2219 2773 2274 quam
2815 2204 2954 2260 adeo
2992 2206 3191 2261 utilem
3247 2222 3367 2263 esse
3412 2216 3553 2277 atque
3592 2220 3658 2261 Ito-

2151 2296 2446 2349 cessariatn
2479 2294 2808 2365 intelligitis,
2844 2306 2928 2359 ut,
2960 2297 3071 2351 nisi
3119 2296 3283 2361 adsit,
3315 2298 3445 2353 nihil
3473 2310 3655 2366 :equum.

2151 2387 2290 2441 nihil
2324 2387 2639 2451 honestum,
2672 2387 2817 2442 nihil
2843 2398 3107 2443 sanctum
3152 2389 3268 2444 ﬁeri
3325 2390 3501 2460 possit.
3550 2390 3657 2442 Con-

2151 2480 2337 2534 cordia
2368 2494 2549 2550 parvae
2581 2494 2669 2534 res
2691 2487 2969 2541 crescunt.
3003 2480 3287 2536 discordia
3312 2482 3536 2536 maxima
3555 2479 3657 2534 dila-

2150 2572 2381 2625 buntur.
2412 2571 2689 2641 Quidquid
2718 2574 2772 2628 in
2810 2573 2951 2629 caelo
2976 2582 3152 2642 atque
3181 2574 3325 2628 inter
3347 2573 3658 2640 mortalewp.

2151 2664 2342 2718 tinmm
2367 2674 2472 2724 est.
2509 2663 2563 2719 id
2602 2679 2766 2721 omne
2795 2678 2825 2719 a
2877 2665 3184 2721 concordia
3248 2665 3578 2737 proﬁciscitur
3617 2673 3659 2718 et

2150 2753 2371 2823 pendet.
2403 2753 2525 2808 Non
2558 2754 2856 2822 provinciis
2886 2754 3179 2817 duntaxat.
3211 2758 3448 2819 urbibus.
3473 2770 3659 2811 conres-

2151 2847 2354 2911 tieulis,
2385 2845 2600 2909 domui,
2629 2846 2724 2900 sed
2758 2846 2971 2916 privato
2998 2846 3219 2902 homini
3275 2849 3492 2903 maxime
3514 2859 3661 2900 neces-

2151 2935 2291 2991 saria
2322 2944 2429 2990 est.
2464 2935 2604 3000 Quid
2639 2936 2788 2990 enim
2823 2935 3052 2990 homine
3092 2937 3330 3007 turpius,
3360 2937 3448 3006 qui
3473 2936 3560 2990 sibi
3576 2935 3659 3002 ipso

2072 3047 2121 3113 ρ
2151 3043 2258 3082 non
2295 3036 2537 3093 constet,
2568 3035 2624 3082 et
2658 3028 2828 3083 variis
2870 3029 3418 3098 repugnantibusque
3465 3024 3661 3082 consiliit

2151 3129 2210 3175 et
2239 3118 2539 3173 contrariis
2568 3118 3206 3189 actionibus'agitetur?
3233 3120 3363 3186 Quis
3393 3133 3490 3173 non
3522 3115 3662 3183 despi-

2147 3209 2260 3263 cit?
2284 3208 2409 3279 quis
2435 3224 2549 3264 non
2577 3208 2832 3264 deridet?
2855 3209 3085 3274 Levem,
3130 3212 3533 3272 inconstantem,
3572 3203 3661 3259 nul-

2147 3299 2254 3355 lius
2278 3298 2493 3353 erdinis
2523 3300 2804 3355 bmninem
2831 3313 3152 3356 censentes.
3181 3299 3445 3371 Quidquid
3478 3306 3660 3352 conatur

2148 3390 2550 3458 etasseqnitur,
2565 3389 2896 3455 calamitate,
2924 3391 3255 3461 ignominia,
3281 3388 3506 3461 pernicie
3528 3386 3661 3440 reler-

2151 3486 2267 3534 tum
2295 3489 2401 3535 est.
2429 3478 2567 3534 Nam
2606 3480 2737 3536 dum
2773 3482 2879 3537 sibi
2932 3483 3051 3552 ipse
3085 3482 3337 3544 dissidet.
3396 3478 3517 3535 nihil
3566 3490 3660 3532 cum

2149 3570 2269 3626 suis
2307 3571 2615 3626 commodis
2648 3580 2744 3626 aut
2778 3573 3123 3629 ornamentis
3163 3580 3562 3628 consentaneum
3588 3565 3661 3620 bt-

2150 3662 2262 3717 bet.
2287 3663 2348 3718 In
2374 3678 2433 3718 re
2452 3674 2629 3719 autem
2659 3664 2940 3729 familiari,
2961 3666 3362 3735 quodoﬁieium
3379 3679 3490 3719 esse
3508 3665 3661 3731 potest.

2152 3753 2196 3807 si
2237 3769 2397 3817 uxor,
2426 3753 2617 3821 liberi,
2647 3756 2819 3818 servi,
2873 3757 3089 3812 mutuis
3119 3757 3265 3812 odiis
3294 3744 3659 3811 conﬂictentur?

2151 3843 2551 3900 Paterfamilias
2579 3887 2599 3912 ,
2647 3845 2970 3902 domesticis
3040 3845 3471 3902 dissensionibus
3503 3837 3663 3895 labefa-

2154 3945 2358 3997 ctatus,
2389 3935 2596 3989 nullam
2621 3936 2778 4005 ponit
2803 3937 2857 3991 in
2895 3952 2954 3993 re
2985 3936 3246 3993 familiari
3300 3932 3525 4005 augenda
3563 3940 3661 3997 ope-

2150 4041 2289 4081 ram.
2319 4026 2603 4099 Lacrymis
2636 4027 2949 4092 conﬁcitur,
2976 4028 3112 4084 dum
3145 4044 3243 4100 per
3263 4025 3562 4082 discordiam
3603 4026 3662 4070 to-

2152 4126 2261 4173 tam
2290 4118 2515 4174 domtrm
2549 4119 2995 4181 ruituramfacile
3018 4121 3326 4191 prospicit;
3357 4118 3507 4171 miser
3525 4108 3660 4169 domi.

2150 4205 2286 4262 foris
2318 4206 2608 4262 ridiculus.
2641 4207 2774 4262 lude
2804 4207 3073 4263 nimirum
3110 4209 3244 4263 illud
3273 4201 3527 4276 εδινςυοά
3551 4194 3660 4267 aliud

2150 4308 2368 4366 poetam
2390 4298 2868 4367 sapientissimum
2889 4299 3162 4368 Ulyssesa
3194 4300 3466 4360 Nausicaa,
3492 4287 3661 4350 Alcinoi

469 4378 672 4442 bellum
720 4381 1018 4451 gerendum
1060 4394 1143 4439 est
1174 4401 1187 4437 :
1217 4385 1262 4438 si
1310 4385 1510 4441 bellum
1563 4390 1885 4455 omittimus,
1914 4410 2049 4464 pace
2081 4386 2125 4439 D
2155 4392 2301 4461 regis
2330 4390 2462 4454 ﬁlia,
2492 4391 2745 4445 maximis
2770 4389 3001 4445 allectus
3033 4392 3347 4455 beneﬁciis,
3383 4391 3451 4445 nil
3511 4380 3661 4440 habuit

467 4484 748 4537 minqnnm
786 4471 1049 4526 fruemur.
1090 4475 1269 4539 Quare
1294 4491 1416 4530 cum
1457 4492 1485 4529 a
1531 4486 1637 4532 tam
1687 4496 1855 4549 parvo
1885 4484 2044 4541 initio

468 4561 526 4616 in
562 4570 768 4615 tantum
798 4564 1032 4618 creverit
1063 4564 1263 4636 fastigii
1299 4568 1475 4624 hostis
1501 4583 1711 4636 noster,
1732 4586 1856 4628 cum
1884 4574 2043 4643 sciat,

467 4654 675 4709 velitet
712 4655 886 4724 possit
916 4660 1116 4711 adoriri
1153 4658 1386 4725 italiam,
1429 4677 1554 4718 cum
1582 4664 1632 4718 id
1666 4680 2044 4735 smpcuumero

467 4747 671 4805 factum
705 4747 874 4803 fuisse
905 4749 1214 4818 audieritis,
1260 4753 1333 4807 ita
1386 4763 1445 4807 ut
1484 4756 1548 4809 ad
1584 4771 1779 4810 omnes
1827 4757 2046 4827 pericu.

466 4834 580 4901 lum
616 4839 862 4900 attineat,
892 4842 1204 4908 propulsate
1259 4858 1322 4898 ac
1353 4847 1638 4914 propellite
1670 4847 1844 4903 hostis
1866 4848 2044 4917 impe-

468 4936 605 4989 tum,
661 4939 720 4983 ut
771 4930 1199 4986 incolumitatem
1250 4936 1431 5002 nobis,
1481 4937 1795 4994 libertatem
1848 4940 2039 5005 Italiae,

464 5019 699 5085 salutem
736 5022 995 5078 omnibus
1022 5025 1389 5081 conservetis.

1228 5180 1295 5239 Ν

466 5294 721 5364 Ejusdem
754 5294 825 5348 ad
846 5296 1053 5349 eosdem
1114 5299 1179 5350 de
1229 5297 1501 5353 discordiis
1539 5301 1805 5363 sedandis,
1839 5312 1886 5357 et
1909 5303 2041 5360 bello

893 5368 948 5423 in
998 5366 1224 5421 Turcum
1263 5371 1609 5423 decernendo.

538 5478 705 5544 Satis,
741 5490 802 5533 ut
827 5482 1096 5547 arbitror,
1128 5482 1196 5537 de
1231 5484 1492 5551 periculis
1527 5485 1623 5538 toti
1652 5485 1823 5540 Italia:
1859 5487 2040 5541 immi-

470 5571 734 5631 nentibus
782 5571 1041 5627 hesterna
1103 5574 1355 5628 oratione
1414 5574 1748 5642 dsputatnm
1783 5588 1885 5642 est,
1920 5595 2039 5647 qtue

474 5678 598 5719 cum
636 5673 689 5717 ct
720 5674 904 5734 aperta
943 5663 1054 5729 sint
1083 5674 1137 5721 ct
1191 5664 1538 5736 gravissima,
1601 5668 1872 5740 reliquum
1917 5685 2038 5729 csse

2149 4482 2296 4552 quod
2328 4481 2543 4538 feiicius
2580 4481 2764 4552 optari
2797 4497 2961 4552 posse
2991 4484 3380 4547 arbitraretur,
3413 4493 3555 4550 quam
3598 4471 3660 4526 vi-

2148 4590 2269 4627 rum
2301 4574 2616 4644 liberosque
2663 4575 2995 4643 concordes,
3030 4592 3142 4646 quo
3171 4576 3308 4630 nihil
3360 4571 3556 4629 suavius
3582 4564 3656 4623 ait,

2148 4663 2293 4717 nihil
2321 4673 2416 4719 aut
2447 4663 2687 4718 inimicis
2732 4664 3040 4730 molestius,
3077 4674 3173 4721 aut
3202 4665 3387 4720 amicis
3411 4654 3659 4731 jucundius

2148 4754 2403 4808 accidere
2430 4767 2610 4822 posse.
2641 4758 2710 4806 At
2738 4754 2875 4824 quid
2910 4754 3195 4819 miserius,
3218 4753 3341 4824 quid
3370 4753 3575 4805 humana
3596 4743 3658 4794 in-

2146 4842 2366 4913 dignius
2399 4842 2687 4908 societate,
2717 4858 2879 4913 quam
2910 4859 3037 4899 cum
3083 4846 3330 4900 civitates
3358 4847 3445 4895 aut
3473 4832 3656 4907 provino

2146 4941 2251 4991 riae
2275 4937 2595 4992 domesticis
2616 4937 2988 4993 seditionibus
3013 4938 3277 5008 bellisque
3304 4932 3537 4991 civilibus
3552 4938 3656 4979 con-

2145 5028 2444 5082 iiciuntur?
2472 5028 2606 5082 Nam
2640 5043 2781 5098 quos
2810 5030 3181 5094 necessarios,
3212 5028 3417 5085 fratres,
3442 5022 3653 5114 Ρπξηξβ

2144 5130 2339 5175 natura
2367 5119 2581 5190 genuit,
2606 5119 2797 5174 hostes
2818 5130 2875 5173 et
2930 5120 3141 5175 alienos
3205 5114 3461 5173 discordia
3492 5106 3648 5164 edicit.

2145 5213 2238 5267 ubi
2266 5221 2323 5267 et
2352 5213 2568 5266 vincere
2597 5211 2909 5266 luctuosum
2928 5221 3036 5273 est.
3063 5219 3119 5265 et
3147 5209 3338 5264 cadere
3366 5202 3645 5259 sceleratum

2142 5318 2308 5376 atque
2350 5304 2640 5360 nefarium.
2673 5302 2887 5357 Bellum
2938 5300 3302 5357 domesticum
3350 5310 3411 5350 eo
3464 5285 3645 5376 gravius

2142 5369 2369 5446 exlerno
2398 5399 2503 5453 est,
2537 5388 2685 5457 quod
2724 5399 3016 5445 externum
3052 5387 3360 5443 nonnullam
3398 5369 3645 5447 aliquando

2144 5481 2302 5536 aﬁ‘ert
2330 5480 2644 5544 utilitatem,
2679 5493 2933 5548 saepeque
2966 5479 3040 5535 ita
3064 5477 3367 5547 suscipitur,
3389 5479 3443 5526 ut
3466 5468 3642 5563 pars

2143 5571 2391 5625 vivamus
2423 5585 2436 5622 :
2478 5567 2639 5623 civile
2669 5581 2800 5621 vero
2817 5567 3026 5637 profuit
3058 5580 3328 5637 nunquam
3358 5554 3554 5616 nemini.
3577 5547 3641 5649 “Dc

2145 5663 2290 5719 bello
2327 5671 2558 5719 externo
2591 5673 2734 5735 saepe
2762 5660 3140 5717 consultamus
3168 5673 3233 5716 an
3267 5650 3530 5727 gerendum
3552 5648 3635 5702 sit;
