3880 6220
216 249 320 315 661

1261 257 1701 324 ORATIONES
1740 260 2045 322 CONTRA
2084 261 2403 326 TURCAS.

3364 269 3474 334 662

221 370 390 424 civile
435 378 622 426 autem
671 384 953 442 nunquam
1010 370 1066 428 in
1114 371 1576 430 deliberationem
1635 375 1805 430 cadit.
1839 380 1883 436 Α
1911 383 1966 429 et
2001 352 2317 445 perspicere
2350 375 2604 444 p0testis.
2643 383 2826 430 tamen
2865 390 3064 432 sensus
3086 375 3335 434 dolorem
3357 383 3477 451 plu-

210 459 352 515 Nam
379 459 841 529 quemadmodum
877 477 988 518 non
1018 461 1086 518 de
1117 463 1288 520 rebus
1323 467 1670 529 necessariis,
1698 466 1794 522 sed

209 551 282 605 de
310 549 495 605 dubiis
519 551 814 606 consilium
871 551 1066 615 initur,
1101 554 1174 609 ita
1210 570 1394 626 neque
1423 557 1490 611 de
1525 557 1621 622 iis,
1675 573 1797 626 qua:

212 642 283 696 ad
315 643 581 698 utramvis
621 652 832 712 partem
862 645 1162 714 exploratae
1195 657 1342 702 sunt.
1381 647 1508 714 Quo
1529 649 1588 702 in
1622 664 1797 719 gene-

215 746 279 786 re
310 732 509 786 seditio
540 740 647 798 est,
681 748 844 802 quam
873 735 968 804 qui
997 744 1166 800 amat,
1198 752 1301 792 nec
1329 737 1572 806 privatos
1619 738 1794 805 focos,

217 838 322 877 nec
351 823 568 892 publica
601 823 874 879 libertatis
905 825 1029 896 jura
1062 827 1229 882 chara
1278 827 1492 883 habere
1551 828 1792 886 videtur.

216 915 591 986 Tyrannidem
650 917 882 971 invisam
914 917 1078 973 bonis
1105 919 1386 986 omnibus,
1437 920 1796 990 maximeque

215 1006 589 1074 perniciosam
627 1007 944 1064 civitatibus
976 1023 1120 1076 esse,
1151 1009 1312 1079 plane
1342 1024 1535 1066 omnes
1563 1027 1795 1080 persua-

217 1111 343 1150 sum
375 1097 662 1152 habemus.
700 1099 771 1152 At
803 1101 1016 1170 tyranni
1053 1101 1218 1156 urbes
1248 1115 1642 1170 nonnunquam
1676 1105 1796 1174 opi-

218 1187 324 1241 bus
348 1189 709 1259 potentiaque
735 1191 1166 1259 amplificarunt,
1199 1198 1253 1246 et
1286 1192 1342 1246 in
1389 1208 1648 1264 magnum
1701 1211 1798 1250 au-

217 1292 353 1334 xere
392 1279 706 1349 imperium.
738 1279 896 1347 Quod
923 1282 1009 1336 vel
1033 1284 1084 1337 in
1119 1283 1274 1338 hoste
1300 1294 1490 1339 nostro
1519 1285 1675 1342 facile
1699 1301 1794 1341 co-

216 1370 430 1436 gnitum
473 1372 941 1444 perspicuumque
975 1383 1085 1440 est,
1125 1375 1243 1446 qui,
1274 1391 1401 1432 cum
1433 1386 1792 1450 tyrannorum

215 1461 466 1515 Omnium
513 1463 932 1519 crudelissimus
977 1465 1078 1530 sit,
1115 1477 1293 1522 tamen
1324 1483 1680 1538 quascunque
1708 1465 1795 1525 vel

217 1551 389 1606 urbes
421 1553 504 1608 vel
542 1554 858 1622 provincias
885 1571 989 1612 suo
1023 1556 1225 1628 adjecit
1281 1558 1540 1628 imperio,
1599 1569 1796 1632 poten-

216 1642 389 1698 tiores
416 1644 620 1702 eﬂ‘ecit.
666 1645 771 1700 Per
807 1648 1140 1702 seditionem
1197 1663 1329 1704 vero
1362 1649 1608 1716 civilem,
1667 1652 1795 1720 quis

218 1735 361 1789 mihi
428 1753 669 1807 unquam
732 1738 1226 1804 demonstraverit,
1288 1756 1540 1810 quaenam
1589 1745 1794 1799 mmnia

218 1824 466 1879 firmiora
492 1825 624 1892 sint,
650 1827 736 1881 vel
767 1841 888 1898 quae
924 1829 1108 1898 potius
1139 1845 1252 1883 non
1283 1829 1535 1886 funditus
1554 1831 1796 1886 eversa?

215 1914 408 1983 Itaque
434 1914 478 1968 si
507 1916 750 1986 tyrannis
781 1917 987 1974 homini
1020 1919 1195 1974 libero
1237 1918 1460 1989 civique
1491 1919 1794 1975 fortissimo

219 2004 473 2075 fugienda
506 2016 610 2074 est,
626 2021 694 2062 an
709 2007 776 2062 de
799 2007 1073 2063 discordia
1095 2021 1181 2063 est
1201 2009 1592 2080 cogitandum?
1621 2019 1678 2065 et
1697 2009 1791 2080 qui

220 2097 565 2166 tyrannidem
597 2098 684 2153 vel
715 2099 914 2170 capitis
946 2100 1194 2170 periculo
1229 2101 1655 2172 propulsandam
1697 2119 1796 2171 pu-

218 2187 377 2248 tabit,
393 2189 556 2243 civile
575 2189 803 2252 bellum,
821 2193 969 2260 quod
992 2191 1248 2247 acerbius
1261 2204 1348 2248 est
1373 2202 1428 2247 et
1464 2192 1789 2257 luctuosius,

225 2287 424 2346 sponte
468 2281 932 2338 consectabitur?
966 2282 1221 2339 Solemus
1250 2299 1374 2340 cum
1409 2284 1637 2354 privatis
1668 2297 1795 2353 pre-

218 2368 400 2433 cibus,
433 2378 548 2424 tum
584 2371 823 2441 publicis
850 2373 1348 2443 supplicationibus
1371 2389 1401 2428 a
1443 2375 1556 2429 Deo
1580 2372 1790 2444 Optimo

218 2462 462 2518 maximo
504 2479 694 2534 pacem
742 2466 1210 2537 concordiamque
1253 2473 1464 2536 petere,
1513 2475 1590 2532 et,
1641 2465 1792 2536 quod

217 2553 433 2609 scimus
467 2555 625 2610 nobis
646 2557 1020 2626 perniciosum
1057 2558 1200 2625 fore,
1226 2557 1371 2630 quod
1405 2559 1789 2629 deprecamur,

217 2646 370 2716 quod
402 2645 499 2700 Dei
545 2649 716 2702 nostri
762 2664 866 2719 ope
901 2650 1177 2705 declinare
1230 2651 1480 2716 nitimur,
1518 2650 1572 2704 id
1603 2649 1790 2705 dedita

216 2749 390 2803 opera
419 2733 767 2806 libenterque
799 2739 1234 2808 persequemur?
1261 2738 1402 2806 Quid
1439 2739 1660 2795 tandem
1687 2739 1792 2794 hoe

216 2821 373 2876 aliud
416 2829 524 2886 est,
555 2823 660 2879 nisi
699 2825 939 2879 hostium
978 2835 1297 2883 nostrorum
1351 2845 1468 2885 rem
1517 2845 1702 2900 agere,
1735 2839 1792 2888 et

215 2916 372 2986 quod
424 2917 501 2972 illi
553 2920 672 2975 suis
703 2919 950 2990 profanis
1001 2922 1261 2992 precibus
1290 2924 1632 2978 contendunt
1671 2940 1792 2980 ma-

1901 464 1977 518 ris
2027 463 2178 527 facit,
2218 465 2310 534 qui
2360 479 2448 528 ea,
2507 479 2631 534 quae
2661 467 2844 520 caueri
2891 466 3143 531 audiunt,
3182 485 3478 539 perpessus

1897 563 2001 609 est.
2031 553 2150 608 Non
2184 555 2255 608 ita
2284 554 2471 610 animo
2504 555 2812 622 inhaerent,
2835 572 2961 626 qua:
2985 559 3328 614 autauribus
3348 576 3476 629 per-

1897 642 2160 714 cipimus,
2195 652 2289 697 aut
2315 644 2598 701 cernimus
2630 645 2830 711 oculis,
2874 654 2935 700 ut
2960 661 3022 701 ea
3057 647 3473 716 imprimuntur,

1896 750 2018 804 quae
2048 734 2133 788 vel
2164 749 2282 800 sua,
2313 735 2398 789 vel
2430 749 2658 790 suorum
2689 737 2942 804 vulnera,
2974 753 3166 802 neces,
3192 748 3473 796 tormenta

1896 839 1996 893 per
2044 839 2314 879 summam
2377 825 2622 883 hostium
2681 828 3068 884 crudelitatem
3137 831 3472 886 intulerunt.

1895 913 2116 968 Credite
2140 923 2386 984 experto,
2415 918 2624 974 credite
2648 934 2834 988 passo.
2861 920 3006 974 Nihil
3034 921 3181 976 aliud
3209 923 3468 977 miseram

1898 1005 2162 1059 exstinxit
2191 1005 2483 1069 Graeciam,
2517 1008 2624 1064 nisi
2655 1009 2934 1064 discordia
2965 1027 2983 1065 :
3011 1012 3153 1066 nihil
3177 1013 3326 1070 aliud
3347 1029 3474 1068 eam

1897 1093 2048 1149 orbis
2079 1106 2292 1166 partem
2324 1096 2552 1162 delevit,
2601 1099 2710 1154 nisi
2743 1100 2886 1156 bella
2921 1102 3129 1169 civilia,
3169 1119 3350 1174 neque
3379 1120 3474 1160 so-

1896 1185 2009 1240 lum
2061 1197 2252 1242 nostra
2298 1189 2585 1253 memoria,
2634 1190 2731 1246 sed
2762 1201 2816 1246 et
2863 1192 3064 1263 priscis
3104 1196 3469 1264 temporibus.

1895 1277 2031 1332 Nam
2063 1277 2366 1348 Philippus,
2427 1284 2678 1351 Amynta:
2717 1281 2885 1349 filius,
2945 1285 3248 1341 Alexandri
3294 1287 3472 1356 Magni

1896 1374 2075 1434 pater,
2115 1383 2214 1437 per
2252 1369 2695 1437 Atheniensium,
2728 1371 3292 1440 Lacedaemoniorum,
3327 1377 3472 1431 The-

1899 1455 2169 1510 banorum
2194 1457 2540 1527 aliorumque
2571 1471 2763 1514 mutua
2793 1460 3220 1526 odia,Gra:ciam
3244 1463 3468 1519 evertit.

1906 1546 2158 1612 Quandiu
2190 1550 2470 1604 communi
2518 1567 2619 1622 ope
2650 1562 2706 1607 et
2725 1552 2958 1607 consilio
3014 1553 3153 1608 bella
3179 1553 3466 1623 gerebant,

1898 1637 2160 1709 fugabant
2201 1640 2436 1706 hostem,
2483 1644 2762 1698 exuebant
2813 1644 3033 1709 castris,
3096 1645 3464 1715 superabant!

1828 1714 1866 1768 Β
1893 1727 2030 1785 Cum
2061 1743 2194 1784 vero
2221 1731 2311 1785 alii
2342 1731 2462 1787 aliis
2489 1749 2594 1788 non
2623 1733 2816 1797 fidere,
2865 1714 3272 1806 finitimumque
3311 1737 3468 1792 inva-

1897 1818 2028 1874 dere
2060 1818 2440 1888 instituerunt,
2467 1822 2642 1879 hostis
2668 1823 2733 1878 ad
2766 1824 2967 1879 alteras
3002 1836 3188 1895 partes
3225 1827 3473 1882 accersi-

1897 1919 2007 1977 tus,
2030 1927 2138 1967 non
2172 1914 2355 1970 minus
2378 1929 2406 1968 a
2425 1915 2630 1985 quibus
2659 1917 2986 1983 vocabatur,
3019 1933 3182 1988 quam
3209 1919 3473 1974 adversus

1893 2017 2033 2072 quos
2065 2016 2397 2074 provocatus
2432 2016 2555 2062 erat
2594 2009 2965 2077 perniciosus.
3013 2009 3178 2064 bello-
3203 2009 3476 2078 Pelopon-

1893 2093 2138 2162 nesiaco,
2182 2111 2309 2151 cum
2355 2097 2550 2156 eadem
2589 2099 2898 2152 animorum
2927 2099 3341 2168 conspiratione
3369 2097 3470 2154 de-

1891 2185 2059 2240 vincti
2093 2196 2298 2251 essent,
2335 2205 2516 2259 neque
2557 2199 2725 2250 terra.
2784 2189 2875 2244 ubi
2923 2188 3468 2245 Lacedaemoniorum

1891 2275 2038 2331 vires
2075 2276 2426 2346 amplissimae
2460 2287 2643 2344 erant,
2674 2295 2852 2349 neque
2891 2280 3028 2334 mari
3068 2280 3370 2350 quicquam
3398 2281 3470 2335 ab

1893 2365 2052 2422 hoste
2085 2365 2418 2422 incommodi
2456 2379 2830 2438 acceperunt;
2889 2383 2998 2422 imo
3042 2384 3174 2424 vero
3205 2369 3470 2423 maximas

1891 2468 2102 2530 strages
2121 2459 2266 2514 boati
2303 2459 2633 2524 intulerunt,
2681 2469 2846 2528 atque
2889 2458 2960 2513 ita
3013 2460 3342 2524 intulerunt,
3385 2471 3468 2524 ut,

1892 2551 2037 2620 quod
2075 2566 2352 2621 nunquam
2384 2551 2549 2607 fando
2580 2550 2829 2606 auditum
2881 2561 3046 2615 esset,
3073 2551 3469 2620 quadringenti

1894 2642 2133 2712 amplius
2179 2641 2725 2699 Lacedaemoniorum
2763 2642 2993 2710 milites,
3019 2643 3228 2714 quibus
3257 2643 3469 2713 patrius

1892 2750 2012 2792 mos
2048 2745 2105 2790 et
2131 2746 2468 2806 praeceptum
2513 2746 2652 2799 erat,
2693 2745 2790 2792 aut
2817 2738 3041 2792 vincere
3075 2737 3128 2790 in
3162 2736 3326 2800 bello,
3373 2747 3472 2791 aut

1893 2837 2071 2882 morte
2097 2828 2341 2883 hostium
2364 2829 2622 2885 manibus
2645 2844 2765 2884 sese
2791 2829 3030 2900 eripere,
3073 2830 3274 2899 captivi
3300 2831 3470 2886 Athe-

1892 2935 1992 2976 nas
2037 2919 2092 2974 in
2143 2921 2484 2992 triumphum
2524 2921 2675 2977 ducti
2710 2922 2843 2977 sint.
2897 2920 3033 2978 Cum
3093 2938 3224 2976 vero
3251 2924 3468 2976 hostem

217 3012 370 3068 xime
408 3015 670 3070 efﬁcere?
718 3017 830 3072 Illis
873 3018 1018 3072 enim
1067 3019 1256 3088 prima:
1292 3021 1538 3075 omnium
1595 3036 1785 3091 preces
1816 3051 1862 3112 ϐ
1895 3009 2046 3066 domi
2099 3013 2368 3081 invenire,
2414 3011 2684 3083 bellisque
2715 3013 2975 3068 civilibus
3006 3028 3127 3067 sese
3173 3022 3468 3067 conterere

219 3115 357 3160 sunt
391 3107 578 3161 multis
607 3107 830 3177 quidem
869 3120 1037 3177 notae,
1073 3108 1234 3164 nobis
1268 3108 1503 3166 fortasse
1540 3111 1789 3178 minime,

221 3205 288 3250 ut
341 3195 483 3252 inter
537 3212 666 3254 suos
715 3214 842 3269 pax,
894 3202 1202 3256 animorum
1233 3214 1557 3268 consensus,
1609 3203 1789 3274 quies,

217 3286 372 3340 inter
401 3287 744 3346 Christianos
768 3291 952 3347 odium
995 3293 1200 3364 vigeat,
1241 3293 1626 3360 scditio,bella
1658 3295 1794 3349 civi-

216 3378 319 3432 lia.
356 3378 689 3436 Volumusne
707 3381 924 3438 illorum
951 3385 1169 3441 libidini
1194 3385 1552 3442 satisfacere?
1572 3386 1640 3442 At
1687 3387 1792 3444 hoc

215 3482 308 3526 est
339 3473 515 3526 hostis
554 3473 779 3530 utilitati
823 3478 1137 3540 consulere,
1169 3489 1226 3534 et
1261 3479 1410 3535 illius
1439 3480 1789 3535 commodum

224 3574 421 3620 nostro
451 3566 802 3624 incommodo
834 3583 1054 3638 parare.
1089 3571 1366 3642 Praecepta
1397 3573 1472 3642 (ui
1496 3571 1702 3644 fallor),
1729 3584 1791 3628 ut

222 3669 372 3724 saepe
405 3654 518 3708 vidi
547 3665 604 3710 et
645 3655 776 3726 legi,
812 3674 934 3727 quae
969 3659 1024 3714 in
1053 3659 1286 3717 urbibus
1319 3663 1576 3733 regendis
1604 3663 1792 3720 bellis-

221 3763 336 3815 que
393 3748 626 3804 feliciter
673 3751 1033 3807 conficiendis
1067 3753 1228 3807 nobis
1276 3757 1590 3824 pratscripva
1641 3765 1790 3819 sunt,

220 3840 388 3894 aliter
408 3851 675 3909 statuunt,
699 3854 755 3898 et
784 3845 1002 3910 docent,
1027 3855 1087 3899 ut
1113 3845 1323 3900 scilicet
1347 3847 1644 3917 exploratis
1689 3849 1792 3903 ho-

191 4008 197 4012 _
231 3933 402 3987 atiutn
435 3934 703 3998 consiliis,
745 3937 1017 3990 contraria
1046 3937 1314 4001 elIiciatis,
1345 3939 1389 3993 si
1424 3939 1479 3992 in
1507 3940 1790 4010 republica

220 4033 426 4078 statum
458 4025 720 4092 retinere,
752 4027 797 4082 si
829 4027 885 4082 in
917 4027 1060 4082 bello
1089 4029 1375 4084 victoriam
1403 4032 1671 4101 consequi
1698 4047 1794 4088 ve-

222 4117 360 4172 litis.
386 4119 466 4173 An
488 4135 618 4175 vero
667 4102 1126 4176 committendum
1149 4131 1254 4190 est,
1288 4133 1346 4178 ut
1373 4125 1466 4193 qui
1495 4127 1656 4180 nobis
1705 4127 1792 4181 lu-

226 4218 402 4271 ctum,
441 4217 734 4278 terrorem,
763 4222 1060 4277 tormenta,
1102 4212 1304 4267 eadem
1346 4213 1654 4278 denuntiaf,
1692 4233 1786 4271 no-

228 4309 341 4355 stra
379 4301 593 4356 laztetur
618 4304 802 4372 culpa,
829 4313 885 4358 et
917 4304 1196 4360 exsultet?
1232 4303 1562 4360 Excitandus
1579 4316 1663 4362 est
1688 4308 1792 4364 hoc

1893 3114 2200 3174 cmperunt,
2234 3119 2426 3160 eorum
2468 3104 2657 3160 classis
2701 3103 3010 3158 ﬁrmissima
3042 3113 3204 3172 atque
3233 3101 3466 3174 amplis-

1891 3174 2030 3251 sima
2085 3195 2142 3250 in
2171 3195 2714 3250 Lacedaemoniorum
2764 3191 3036 3247 ditionem
3094 3191 3312 3246 redacta
3357 3200 3461 3258 est,

1891 3297 2082 3356 portus
2115 3301 2308 3342 eorum
2353 3286 2604 3341 custodia
2633 3284 2854 3350 amissa,
2899 3283 3054 3338 urbis
3099 3283 3298 3339 muenia
3346 3283 3466 3340 solo

1888 3387 2125 3446 :cquata.
2154 3375 2296 3443 Quid
2330 3392 2484 3442 vero,
2517 3391 2642 3431 cum
2667 3373 2898 3440 Xerxes,
2932 3374 3222 3428 Persarum
3251 3386 3346 3425 rex
3371 3386 3468 3440 po-

1891 3468 2254 3539 tentissimus,
2291 3467 2663 3539 quinquagies
2685 3467 2940 3522 centenis
2977 3464 3264 3518 hominum
3295 3462 3466 3517 milli-

1891 3531 2213 3625 bus,’classe
2265 3559 2412 3616 mille
2466 3559 2833 3629 ducentisque
2895 3557 3127 3612 navibus
3171 3554 3462 3616 instructa,

1891 3651 2155 3705 Grarciam
2201 3650 2507 3717 invaderet,
2552 3665 2652 3707 eos
2697 3649 2961 3715 servavit,
2999 3648 3239 3702 victores
3273 3644 3464 3700 reddi-

1892 3744 1991 3808 dit,
2025 3743 2362 3812 sempiterna
2392 3741 2531 3796 fama
2561 3752 2617 3798 et
2636 3742 2800 3798 laude
2830 3741 3069 3806 ornavit,
3097 3739 3202 3794 nisi
3239 3751 3468 3792 concor-

1891 3837 1999 3901 dia,
2046 3851 2168 3904 pax,
2225 3835 2367 3888 idem
2394 3836 2446 3889 in
2480 3835 2691 3890 hostem
2752 3831 3194 3897 animus?Quod
3239 3830 3283 3885 si
3315 3843 3464 3883 com-

1892 3921 2043 3976 muni
2074 3921 2270 3976 robore
2301 3933 2463 3991 atque
2479 3922 2724 3976 exercitu
2760 3921 2974 3985 hostem
3003 3935 3111 3975 non
3151 3920 3469 3991 propulsas-

1891 4021 2032 4077 sent,
2068 4011 2200 4082 quid
2226 4013 2447 4066 tandem
2477 4011 2852 4081 prohibuisset
2872 4013 3169 4081 quominus
3197 4011 3264 4066 ad
3293 4025 3464 4066 unum

1892 4117 2085 4158 omnes
2114 4103 2260 4158 bello
2289 4103 2564 4173 absumpti
2596 4103 2870 4158 fuissent?
2902 4103 3049 4158 idem
3085 4103 3248 4166 nobis
3278 4101 3464 4162 immi-

1891 4208 2026 4249 nere
2047 4194 2275 4250 ceruitis
2297 4194 2620 4264 periculum,
2644 4194 2789 4252 idem
2813 4195 3062 4260 exitium,
3085 4194 3278 4248 eodem
3302 4193 3469 4254 modo

1891 4299 2081 4340 arcere
2110 4285 2285 4340 hostis
2314 4286 2577 4355 impetum
2615 4285 2849 4352 debetis,
2879 4299 3003 4339 cum
3043 4285 3192 4340 nullo
3214 4284 3322 4338 alio
3343 4299 3469 4355 pose

226 4393 350 4447 ιοεο
403 4393 600 4448 Nestor
649 4395 740 4450 me
781 4395 1124 4458 Homericus,
1168 4397 1261 4467 qui
1315 4397 1784 4466 Agamemnonem
1820 4401 1864 4456 ι)
1893 4378 2034 4435 sitis.
2066 4378 2257 4433 Eidem
2310 4381 2504 4433 morho
2527 4378 2671 4432 idem
2716 4377 3184 4433 medicamentum
3220 4377 3473 4446 apposite

227 4486 430 4540 Achilli
458 4487 755 4544 conciliare
783 4488 1032 4558 cupiens,
1052 4487 1139 4544 his
1159 4487 1346 4545 verbis
1369 4489 1795 4560 sapientissimis

223 4591 364 4633 usus
393 4586 477 4632 εει
506 4596 523 4634 ἒ

300 4713 445 4786 Proh
474 4715 702 4785 Superi!
725 4719 1018 4773 horrendus
1050 4717 1241 4774 Graias
1274 4718 1488 4786 festinat
1513 4721 1567 4773 in
1601 4722 1759 4775 urbes

299 4785 512 4861 λέγεται,
538 4805 687 4857 quem
713 4805 902 4858 magno
926 4787 1196 4857 Priamus,
1222 4785 1527 4861 Priamique
1551 4801 1762 4860 nepotes

307 4851 633 4923 Mercentur,
657 4875 773 4911 cum
800 4851 890 4911 Bos
919 4868 1069 4912 tanta
1099 4851 1408 4913 concurrere
1437 4851 1586 4912 'motu

302 4925 514 5000 [rerum
551 4929 835 4992 audierint,
870 4929 993 5000 duo,
1028 4931 1118 4998 qui
1143 4946 1238 4998 per
1259 4941 1436 4982 castra
1466 4929 1750 5000 Pelasgum

299 4997 535 5068 consilio
558 5007 716 5066 atqu
740 4999 904 5068 armis
929 4998 1102 5054 clavos
1129 4997 1398 5068 superatis
1413 4997 1658 5054 Achivos.

299 5071 369 5118 At
395 5067 546 5126 nobis
578 5077 762 5137 parens
795 5066 972 5124 ambo.

295 5199 418 5254 Non
452 5199 650 5263 dicam,
695 5209 756 5255 ut
784 5199 897 5263 ille,
943 5199 1203 5270 quoniam
1258 5189 1445 5256 senior
1470 5202 1628 5258 vobis
1667 5219 1790 5260 sum

222 5301 278 5347 et
307 5292 459 5362 plura
491 5293 621 5355 vidi,
657 5291 758 5347 sed
774 5292 924 5363 quod
947 5293 1101 5362 plura
1119 5307 1239 5349 sum
1262 5308 1478 5362 passus,
1515 5295 1699 5364 plures
1723 5297 1791 5352 ab

227 5382 385 5436 hoste
415 5381 758 5438 calamitates
778 5383 990 5452 accepi,
1013 5383 1108 5452 qui
1140 5384 1370 5448 amicos,
1399 5396 1672 5454 parentes.
1697 5401 1794 5457 pa-

223 5473 410 5534 triam,
439 5489 561 5545 quae
587 5475 795 5531 homini
836 5475 890 5530 in
921 5476 1033 5531 vita
1069 5475 1468 5546 iucundissima
1502 5486 1653 5540 sunt,
1694 5493 1792 5547 per

224 5565 494 5620 maximos
531 5566 749 5622 dolores
784 5575 841 5623 et
880 5569 1159 5623 cruciatus
1206 5569 1337 5622 mihi
1388 5568 1613 5638 eripuit.
1660 5569 1792 5634 Qua:

229 5659 326 5710 etsi
362 5659 649 5732 prudentia
681 5671 858 5728 vcstra
879 5677 952 5739 ac
990 5662 1264 5731 sapientia,
1293 5661 1476 5718 animo
1497 5663 1786 5731 complecti

1897 4473 2175 4536 convenit,
2204 4469 2350 4539 quod
2381 4469 2514 4525 satis
2558 4469 2782 4538 quidem
2811 4469 3051 4524 vaiidnm
3103 4476 3206 4523 est.
3248 4467 3384 4522 Nam
3419 4468 3470 4534 si

1894 4559 2090 4625 Grmci,
2132 4559 2382 4629 quamvis
2413 4558 2612 4614 Xerxis
2633 4559 2844 4615 viribus
2877 4561 3034 4630 longe
3063 4559 3354 4614 inferiores
3380 4573 3468 4613 ρετ

1895 4661 2039 4716 sent,
2069 4663 2272 4718 tamen,
2309 4653 2606 4707 concordia
2641 4651 2804 4718 duce,
2837 4652 3050 4706 hostem
3091 4661 3464 4721 superarunt;

1895 4740 2028 4812 quid
2069 4739 2287 4794 tandem
2319 4755 2416 4796 vos
2439 4755 2621 4810 agere,
2657 4739 2840 4795 divina
2870 4739 3092 4794 favente
3132 4741 3329 4809 gratia,
3367 4755 3466 4809 po.

1897 4833 2078 4888 teritis
2105 4831 2430 4898 concordes,
2469 4843 2525 4887 et
2554 4832 2943 4887 communibus
2974 4831 3206 4895 viribus,
3243 4833 3336 4900 qui
3367 4833 3468 4886 ho:

1896 4925 2106 4978 minum
2135 4938 2368 4979 numero
2409 4938 2522 4978 non
2559 4925 2867 4994 pauciores,
2907 4924 3118 4978 virtute
3145 4924 3308 4990 longe
3334 4927 3469 4983 estis

1896 5015 2301 5085 praestantiores
2330 5015 2617 5071 hostibus?
2642 5015 2688 5070 0
2726 5016 2770 5070 si
2797 5015 2917 5070 dies
2949 5016 3040 5070 ille
3075 5015 3212 5070 mihi
3276 5017 3470 5070 illnceo

1895 5115 2032 5172 seat,
2063 5123 2196 5176 quo,
2227 5106 2459 5162 aboletis
2489 5109 2834 5177 sepultisque
2865 5109 3009 5163 odiis
3037 5109 3314 5171 omnibus,
3341 5107 3462 5178 pari

1893 5212 2166 5253 consensu
2196 5198 2410 5254 hostem
2435 5200 2859 5268 aggrediamini!
2900 5199 3058 5253 Nulla
3082 5201 3210 5253 mihi
3242 5209 3468 5268 prater-.-

1893 5306 1959 5346 ea
1998 5290 2270 5344 dubitatio
2303 5291 2493 5346 relicta
2540 5299 2624 5346 est
2653 5293 2724 5346 de
2762 5290 2995 5346 victoria
3021 5308 3034 5344 :
3058 5292 3170 5362 jam
3207 5293 3465 5358 vicimus.

1895 5383 2054 5448 Illud,
2102 5396 2314 5451 quaeso.
2363 5382 2564 5436 animis
2601 5382 2798 5437 vestris
2836 5398 3133 5452 parum-per
3165 5387 3464 5456 eoneipite,

1893 5475 2176 5545 principes
2227 5473 2421 5542 opt-imi
2455 5490 2469 5525 :
2507 5474 2970 5543 quemadmodum
3008 5477 3060 5528 in
3097 5477 3220 5529 navi
3266 5476 3466 5532 seditio

1893 5578 2034 5633 orta,
2078 5565 2544 5636 perniciosissima
2578 5575 2681 5629 est,
2719 5566 2793 5620 ita
2833 5582 2954 5623 esse
2997 5567 3051 5622 in
3088 5569 3345 5635 civitate;
3378 5579 3457 5637 et,

1895 5673 1953 5716 ut
1987 5660 2040 5714 in
2063 5660 2281 5715 civitate
2315 5659 2497 5730 gravis
2524 5669 2628 5723 cst,
2654 5659 2727 5713 ita
2755 5659 2806 5712 in
2828 5659 3111 5730 provincia
3166 5663 3336 5729 multo
3366 5677 3454 5733 pe.
