3880 6220
290 295 408 374 ea;

1234 307 1734 368 BESSARIONIS
1775 307 1838 368 S.
1871 307 1946 368 Β.
1986 309 2054 371 Ε.
2098 310 2565 371 CARDINALIS

3447 305 3563 368 664

297 419 681 476 stilent’orem.
714 416 849 472 Nam
873 431 984 486 quo
1003 417 1188 486 plures
1217 426 1368 480 sunt.
1399 433 1463 470 eo
1497 418 1660 471 latius
1695 417 1868 472 morbi
1901 419 1940 477 Α
1972 425 2275 491 gerentur?
2317 425 2538 479 Minime
2572 441 2586 478 :
2618 421 2890 493 siquidem
2949 420 3038 475 his
3072 418 3235 474 etiam
3295 417 3567 472 remediis

299 510 554 580 contagio
591 511 881 579 serpit,‘co
905 507 1175 562 dithcilior
1208 517 1288 563 est
1312 510 1546 563 curatio.
1577 510 1652 564 Ac
1675 526 1867 579 quem-

299 597 600 652 admodum
656 596 932 651 exercitus
979 595 1170 651 ordine
1204 596 1547 666 militumque
1606 597 1867 652 obedien-

304 691 375 743 tia
411 687 746 750 continetur,
803 700 924 754 quae
961 686 1064 740 nisi
1097 686 1302 754 adsint,
1333 685 1400 740 ad
1436 687 1870 741 internecionem

301 780 482 832 omnia
511 785 776 845 pereunt;
811 777 886 831 ita
914 776 966 830 in
988 779 1267 846 provincia
1297 789 1520 833 mutuus
1569 793 1874 834 consensus

305 865 767 921 etbenevolentia
800 866 1108 922 necessaria
1159 876 1241 922 est
1274 867 1417 921 inter
1449 884 1543 922 eos
1571 869 1873 938 przrsertim

303 957 394 1024 qui
447 956 785 1025 potentiores
813 965 939 1010 sunt
973 975 987 1011 :
1022 972 1128 1026 qua
1177 973 1236 1011 re
1278 959 1512 1023 sublata,
1555 959 1711 1028 prius
1764 958 1880 1012 suis

303 1049 517 1103 viribus
548 1048 940 1113 coniiciuntur,
970 1067 1132 1120 quam
1164 1052 1430 1106 externis.
1459 1050 1752 1106 lnsidiatur
1772 1050 1881 1104 dis-

305 1139 515 1201 cordia,
562 1139 709 1194 vires
744 1150 1026 1206 extenuat,
1050 1153 1106 1197 et
1138 1143 1351 1196 occulta
1401 1141 1636 1212 quadam
1663 1142 1882 1210 argritu-

306 1232 436 1286 dine
473 1233 702 1302 imperia
741 1232 1020 1300 absumit;
1049 1244 1216 1303 atque
1254 1234 1324 1288 ob
1351 1249 1472 1288 eam
1501 1248 1721 1288 causam
1769 1232 1884 1287 dis-

311 1323 556 1378 cordiam
585 1325 764 1392 inquit
808 1323 898 1379 ille
934 1340 1209 1378 Venenum
1244 1339 1364 1378 esse
1393 1323 1580 1377 datum
1614 1323 1881 1390 imperiis,

309 1429 379 1468 ne
430 1413 758 1469 immortalia
809 1415 1008 1470 forent.
1042 1415 1256 1470 Etenim
1286 1414 1512 1486 perinde
1551 1429 1615 1468 ac
1644 1413 1890 1484 phthisis

312 1503 517 1557 sensim
545 1504 788 1567 coniicit,
823 1519 1002 1573 neque
1030 1505 1188 1574 prius
1238 1505 1458 1559 desistit
1491 1518 1655 1574 quam
1705 1500 1891 1572 profli-

313 1604 497 1665 gatum
532 1610 735 1666 corpus
777 1595 1056 1652 everterit.
1091 1598 1210 1652 Non
1249 1607 1336 1652 est
1359 1597 1804 1651 contendendum
1835 1601 1895 1646 ut

316 1691 660 1744 necessarios
687 1698 742 1743 et
765 1692 956 1744 eodem
981 1691 1122 1744 ccelo
1144 1689 1406 1743 educatos
1429 1688 1678 1743 homines
1701 1701 1895 1756 perpe-

1972 513 2256 581 adhibitis,
2291 515 2430 569 eilici
2488 530 2595 568 non
2629 521 2808 583 potest
2835 511 2968 581 quin
2997 511 3282 564 solvantur
3306 518 3364 563 et
3388 510 3568 562 inter-

1971 611 2119 658 eant.
2181 603 2656 670 Quemadmodum
2707 602 2990 672 graviores
3033 598 3210 653 morbi
3275 607 3409 652 sunt
3444 612 3568 665 qua

1977 693 2293 748 interiorem
2347 694 2593 764 corporis
2637 705 2848 762 partem
2890 699 3214 762 grassantur
3247 699 3304 743 et
3345 698 3561 746 vexant.

1979 783 2051 836 ita
2084 784 2283 840 seditio
2318 798 2509 854 aperto
2531 785 2674 840 bello
2709 785 2963 840 acerbior
3003 791 3106 838 est.
3128 781 3264 836 Nam
3300 780 3357 833 in
3397 779 3559 834 altero

1978 875 2164 928 hostes
2217 876 2375 930 nobis
2433 876 2535 946 ipsi
2584 893 2811 938 sumus;
2883 877 2936 929 in
2980 875 3156 928 altero
3187 888 3288 926 nos
3329 883 3559 926 tuemur.

1981 964 2127 1019 Nulli
2173 982 2410 1034 unquam
2463 982 2691 1022 suorum
2740 966 2916 1022 credes
2944 964 3175 1036 profuit,
3219 963 3430 1032 quibus
3473 977 3568 1028 pe-

1995 1059 2304 1124 reuntibus,
2338 1059 2386 1112 ei
2423 1059 2645 1126 gravius
2677 1069 3034 1128 comparatur
3080 1055 3411 1125 periculum.
3434 1053 3571 1106 Nam

1983 1147 2146 1201 simul
2188 1162 2252 1200 ac
2289 1147 2506 1201 illorum
2533 1148 2818 1217 ncgligunt
2846 1147 3104 1210 salutem,
3136 1161 3291 1200 suam
3320 1143 3577 1198 hostibus

1990 1238 2264 1307 produnt;
2312 1238 2570 1310 idemque
2617 1238 2686 1293 iis
2723 1237 2947 1303 accidit,
2999 1237 3144 1307 quod
3185 1236 3394 1291 homini
3447 1250 3578 1288 eve-

1989 1327 2108 1380 nire
2141 1327 2297 1391 solet,
2335 1327 2494 1395 cujus
2555 1328 2866 1382 membrum
2915 1327 3044 1382 dum
3082 1326 3346 1396 phagtena
3401 1324 3577 1380 confi-

1990 1415 2088 1471 cit.
2130 1413 2182 1468 id
2218 1415 2472 1486 negligit,
2499 1425 2797 1486 speratque
2844 1416 3119 1486 reliquum
3157 1432 3359 1486 corpus
3393 1427 3574 1468 tutum

1993 1503 2110 1557 fore
2145 1512 2308 1572 atque
2339 1503 2648 1571 incolume;
2685 1506 3012 1575 tandemque
3047 1505 3249 1559 sensim
3289 1515 3440 1558 totus
3471 1505 3578 1558 ah-

1995 1593 2231 1648 sumitur
2264 1614 2276 1649 :
2312 1604 2424 1648 tum
2455 1595 2674 1651 demum
2713 1599 2872 1668 plane
2926 1598 3181 1667 intelligit
3204 1597 3257 1652 id
3284 1613 3393 1651 non
3431 1597 3580 1650 futu-

1999 1702 2122 1740 rutn
2161 1687 2353 1752 fuisse,
2409 1690 2453 1743 si
2503 1689 2664 1746 initio
2713 1692 2967 1746 morbum
3015 1703 3282 1748 curasset.
3329 1692 3498 1757 Quid,
3529 1702 3580 1745 te

317 1789 412 1832 tuo
443 1779 585 1832 bello
615 1779 971 1834 insectemur.
1003 1780 1138 1834 Nam
1171 1779 1263 1849 qui
1291 1779 1574 1848 sapienter
1611 1793 1721 1833 sua:
1745 1777 1909 1832 saluti
1944 1781 1983 1835 Β
2013 1777 2279 1843 obsecro,
2337 1796 2532 1836 manus
2577 1781 2824 1850 geminas
2885 1793 3077 1837 natura
3131 1783 3292 1836 nobis
3341 1781 3582 1836 tribuit?

319 1871 634 1935 consulunt,
660 1870 846 1925 hostes
878 1870 1096 1939 quidem
1130 1885 1350 1938 semper
1371 1871 1592 1925 vincere
1621 1870 1895 1936 nituntur,

323 1962 442 2015 suis
471 1977 600 2016 vero
641 1976 1036 2030 nonnunquam
1071 1970 1323 2030 parcunt,
1358 1961 1677 2031 tnaluntque
1731 1961 1900 2016 inter-

321 2053 450 2106 dum
476 2055 722 2122 superari
745 2069 908 2124 quam
931 2069 1210 2124 superare.
1232 2055 1420 2125 Neque
1442 2054 1587 2109 enim
1617 2055 1796 2109 omnis
1823 2055 1900 2108 vi-

322 2147 493 2199 ctoria
529 2145 676 2200 utilis
707 2155 809 2214 est,
859 2157 952 2201 aut
982 2163 1012 2202 a
1044 2148 1159 2202 Deo
1207 2151 1472 2214 profecta.
1514 2146 1788 2216 Fugienda
1821 2156 1903 2200 est

321 2238 561 2294 Cadmea
591 2239 842 2304 victoria,
879 2249 954 2304 et,
989 2250 1049 2294 ut
1085 2241 1326 2310 tragicus
1359 2240 1449 2294 ille
1476 2238 1674 2309 inqui‘t,
1697 2236 1904 2291 Amicis

323 2330 705 2397 dotninabere,
730 2331 774 2385 si
807 2339 1017 2386 tantum
1050 2347 1158 2386 non
1199 2333 1396 2387 viceris
1425 2339 1690 2401 quantum
1715 2329 1904 2384 voluc-

324 2421 436 2486 ris;
482 2422 693 2486 amicis,
740 2421 985 2492 inquam,
1043 2422 1364 2492 imperabis,
1396 2435 1559 2491 quant
1609 2419 1676 2473 ab
1718 2417 1906 2472 amicis

322 2514 578 2568 vinceris.
633 2515 709 2568 Ac
746 2514 1161 2578 Demosthenes,
1191 2514 1365 2578 Tunc,
1420 2513 1619 2584 inquit,
1643 2512 1904 2582 praeclara

324 2605 582 2670 victoria,
623 2620 747 2660 cum
789 2615 884 2660 aut
924 2605 1019 2660 filii
1074 2605 1422 2676 parentibus,
1469 2616 1564 2660 aut
1596 2605 1745 2659 cives
1770 2603 1907 2658 civi-

329 2698 434 2751 bus
457 2696 694 2752 libenter
721 2697 946 2752 cedunt.
979 2698 1058 2751 An
1088 2713 1218 2751 vero
1252 2697 1308 2750 in
1338 2696 1556 2750 urbium
1599 2695 1910 2751 obsidioni-

329 2789 433 2844 bus
460 2789 827 2858 perniciosum
851 2789 1133 2860 iudicatis,
1172 2788 1217 2844 si
1259 2787 1517 2843 custodes
1547 2789 1690 2843 inter
1719 2803 1775 2842 se
1797 2789 1912 2844 dis-

329 2881 546 2936 sideant
575 2883 598 2934 ?
635 2883 776 2936 inter
810 2882 961 2936 cives
989 2890 1198 2944 autem,
1233 2882 1318 2936 vel
1349 2883 1402 2936 in
1437 2880 1732 2948 provinciis
1765 2880 1912 2935 sedi-

333 2976 536 3028 tionem
575 2975 764 3028 utilem
797 2973 912 3028 fore
947 2974 1191 3043 putatis?
1223 2989 1347 3029 cum
1375 2974 1424 3029 in
1455 2973 1703 3029 diversas
1729 2984 1912 3043 partes

335 3067 467 3132 itur,
515 3083 640 3121 cum
689 3067 1008 3136 opinionum
1057 3067 1322 3123 varietate
1353 3068 1730 3130 contenditur,
1785 3081 1910 3120 cum

336 3159 719 3228 unusquisque
769 3173 921 3212 suam
984 3158 1314 3213 sententiam
1362 3157 1538 3227 pluris
1577 3156 1704 3211 facit
1747 3169 1910 3224 quam

335 3253 592 3305 salutem.
629 3249 1014 3306 Contentionis
1035 3251 1146 3306 duo
1172 3263 1372 3321 genera
1415 3248 1582 3303 tradit
1617 3246 1909 3313 Hesiodus,

337 3346 569 3400 alterum
603 3345 873 3414 Optimum
897 3359 1022 3399 cum
1051 3343 1326 3415 quispiam
1360 3341 1584 3396 alterius
1608 3339 1914 3394 imitatione

340 3437 612 3491 adductus
638 3444 786 3491 recte
812 3433 945 3505 agit;
976 3434 1210 3488 alterum
1233 3430 1673 3493 inimicitiarum,
1707 3428 1916 3482 discor-

342 3530 466 3596 diae,
519 3527 788 3582 bellorum
847 3525 1230 3585 seminarium,
1263 3538 1427 3593 quam
1459 3535 1682 3591 pravam
1736 3518 1915 3573 infeli-

344 3635 575 3690 cemque
600 3619 862 3688 appellat,
893 3617 962 3669 de
989 3630 1098 3684 qua
1132 3614 1406 3669 Homerus
1442 3629 1459 3667 :

419 3725 692 3792 Principio
720 3728 1023 3792 parvaiest;
1059 3729 1256 3792 terrent
1287 3718 1378 3772 sed
1400 3719 1638 3792 protinus
1671 3717 1790 3792 imis

417 3789 742 3865 Contingens
768 3791 1004 3862 pedibus,
1039 3798 1195 3857 caput
1223 3790 1362 3842 inter
1387 3789 1565 3842 nubila
1591 3789 1786 3841 condit.

343 3903 504 3960 Prior
554 3898 834 3971 sequenda
891 3905 974 3953 est
999 3937 1013 3964 ,
1045 3897 1218 3952 altera
1255 3895 1473 3965 penitus
1497 3893 1754 3964 fugienda
1785 3910 1798 3947 :
1833 3893 1923 3948 illa

349 3997 585 4052 maxime
611 3993 788 4063 utilis,
822 3990 939 4044 haec
962 3988 1256 4044 admodum
1283 3987 1608 4058 perniciosa.
1628 3985 1743 4040 Non
1767 3984 1925 4040 decet

349 4104 449 4144 nos
473 4085 719 4158 profecto
745 4097 843 4153 pro
866 4081 1107 4152 ingenio,
1133 4078 1469 4139 eruditione,
1502 4075 1792 4145 sapientia,
1817 4091 1924 4146 qua

351 4198 454 4237 nos
514 4181 659 4234 Deus
685 4177 925 4239 ornavit,
961 4176 1161 4230 omissa
1193 4172 1442 4236 meliore,
1485 4169 1638 4239 sequi
1659 4169 1922 4239 pejorem.

351 4271 674 4344 Ahjicienda
706 4279 813 4333 est,
845 4266 1083 4323 tollenda
1110 4264 1178 4319 de
1216 4262 1397 4317 medio
1424 4279 1437 4326 ;
1477 4275 1579 4330 pax
1614 4267 1672 4314 et
1692 4275 1927 4315 concor-

351 4367 441 4421 dia
477 4364 694 4436 publice
725 4358 984 4416 ineunda.
1013 4355 1170 4424 Quod
1202 4353 1248 4410 si
1276 4365 1358 4408 est
1388 4351 1925 4416 contendendum,in

2000 1873 2130 1944 quid
2168 1873 2416 1944 geminos
2451 1873 2686 1929 oculos?
2714 1875 2846 1940 quid
2897 1874 3036 1931 duos
3079 1874 3283 1945 pedes?
3307 1875 3579 1929 Nimirum

2002 1977 2063 2022 ut
2105 1977 2294 2022 mutuo
2343 1975 2600 2020 constent
2644 1967 2866 2021 auxilio.
2893 1967 3084 2021 Manus
3139 1983 3364 2021 manum
3402 1968 3577 2031 lavat;

2004 2076 2104 2131 pes
2144 2059 2337 2129 pedem
2372 2066 2682 2122 sustentat;
2721 2058 2940 2113 sinistra
2972 2057 3180 2112 dextris
3206 2058 3490 2118 levantur,
3528 2065 3584 2110 et

2005 2153 2193 2206 dextra
2224 2151 2475 2204 levantur
2507 2147 2780 2202 sinistris:
2819 2148 2969 2202 illinc
3010 2158 3193 2202 motus
3217 2147 3574 2215 principium,

2007 2245 2139 2298 hinc
2179 2256 2346 2295 onera
2378 2239 2736 2310 suscipimus.
2773 2239 2901 2294 Plus
2937 2238 3154 2309 gemina
3185 2237 3296 2291 haec
3337 2236 3587 2291 membra

2005 2336 2286 2400 efﬁciunt;
2320 2349 2444 2388 nam
2467 2333 2640 2387 altero
2672 2340 2966 2402 occupato,
2996 2331 3063 2386 ab
3089 2330 3260 2384 altero
3293 2344 3591 2383 commune

2010 2435 2309 2496 prastatur
2331 2422 2616 2478 ‘ofiicium.
2669 2421 2780 2477 Cur
2824 2437 2931 2476 non
2969 2421 3255 2490 sequimur
3305 2431 3590 2483 naturam,

2010 2517 2206 2571 ducem
2245 2514 2506 2584 optimam
2539 2522 2594 2567 et
2621 2513 2982 2583 magistratu?
3011 2523 3069 2567 ut
3093 2512 3185 2566 ille
3225 2511 3424 2581 inquit.
3454 2511 3590 2565 Nam

2011 2607 2156 2678 quod
2192 2608 2328 2662 alter
2361 2607 2674 2677 perspicere
2698 2620 2808 2659 non
2841 2613 3044 2675 potest,
3081 2605 3235 2658 alteri
3266 2604 3321 2658 itt
3347 2615 3589 2658 mentem

2012 2698 2218 2760 veniet,
2255 2713 2319 2752 ac
2369 2707 2560 2750 mutuo
2595 2695 2801 2750 auxilio
2835 2695 3178 2766 propositum
3227 2693 3388 2748 linem
3421 2694 3592 2748 attin-

2013 2799 2161 2860 gent.
2201 2809 2220 2842 ι
2251 2790 2424 2856 Quam
2458 2789 2663 2844 bonum
2691 2800 2747 2844 et
2781 2806 2944 2860 quam
2975 2789 3283 2859 jucundum
3307 2799 3392 2845 est
3431 2789 3596 2843 habi-

2014 2893 2129 2936 tare
2177 2881 2376 2935 fratres
2429 2880 2483 2934 in
2541 2896 2742 2946 unum;
2781 2897 2800 2931 ι
2850 2892 2909 2934 ut
2935 2880 3211 2950 Propheta
3257 2879 3460 2949 inquit,
3497 2879 3593 2948 qui

2015 2977 2312 3031 multarum
2377 2989 2562 3030 rerum
2621 2976 2870 3045 variique
2931 2985 3164 3030 eventus
3220 2974 3598 3044 peritissimus

1939 3108 1984 3166 C
2018 3072 2142 3130 fuit,
2171 3071 2264 3140 qui
2287 3069 2472 3125 furore
2492 3070 2680 3125 divino
2703 3069 2978 3134 concitus,
3005 3070 3254 3124 homines
3276 3070 3342 3123 ad
3367 3082 3596 3124 concor-

2019 3162 2167 3218 diam
2203 3171 2486 3232 provocat.
2519 3160 2674 3228 Quod
2705 3177 2773 3216 ne
2809 3175 3019 3220 temere
3059 3172 3394 3232 praeceptum
3437 3160 3598 3215 vitle-

2017 3264 2190 3320 retur,
2231 3254 2470 3320 illiqait:
2499 3273 2518 3305 ι
2546 3253 2836 3309 Mandavit
2867 3255 3132 3310 Dominus
3152 3253 3598 3309 benedictionem

2016 3352 2071 3397 et
2100 3343 2264 3397 vitam
2295 3343 2541 3412 usquein
2579 3343 2866 3400 saeculum.
2901 3362 2919 3396 ›
2952 3341 3126 3398 Porro
3149 3343 3270 3414 ejus
3301 3342 3448 3397 ﬁlius
3466 3357 3602 3406 pru-

2017 3435 2202 3490 dentia
2232 3435 2510 3505 praeditus,
2536 3445 2596 3490 ttt
2619 3451 2719 3490 nos
2753 3451 2782 3490 a
2819 3435 3094 3490 discordia
3140 3435 3436 3499 deterreat,
3460 3434 3600 3489 Cum

2019 3542 2184 3592 unus,
2210 3527 2412 3596 inquit,
2461 3528 2716 3592 aedificat,
2779 3536 2836 3582 et
2897 3526 3403 3582 alter‘demolitur.
3467 3526 3600 3596 quid

2019 3619 2166 3673 aliud
2188 3627 2374 3689 agunt,
2404 3619 2507 3674 nisi
2537 3618 2738 3675 frustra
2762 3618 3057 3674 laborent?
3077 3617 3274 3689 Cyrus,
3308 3618 3601 3672 Persarum

2021 3727 2116 3765 rex
2176 3711 2610 3780 potentissimus,
2639 3727 2762 3766 cum
2794 3728 2824 3767 e
2855 3711 2966 3766 vita
3002 3711 3316 3775 excederet,
3347 3709 3477 3763 filiis
3517 3725 3606 3762 ac-

2021 3802 2258 3860 cersitis.
2287 3811 2344 3858 et
2387 3803 2620 3871 imperio
2675 3803 2757 3858 eis
2801 3803 2999 3862 diviso.
3035 3802 3283 3869 longiore
3340 3801 3598 3856 oratione

2030 3892 2172 3958 apud
2198 3891 2648 3962 XenOphontem,
2677 3901 2908 3946 cunctos
2935 3891 3002 3946 ad
3035 3891 3197 3946 ﬁdem
3230 3903 3504 3956 mutuam,
3538 3890 3607 3944 ad

2027 3981 2376 4047 charitatcm,
2399 3982 2464 4036 ad
2498 3982 2847 4037 concordiam
2885 3982 3138 4036 hortatus
3184 3991 3289 4046 est,
3336 3981 3610 4050 planeque

2028 4074 2427 4128 demonstravit
2457 4088 2554 4130 eos
2600 4074 2880 4144 dispersos
2945 4088 3010 4128 ac
3048 4073 3391 4128 dissidentes
3431 4087 3612 4139 neque

2031 4164 2361 4234 reipublicm
2413 4165 2758 4235 profuturos,
2809 4179 2988 4235 neque
3037 4163 3142 4218 sibi
3187 4162 3448 4232 praesidio
3489 4177 3614 4216 esse

2033 4271 2218 4328 posse.
2253 4256 2306 4311 ld
2357 4268 2540 4310 autem
2583 4273 2760 4327 usque
2791 4255 2931 4310 adeo
2962 4271 3156 4310 verum
3188 4253 3457 4324 facileque
3485 4269 3616 4324 per-

2036 4359 2289 4422 spectum
2343 4350 2720 4405 arbitrabatur
2753 4349 2837 4404 vir
2863 4350 3027 4419 longo
3068 4362 3252 4402 rerum
3285 4361 3409 4406 usu,
3443 4345 3618 4399 maxi-

354 4479 422 4516 eo
462 4459 619 4514 vobis
657 4457 876 4512 demum
949 4461 1229 4508 certamen
1267 4445 1703 4519 pulcherrimum
1742 4453 1796 4499 ct
1827 4445 1935 4515 glo-
1970 4446 2016 4514 ι)
2048 4448 2152 4502 mis
2183 4443 2473 4517 periculis,
2504 4443 2713 4512 ingenti
2764 4443 2998 4497 fortunae
3029 4439 3293 4494 varietate
3325 4440 3620 4508 sapientis-

353 4558 560 4610 riosutn
597 4548 936 4622 propositum
966 4552 1072 4607 est,
1095 4542 1222 4614 quis
1254 4552 1497 4596 vestrum
1524 4540 1736 4608 primus
1768 4552 1825 4591 sc
1849 4537 1929 4605 ip-

355 4663 476 4703 sum
508 4646 726 4708 vincat;
754 4641 877 4711 quis
909 4640 1121 4704 primus
1151 4634 1218 4690 ad
1239 4630 1588 4689 concordiam
1622 4627 1928 4699 perveniat;

354 4745 481 4815 quis
506 4741 663 4812 plura
693 4745 750 4790 et
777 4732 952 4804 magis
974 4727 1190 4802 egregia
1218 4725 1463 4781 facinora
1496 4723 1550 4777 in
1584 4733 1932 4778 communem

358 4811 597 4894 salutem
637 4828 907 4886 conferat.
945 4823 1068 4878 [hec
1100 4830 1186 4876 est
1216 4819 1376 4888 plena
1411 4815 1597 4872 laudis
1628 4811 1929 4873 contentio;

361 4931 481 4986 haec
510 4944 540 4982 a
576 4927 686 4980 Deo
714 4919 1036 4976 hominibus
1066 4914 1216 4970 data.
1244 4909 1385 4978 Quid
1417 4917 1523 4974 est,
1556 4905 1704 4978 quod
1736 4910 1936 4959 cuncta

359 5017 684 5078 contineat?
720 5010 1044 5068 Harmonia.
1068 5005 1209 5075 Quid
1236 5012 1346 5067 est,
1372 5000 1521 5073 quod
1555 5005 1754 5055 cuncta
1778 5007 1938 5049 exoro

362 5113 499 5170 net?
529 5109 907 5168 Concinttitas.
931 5101 1142 5158 Cwlum
1178 5098 1284 5152 hoc
1314 5093 1692 5166 quodcunque
1751 5085 1937 5142 cerni-

367 5219 512 5267 mus,
544 5200 772 5270 sphaeras
792 5193 1094 5252 stellarum,
1120 5191 1296 5260 spatia
1322 5185 1588 5246 siderum,
1616 5194 1800 5235 rerum
1825 5193 1942 5232 om-

369 5296 520 5350 nium
553 5293 820 5346 elementa
854 5296 911 5342 et
945 5283 1123 5349 initia,
1160 5280 1312 5336 nulla
1344 5276 1450 5331 alia
1482 5290 1540 5330 re
1570 5273 1677 5326 nisi
1710 5285 1943 5326 concor-

371 5391 460 5442 (tia
498 5392 775 5442 constant.
800 5379 916 5436 Nisi
948 5378 1149 5433 divina:
1165 5369 1521 5444 providentiae
1551 5369 1703 5438 leges
1733 5381 1794 5419 ea
1822 5373 1945 5418 tuc-

365 5491 590 5544 rentur,
637 5493 749 5532 non
789 5473 1186 5536 consisterent,
1244 5466 1339 5523 sed
1386 5463 1854 5520 labefactarentur
1883 5471 1948 5513 ac

373 5580 620 5630 ruerent.
653 5571 766 5626 Res
789 5567 922 5624 vero
948 5565 1239 5624 humanas,
1279 5574 1401 5629 quae
1430 5556 1587 5611 fluxte
1619 5552 1950 5618 caducaeque

377 5676 527 5734 sunt,
544 5675 605 5722 et
636 5680 784 5719 metu
806 5671 1074 5732 perpetuo
1095 5657 1568 5724 circumaguntur,
1587 5655 1747 5718 putas
1766 5643 1947 5699 cohae-

381 5775 506 5815 rere
538 5772 719 5828 posse,
755 5755 860 5810 nisi
898 5763 1172 5818 mensura,
1221 5743 1488 5818 pondere,
1520 5735 1820 5796 concordia
1861 5751 1950 5793 re-

2035 4541 2230 4605 simus,
2293 4546 2352 4591 ut
2384 4537 2691 4592 rationibus
2745 4533 3114 4606 apertissimis
3159 4547 3268 4586 non
3299 4541 3618 4598 contentus,

2032 4630 2209 4685 oculis
2283 4629 2450 4682 etiam
2535 4629 2787 4698 exemplo
2853 4629 3090 4698 quodam
3162 4628 3438 4698 subjicere
3502 4635 3622 4677 ten-

2037 4721 2264 4776 tavcrit.
2321 4719 2507 4788 Itaque
2544 4719 2842 4789 virgarum,
2906 4729 2968 4775 ut
3025 4722 3228 4785 ferunt,
3275 4714 3620 4786 manipulum

2035 4814 2222 4872 afferri
2275 4813 2461 4886 jussit,
2499 4827 2561 4867 ac
2605 4813 2836 4882 singulis
2891 4813 3182 4881 imperavit
3229 4819 3290 4866 ttt
3333 4822 3461 4863 eum
3513 4818 3624 4858 uno

2040 4913 2247 4982 impetu
2310 4907 2740 4977 confringerent,
2809 4905 2857 4960 si
2898 4915 3143 4976 possunt.
3183 4903 3242 4958 Id
3300 4915 3426 4956 cum
3481 4912 3623 4968 ιιι-εει

2037 5011 2185 5059 stare
2241 5002 2454 5058 valeret
2523 5012 2708 5063 nemo,
2749 5003 2865 5050 tum
2936 4995 3180 5066 singulas
3274 4991 3626 5064 perfringen-

2040 5093 2140 5148 das
2165 5091 2355 5156 dedit;
2388 5103 2530 5159 quas
2583 5100 2710 5141 cum
2757 5085 2956 5156 singuli
3001 5083 3154 5138 nullo
3178 5083 3365 5137 labore
3389 5079 3627 5134 contiee-

2043 5199 2189 5240 ren:
2245 5185 2326 5236 An
2400 5193 2530 5234 vero
2587 5174 2834 5242 cernitis,
2898 5174 3095 5245 inquit,
3157 5172 3299 5228 idem
3351 5171 3407 5226 in
3468 5167 3624 5224 vobis

2045 5275 2314 5336 futurum,
2372 5278 2432 5325 ut
2483 5276 2671 5324 mutua
2717 5281 2849 5336 pace
2911 5265 3198 5320 devinctos
3247 5261 3431 5317 nullus
3453 5273 3630 5327 expu-

2046 5379 2212 5434 gnare
2243 5362 2440 5427 valeat,
2473 5359 2616 5415 odiis
2671 5373 2802 5413 vero
2840 5358 3117 5429 sejunctas
3164 5369 3424 5426 Superare
3458 5351 3630 5422 possit

2047 5457 2142 5526 qui
2191 5452 2361 5508 velit?
2403 5451 2584 5517 Quare
2631 5448 2725 5520 qui
2758 5463 2856 5504 vos
2893 5447 2960 5502 ad
3013 5446 3384 5510 concordiam,
3431 5438 3630 5513 optimi

2049 5545 2218 5601 Italiae
2243 5541 2542 5615 principes,
2577 5540 2974 5608 bortatttr,vos
3007 5538 3074 5594 ad
3111 5547 3348 5593 vestram
3376 5534 3634 5590 hortatur

2054 5639 2310 5700 salutem,
2333 5633 2399 5689 ad
2421 5632 2671 5704 gloriam,
2702 5632 2771 5685 ad
2801 5629 3109 5700 triumphos
3127 5628 3194 5684 de
3227 5627 3382 5682 hoste
3434 5639 3633 5696 tepor;

2058 5727 2268 5787 taudos.
2295 5721 2425 5782 Nam
2457 5721 2588 5794 quid
2617 5729 2795 5781 vestra
2833 5719 3075 5792 exposcit
3104 5716 3352 5776 utilitas?
3396 5714 3640 5772 Concor-
