3880 6220
220 317 333 379 ὂίῑὸ

1274 315 1604 377 ΟΗᾹΤΙΟΝ
1617 316 1700 375 ES
1735 315 2032 376 CONTRA
2073 311 2389 374 TUIiCAS.

3379 314 3483 367 ωδ

218 433 396 486 diam.
433 429 576 498 Quid
609 439 791 485 vestra
819 432 938 486 laus
967 446 1030 486 ac
1063 431 1301 502 dignitas
1344 432 1621 499 postulat?
1661 430 1809 486 Con~
1838 441 1882 493 Α
1915 438 2150 498 pugnata
2210 428 2336 490 fide,
2383 424 2540 479 caesis
2595 421 2929 477 Christianis
2984 419 3324 484 hominibus,
3389 420 3480 487 Dei

219 523 492 578 eordiam.
511 523 876 577 Concordiam
901 525 1066 593 igitur
1083 536 1141 578 et
1167 539 1352 594 pacem
1380 538 1465 574 am
1477 521 1807 591 plectimini,

220 616 517 685 suscipite,
554 615 742 680 colite,
782 627 841 668 ut
876 632 973 684 per
997 631 1115 670 eam
1151 626 1346 671 nmtuo
1387 630 1663 670 consensu
1698 615 1811 667 for-

225 711 424 774 tiores,
461 709 717 776 belloque
759 709 812 761 in
862 711 1079 763 hostem
1130 717 1451 778 coniparato
1496 706 1809 761 cervicibus

220 797 434 853 nostris
481 796 861 852 imminentem
930 798 1196 868 impetum
1256 797 1665 866 propulsemus,
1712 794 1810 848 lio-

224 901 371 944 stem
419 887 765 941 teterrimum
813 899 1127 943 nostrorum
1155 887 1422 958 sanguine
1463 895 1806 940 cruentatum

222 981 584 1041 ulciscamur,
627 980 796 1036 Italiae
840 981 1243 1050 aniplilicetnus
1287 979 1636 1048 dignitatem.
1689 977 1805 1031 lloc

222 1075 373 1124 enim
401 1071 545 1124 bello
579 1071 790 1124 nullum
829 1087 1072 1141 unquam
1107 1073 1334 1140 justius,
1366 1079 1462 1122 aut
1497 1069 1673 1138 magis
1709 1083 1806 1121 nec

220 1167 480 1232 eessariq
500 1173 720 1232 gestum
760 1173 868 1227 est,
894 1170 991 1216 aut
1020 1161 1327 1216 faciliorem
1358 1160 1806 1230 apertioremqne

220 1256 466 1309 ostendit
493 1255 801 1308 victoriam.
851 1251 987 1306 Nam
1019 1252 1151 1320 quid
1183 1252 1418 1319 sequius,
1447 1247 1653 1319 quidve
1685 1262 1801 1300 ina-

221 1349 308 1418 gis
343 1348 520 1416 piem,
546 1361 710 1414 quam
749 1355 1061 1399 nostrorum
1084 1344 1403 1413 sanguinem
1436 1357 1535 1411 per
1561 1338 1806 1394 infinitas

222 1441 498 1508 lacrymas
525 1447 580 1491 et
601 1445 874 1489 tormenta
895 1437 1128 1489 ell'usum
1155 1434 1342 1487 ulcisci
1366 1432 1389 1484 ?
1422 1433 1560 1498 Quid
1586 1429 1804 1484 nefandi

226 1533 481 1584 homines
514 1531 568 1582 in
613 1543 811 1582 nomen
847 1536 1103 1581 nostrum
1133 1524 1622 1595 'prmtermiserunt
1649 1523 1804 1592 igno-

227 1621 438 1684 minim,
474 1619 714 1689 injuriae,
746 1619 1050 1678 cruciatus.
1077 1618 1272 1672 necis?
1305 1615 1533 1685 Templa
1565 1614 1804 1668 sanctis-

223 1713 367 1768 sima
404 1696 500 1779 per
529 1725 794 1764 summam
819 1709 1161 1778 impietatem
1193 1710 1510 1776 polluerunt
1540 1725 1554 1761 :
1583 1716 1802 1761 sanctoo

1910 521 2083 576 nostri
2114 521 2398 590 majestate
2423 517 2647 581 violata,
2685 533 2792 570 non
2823 515 3128 570 delebimus
3150 513 3174 566 Ἰ
3195 528 3302 568 non
3345 528 3490 567 com-

1909 613 2227 682 parabimus
2266 610 2518 664 bellum?
2547 624 2654 661 non
2685 623 2970 661 sumemus
2999 606 3066 661 de
3101 608 3256 660 hoste
3282 605 3492 674 suppli-

1909 704 2101 759 cium?
2130 700 2424 772 Nunquam
2463 701 2733 768 profecto,
2761 711 2852 754 aut
2882 699 3115 768 publica!
3139 713 3369 751 suorum
3409 697 3491 750 iii-

1905 797 2088 865 jttrim,
2139 807 2230 848 aut
2284 795 2512 863 private
2560 793 2754 846 salutis
2803 796 2944 845 ratio
2977 791 3182 860 majore
3226 790 3490 858 aequitate

1908 887 2079 940 suasit
2107 902 2258 939 arma
2295 886 2348 939 in
2378 886 2592 938 hostem
2629 886 2920 938 movenda.

1979 978 2123 1033 Satis
2171 979 2281 1033 dixi
2312 978 2380 1032 de
2407 993 2606 1047 genere
2654 977 2781 1032 belli
2819 977 3208 1047 qnamjustnm
3239 977 3313 1030 sit
3348 993 3362 1028 :
3393 975 3480 1028 di-

1905 1085 2024 1125 cam
2080 1071 2266 1124 statim
2318 1087 2482 1139 quam
2538 1070 2609 1123 sit
2669 1069 3064 1124 necessarium.
3113 1067 3300 1136 Neque
3331 1068 3482 1120 enim

1907 1163 1997 1216 ille
2060 1163 2287 1215 liberam
2347 1162 2548 1226 quietis
2609 1161 2880 1213 rationem
2947 1157 3242 1227 relinquet,
3293 1158 3486 1227 ingens

1909 1261 2057 1307 terra
2090 1254 2339 1322 marique
2373 1254 2578 1307 bellum
2621 1251 2865 1305 molitus.
2914 1247 3044 1303 Nam
3083 1249 3126 1302 si
3160 1249 3210 1302 id
3251 1247 3484 1317 permit-

1908 1355 2084 1410 teret,
2117 1361 2278 1399 nemo
2316 1361 2446 1400 sane
2477 1353 2622 1398 esset
2662 1345 2754 1413 qui
2789 1344 2990 1398 bellum
3026 1342 3140 1410 paci
3182 1350 3486 1409 antepone-

1908 1449 2014 1491 ret.
2079 1435 2184 1490 Sed
2248 1453 2334 1504 eoi
2357 1439 2437 1490 ias
2498 1437 2778 1500 instruxit,
2830 1434 3076 1504 legiones
3141 1431 3483 1485 firmissinms

1906 1529 2069 1584 habet
2101 1529 2154 1584 in
2181 1529 2360 1598 capita
2387 1538 2572 1582 nostra
2608 1535 2979 1596 comparatas,
3032 1525 3272 1587 lacessit,
3305 1532 3480 1594 urget,

1904 1621 1973 1676 ad
2003 1633 2282 1677 certamen
2314 1630 2600 1691 provocat.
2659 1623 2768 1675 Ant
2804 1621 3001 1674 bellum
3033 1617 3334 1685 gerendum
3371 1625 3481 1676 est,

1905 1725 2000 1768 aut
2026 1714 2384 1769 acerbissima
2434 1713 2674 1767 servitus
2713 1709 3020 1764 subeumla.
3057 1709 3276 1762 Nullum
3341 1707 3482 1762 deli-

227 1817 390 1867 I'um,
455 1802 624 1855 beatae
679 1801 937 1871 VirgiliiS,
997 1800 1170 1870 ipsius
1227 1801 1398 1855 nostri
1445 1799 1541 1853 Dei
1595 1807 1804 1854 Statuas
1839 1802 2181 1860 Bberationi
2222 1804 2402 1858 locum
2454 1803 2722 1871 reliquit:
2768 1818 2874 1855 una
2945 1801 3102 1856 nobis
3138 1803 3480 1856 fortunarum

224 1903 576 1960 contemptu,
613 1894 750 1955 risu,
781 1894 930 1946 omni
961 1893 1419 1954 centumeliarum
1458 1905 1658 1960 genere
1680 1905 1803 1958 per-

227 1987 405 2041 secuti
425 1995 570 2040 sunt.
591 1986 732 2052 Quid
751 2001 930 2038 sacras
950 1985 1191 2054 virgines
1210 1985 1440 2038 violatas
1461 1997 1759 2037 memorem
1781 1981 1804 2032 ?

230 2088 521 2148 parentum
569 2078 857 2145 complexa
889 2088 1115 2147 ereptos
1154 2077 1503 2144 impuberes?
1535 2075 1685 2130 omni
1709 2074 1806 2129 de-

229 2167 430 2221 decore
453 2167 719 2222 ftedatum
745 2166 1124 2222 Christianum
1155 2167 1398 2222 nomen?
1429 2167 1554 2222 litec
1577 2183 1646 2222 ne
1684 2181 1804 2235 pcr-

229 2273 451 2326 sequar,
506 2267 563 2311 et
609 2257 689 2312 rei
735 2257 1115 2327 magnitudine
1180 2268 1235 2312 et
1277 2258 1466 2312 dolore
1509 2255 1801 2324 impedior.

228 2348 363 2416 Quis
392 2349 540 2402 enim
600 2349 685 2402 vel
727 2348 966 2404 dicendo
1016 2349 1286 2419 consequi
1324 2357 1531 2418 posset,
1567 2347 1655 2401 vel
1683 2348 1804 2400 sine

230 2443 422 2496 multis
454 2441 718 2511 lacrymis
763 2441 958 2496 audire
1000 2440 1302 2496 Christiani
1348 2440 1587 2494 nominis
1622 2440 1804 2494 socios

227 2533 601 2597 ﬁdelissimos,
656 2547 924 2601 equorum
959 2533 1178 2603 ungulis
1209 2532 1470 2596 obtritos,
1507 2534 1581 2585 ita
1634 2531 1805 2597 impe-

229 2635 395 2677 rante
438 2623 594 2677 hoste
625 2624 1054 2678 sceleratissimo
1088 2635 1254 2694 atque
1290 2623 1616 2692 inspiciente
1643 2637 1803 2693 λει-

227 2717 491 2777 ceriatos,
534 2716 778 2770 sublatos
811 2717 865 2769 in
891 2731 1135 2782 erucem,
1183 2728 1241 2771 ιιι
1277 2728 1510 2771 mortem
1547 2713 1802 2769 beneficii

225 2809 355 2862 loco
419 2807 770 2875 acceperint?
811 2807 1000 2864 Edidit
1033 2807 1167 2862 olim
1227 2808 1566 2862 saevissimus
1591 2808 1804 2861 Turcus

228 2901 420 2954 omnia
450 2900 796 2954 crudelitatis
822 2900 1074 2968 exempla
1104 2899 1158 2952 in
1187 2899 1538 2969 Byzantinos.
1563 2912 1801 2967 quorum

232 2991 498 3044 memoria
548 2999 607 3042 ut
665 2988 1042 3052 refricaretur,
1091 2990 1271 3058 qualis
1311 3004 1487 3058 nuper
1529 2987 1805 3041 Chalcidis

228 3083 490 3139 Euboica:
515 3083 784 3136 tumultus
809 3082 931 3150 fuit,
965 3082 1370 3146 cutu,efl‘ractis
1405 3082 1578 3150 portis
1597 3095 1659 3132 ac
1682 3094 1802 3131 mu-

231 3175 336 3234 ris.
380 3183 779 3226 tormentorum
827 3174 1036 3241 impetu
1095 3172 1348 3238 dejectis,
1385 3185 1514 3222 arce
1568 3169 1617 3220 vi
1644 3175 1796 3234 capta

227 3273 572 3320 armatorum
608 3279 796 3326 cursu,
827 3266 974 3316 ferro
1011 3261 1336 3330 ﬂammaque
1364 3261 1547 3313 omnia
1569 3261 1800 3311 miscue-

213 3341 403 3420 ‘ruut;
464 3354 608 3406 unde
655 3354 891 3420 gemitus
940 3353 1015 3406 illi
1067 3353 1136 3405 ad
1185 3362 1402 3405 nostras
1439 3366 1608 3420 prope
1639 3361 1800 3401 aures

231 3458 562 3512 pervenere.
611 3443 853 3497 Cunctos
910 3443 1169 3496 militaris
1216 3443 1393 3495 :etatis
1444 3439 1799 3494 acerbissime

229 3538 493 3589 trucidat.
533 3533 856 3589 Nostrorum
909 3534 1196 3598 cadavera,
1233 3549 1356 3587 cum
1392 3532 1588 3586 inuenit
1626 3545 1800 3600 oppu-

227 3639 536 3696 gnarentur
573 3632 648 3696 (at
679 3643 787 3680 non
826 3627 1046 3691 dicam;
1087 3624 1415 3679 incredibile
1467 3624 1613 3678 enim
1671 3631 1794 3686 est;

228 3717 345 3769 imo
364 3731 493 3772 vero
518 3717 718 3776 dicam,
745 3716 1002 3784 quoniam
1031 3716 1106 3768 ita
1129 3728 1188 3768 se
1216 3714 1420 3780 habet);
1450 3719 1794 3775 nostrorum,

236 3808 488 3876 inquam,
521 3807 789 3861 cadavera
815 3807 870 3860 in
897 3820 1022 3859 vasa
1057 3805 1310 3874 imposita
1341 3803 1612 3856 machinis
1643 3801 1800 3855 bellic

229 3901 315 3953 cis
349 3899 488 3951 intra
530 3898 722 3952 urbem
771 3897 1036 3951 adversus
1077 3904 1297 3950 nostros
1330 3893 1796 3947 immittebantur.

227 3991 275 4043 0
306 3992 687 4043 crudelitatem
717 3996 843 4042 ante
881 3988 1030 4042 hunc
1056 3987 1200 4040 diem
1258 3985 1588 4045 inauditam.
1619 3998 1652 4036 ο
1675 3997 1798 4052 per-

230 4082 404 4134 ditam
438 4082 728 4145 feritatem,
749 4095 782 4134 o
811 4077 1337 4134 truculentissimum
1357 4076 1582 4131 saevitiae
1601 4074 1794 4145 genusl

232 4173 374 4240 ψει]
419 4183 523 4225 tam
555 4187 844 4226 commune
869 4171 1006 4224 vivis
1023 4185 1186 4238 quam
1225 4168 1496 4238 Spiritus?
1532 4167 1600 4222 At
1621 4165 1796 4222 nostri

233 4266 438 4334 captivi
466 4265 539 4318 ita
569 4264 782 4330 vivunt,
820 4273 878 4316 ut
911 4263 1116 4318 ducere
1145 4261 1382 4317 animam
1415 4262 1483 4315 de
1513 4261 1656 4314 ctelo
1687 4275 1796 4313 non

229 4367 460 4425 queant.
493 4354 633 4420 Quid
669 4365 777 4408 tam
823 4368 1114 4409 commune
1145 4353 1378 4408 mortuis
1404 4369 1568 4422 quam
1605 4351 1797 4407 terra?

232 4448 305 4500 At
330 4447 504 4501 nostri
541 4446 614 4500 ita
650 4445 985 4508 moriuntur,
1018 4455 1076 4498 ut
1105 4459 1296 4498 eorum
1329 4459 1452 4498 ossa
1493 4459 1590 4514 per
1615 4459 1796 4498 aerem

231 4550 588 4611 spargantur.
643 4539 781 4604 Quid
834 4549 943 4593 tam
1001 4553 1293 4594 commune
1335 4537 1589 4592 cadaveri
1638 4552 1801 4606 quam

232 4632 438 4702 quies?
477 4632 546 4686 At
588 4641 902 4685 nostrorum
940 4645 1172 4700 corpora
1198 4629 1272 4684 ita
1297 4629 1597 4698 jactantur,
1640 4637 1700 4681 ut
1735 4643 1802 4682 ne

231 4728 542 4782 exanimata
600 4729 817 4797 quidem
883 4728 1293 4796 conquiescant.
1343 4726 1597 4788 Romani,
1656 4723 1804 4794 quod

233 4835 428 4873 eorum
462 4819 627 4889 legati
669 4819 831 4889 paulo
864 4820 1123 4872 acerbius
1152 4818 1411 4888 appellati
1449 4826 1658 4882 essent,
1693 4817 1802 4872 Co-

236 4909 507 4973 rinthum,
569 4909 758 4964 urbem
807 4908 1256 4979 pulcherrimam,
1302 4914 1646 4961 everterunt.
1697 4905 1805 4960 Nos

235 5015 390 5062 vero,
432 5000 599 5054 sociis
626 4999 1004 5054 crudelissime
1031 4999 1264 5063 necatis,
1285 5007 1601 5066 contempta
1624 5007 1680 5050 et
1707 4996 1806 5050 de-

235 5101 446 5144 vastata
503 5092 723 5160 regione
779 5101 994 5154 nostra,
1042 5090 1190 5145 unde
1229 5105 1442 5143 morum
1519 5097 1793 5158 rectaeque

235 5181 364 5234 vitae
409 5180 739 5235 documenta
768 5195 799 5234 a
830 5189 938 5234 tam
974 5180 1199 5234 remotis
1236 5178 1554 5232 nationibus
1605 5188 1802 5246 petun-

237 5285 353 5336 tur,
389 5288 495 5326 non
535 5273 945 5326 excitabimur?
975 5271 1181 5325 Fabius
1213 5272 1498 5334 Maximus,
1537 5277 1597 5322 ut
1629 5271 1804 5339 capti-

238 5382 336 5421 vos
365 5367 677 5432 redimeret,
695 5379 887 5434 agrum
917 5364 1186 5428 vendidit,
1206 5373 1263 5417 et
1298 5379 1399 5415 nos
1424 5371 1503 5416 tot
1527 5363 1803 5417 sociorum

238 5474 468 5529 corpora
500 5459 812 5512 desiderata
843 5454 1221 5526 negligemus?
1253 5455 1624 5519 Theodosius,
1659 5458 1803 5523 quod

241 5539 781 5612 Thessalonicenses,
817 5550 944 5603 novi
974 5547 1252 5618 vectigalis
1281 5546 1637 5615 impositione
1663 5547 1808 5600 imii-

243 5646 412 5716 gnati,
447 5644 706 5699 Placidia:
730 5652 942 5699 statuas
981 5656 1078 5709 per
1119 5639 1310 5694 urbem
1345 5641 1661 5703 traxissent,
1697 5638 1804 5693 frc-

244 5748 500 5805 qnentem
526 5737 580 5792 in
613 5736 828 5791 theatro
868 5732 1130 5804 populum
1163 5730 1291 5786 οωᾱὶ
1327 5730 1513 5801 jussit.
1547 5728 1678 5796 Nos,
1704 5747 1801 5800 op-

1906 1897 2211 1964 salutisque
2269 1909 2395 1964 Spes
2457 1893 2734 1964 proposita
2770 1902 2882 1958 est,
2913 1903 2970 1946 ιιι
3005 1893 3217 1946 viribus
3250 1890 3475 1952 nostris,

1906 1990 2017 2044 Deo
2041 1987 2165 2057 Opt.
2207 1986 2344 2040 Max.
2371 1988 2620 2056 jui'ante,
2657 1986 2967 2039 libertatem
2996 1994 3236 2038 nostram
3293 1998 3482 2037 serve-

1907 2096 2062 2137 mus:
2105 2095 2204 2150 pro
2236 2094 2343 2147 qua
2382 2079 2528 2133 bono
2559 2079 2674 2132 viro
2726 2088 2785 2132 et
2821 2079 2925 2130 civi
2962 2091 3071 2130 non
3110 2078 3292 2130 minus
3324 2074 3478 2128 labo-

1907 2172 2139 2226 randum
2167 2181 2269 2236 est,
2299 2185 2462 2240 quam
2505 2153 2603 2238 pro
2632 2183 2914 2223 servorum
2951 2169 3140 2238 reique
3164 2167 3481 2221 domestica:

1909 2263 2286 2318 incolumitate
2325 2261 2574 2315 tutanda.
2616 2260 2684 2314 At
2731 2275 2891 2314 nemo
2920 2261 3146 2328 estqui.
3202 2261 3282 2313 vel
3317 2274 3482 2312 servo

1905 2357 2182 2417 lacessito,
2242 2356 2324 2410 vel
2381 2353 2621 2423 expilato
2679 2368 2865 2422 grege.
2908 2367 3015 2404 non
3045 2351 3285 2418 graviter
3314 2351 3476 2412 ferat,

1905 2463 2070 2502 armis
2106 2446 2172 2500 ad
2200 2445 2457 2514 injuriam
2490 2443 2857 2495 ulciscendam
2887 2456 2994 2493 non
3025 2438 3339 2500 contendat,
3368 2456 3479 2494 non

1908 2549 2118 2609 repetat
2166 2552 2285 2592 sua.
2337 2537 2404 2590 Et
2463 2534 2780 2603 eonjngum,
2818 2532 3140 2596 liberorum,
3174 2535 3364 2598 patria:
3395 2547 3480 2584 ra-

1909 2633 2111 2685 tionein
2147 2630 2353 2684 nuilam
2382 2626 2683 2681 duci-mus?
2715 2625 2853 2691 Quid
2916 2626 3163 2680 inermes
3194 2634 3480 2692 exspecta-

1907 2737 2030 2778 mus
2060 2721 2362 2776 Turcorum
2412 2716 2689 2772 furorem?
2744 2717 2908 2771 Arma
2949 2717 3120 2771 armis
3151 2718 3478 2785 propulsan-

1908 2825 2018 2870 tur.
2069 2813 2276 2867 Bellum
2326 2809 2626 2878 gerendum
2673 2821 2798 2875 cst,
2856 2820 2916 2862 ut
2945 2809 2998 2862 in
3042 2825 3175 2878 pace
3207 2809 3476 2865 vivamus.

1908 2907 1964 2960 Si
2015 2905 2217 2958 bellum
2270 2899 2615 2964 omittimus,
2681 2915 2868 2968 pacem
2929 2902 3192 2954 habemus
3249 2903 3474 2958 nullam.

1907 2995 2061 3062 Quod
2115 2995 2163 3047 si
2226 2993 2460 3052 Tuxcus,
2514 2991 2674 3045 nobis
2732 2992 3168 3060 quiescentibus,
3227 2995 3478 3051 maximis

1907 3087 2106 3154 opibus
2161 3094 2358 3136 auctus
2406 3091 2528 3142 est;
2595 3084 2639 3134 si
2687 3083 3010 3148 languentes
3038 3085 3150 3137 otio
3187 3085 3240 3138 in
3274 3089 3480 3156 gravis-

1910 3179 2044 3230 sima
2077 3177 2271 3230 datnna
2311 3175 2546 3244 prolapsi
2573 3191 2785 3238 sumus,
2820 3163 2973 3253 fquis
3005 3178 3223 3230 tandem
3253 3194 3477 3246 sperare

1909 3270 2133 3323 audebit
2165 3269 2358 3340 nos'in
2399 3270 2516 3323 otio
2573 3278 2628 3322 et
2695 3267 2888 3320 umbra
2947 3283 3060 3322 rem
3097 3269 3334 3323 feliciter
3388 3287 3478 3340 ge-

1909 3365 2137 3416 sturus?
2193 3361 2642 3430 liesipiscendnm
2707 3372 2808 3423 est,
2859 3371 2909 3413 et
2957 3377 3079 3414 cum
3133 3377 3201 3415 eo
3232 3375 3388 3431 pacto
3422 3367 3475 3418 in

1915 3460 2062 3506 tanta
2122 3449 2370 3520 pericula
2433 3449 2828 3510 tlceidetimus,
2857 3449 3149 3504 contrario
3182 3453 3378 3507 itinere
3407 3457 3476 3508 aol

1907 3544 2143 3598 salutem
2199 3554 2255 3598 et
2310 3542 2668 3596 securitatem
2720 3541 3091 3598 redeundum.
3157 3543 3473 3601 Omittenda

1907 3636 2169 3706 segnities
2199 3654 2212 3690 :
2249 3635 2448 3688 bellum
2502 3633 2937 3702 suscipiendum.
2999 3636 3161 3699 Nam,
3193 3646 3250 3689 ut
3283 3638 3479 3693 beatus

1909 3728 2114 3782 Paulus
2165 3725 2364 3792 inquit.
2404 3743 2422 3775 ι
2459 3724 2578 3778 Non
2633 3736 2933 3780 coronatur
2963 3729 3067 3782 nisi
3101 3729 3194 3798 qui
3235 3730 3476 3800 legitime

1907 3819 2253 3880 certaverit,»
2275 3826 2324 3870 et
2342 3816 2678 3878 Aristotcles,
2707 3835 2726 3867 ι
2755 3817 2870 3873 Non
2895 3830 3230 3872 coronantur
3249 3821 3342 3890 qui
3363 3839 3480 3892 spe-

1909 3917 2085 3968 ctant.
2105 3907 2201 3962 sed
2227 3907 2317 3974 qui
2350 3906 2406 3958 in
2443 3915 2722 3959 certamen
2746 3906 3160 3970 descendunt,ii
3185 3927 3330 3964 enim
3361 3911 3480 3966 lau-

1907 3999 1975 4052 de
1999 3997 2202 4067 aliquid
2223 3997 2445 4066 dignum
2469 3995 2738 4051 efficiunt.
2777 4015 2794 4049 ι
2829 3996 3148 4053 Salusdomi
3186 4003 3342 4058 nobis
3368 4020 3476 4059 non

1905 4073 2270 4158 exspectanda
2303 4097 2408 4155 est,
2436 4087 2529 4143 sed
2559 4087 2611 4142 in
2637 4090 2751 4143 sole
2775 4099 2832 4144 ct
2863 4093 3086 4158 pulvere
3110 4092 3476 4150 defendenda.

1905 4180 2081 4235 Nemo
2129 4189 2214 4234 est
2266 4190 2514 4234 vestrum
2574 4179 2693 4249 qui,
2752 4195 2877 4234 cum
2912 4197 2942 4236 a
2979 4193 3175 4237 natura
3209 4186 3474 4240 tributum

1907 4271 2108 4326 habeat
2171 4281 2233 4325 ut
2284 4287 2365 4336 se,
2400 4287 2603 4341 corpus
2636 4273 2914 4342 vitamque
2949 4284 3170 4330 tueatur
3199 4317 3214 4340 ,
3251 4287 3477 4343 praesto-

1907 4365 2005 4418 lari
2039 4365 2172 4417 velit
2195 4379 2258 4416 ea
2311 4379 2432 4432 quae
2487 4365 2762 4419 nocitura.
2795 4367 2926 4421 sint.
2961 4367 3142 4422 llostis
3169 4370 3472 4424 exercitum

1836 4472 1877 4527 υ
1907 4453 2073 4507 habet
2101 4452 2340 4506 libertati
2384 4462 2587 4508 nostrae
2636 4456 3032 4511 imminentem.
3080 4459 3173 4513 Vis
3207 4459 3471 4529 impetum

1907 4542 2137 4594 arcere?
2168 4540 2319 4594 Bello
2356 4541 2405 4593 id
2441 4542 2659 4609 assequi
2701 4545 2929 4611 poteris,
2988 4555 3048 4598 ut
3081 4547 3188 4600 vim
3226 4549 3268 4602 vi
3302 4551 3474 4618 reprio

1908 4647 2140 4686 mamus.
2199 4630 2334 4684 Nam
2372 4641 2429 4683 ut
2490 4633 2791 4686 concedam
2853 4634 3098 4690 incertos
3146 4639 3329 4691 exitus
3353 4655 3477 4693 esse

1908 4727 2056 4788 belli,
2099 4725 2436 4794 Martemque
2491 4741 2864 4788 communem.
2923 4737 3102 4782 tamen
3164 4746 3262 4798 pro
3317 4732 3478 4784 liher-

1908 4827 2040 4881 tate,
2070 4833 2168 4886 pro
2199 4817 2322 4871 vitae
2352 4817 2598 4885 periculo
2651 4818 3046 4873 decertandum
3074 4830 3157 4875 est
3183 4840 3196 4888 ;
3237 4839 3332 4890 pro
3366 4824 3478 4875 Deo

1906 4911 2026 4979 ipso
2059 4909 2432 4979 pugnandum,
2471 4924 2568 4977 pro
2599 4911 2758 4975 cujus
2798 4911 3161 4978 amplitudine
3191 4913 3476 4965 retineri-Ia

1905 5000 2136 5066 radere,
2170 5001 2225 5053 in
2266 5015 2441 5053 sevum
2500 5003 2894 5068 setiipilertttttlt
2945 5001 3222 5070 vitamque
3255 5003 3482 5056 immor-

1907 5093 2068 5148 talem
2106 5091 2340 5161 migrare
2365 5102 2468 5145 est.
2509 5092 2626 5146 Non
2670 5093 2817 5145 enim
2874 5094 3073 5162 spiritu
3104 5094 3213 5147 vita
3243 5103 3414 5149 const.
3439 5105 3477 5158 t,

1905 5183 2002 5237 sed
2036 5183 2257 5250 pietate.
2285 5197 2406 5250 qua:
2445 5183 2657 5251 patriae,
2708 5185 3072 5253 templorum,
3100 5196 3277 5239 status
3303 5185 3477 5239 divini

1908 5274 2328 5327 conservatione
2391 5273 2628 5325 maxime
2684 5276 3027 5326 continetur.
3075 5274 3216 5339 Quid
3249 5290 3401 5334 vero.
3431 5275 3479 5328 si

1905 5367 2244 5434 exploratam
2275 5363 2520 5418 victoria:
2563 5365 2830 5418 rationem
2858 5365 3302 5420 habemusUam
3328 5367 3480 5420 enim

1911 5467 2136 5524 tempus
2165 5465 2220 5510 et
2243 5470 2406 5509 aures
2453 5467 2650 5510 vesme
2691 5456 2975 5525 postulant
3022 5465 3081 5510 ut
3113 5457 3185 5511 de
3220 5457 3480 5512 facultate

1904 5547 2132 5616 gerendi
2186 5545 2337 5610 belli,
2397 5547 2470 5600 de
2499 5546 2841 5614 amplissimo
2874 5547 3156 5617 triumpho
3190 5550 3284 5619 qui
3314 5550 3478 5603 nobis

1906 5639 2222 5706 prepositus
2253 5649 2357 5700 est,
2395 5637 2604 5704 aliquid
2659 5637 2927 5693 dicamus.
2957 5639 3079 5704 Quo
3101 5643 3155 5694 in
3189 5642 3311 5695 loco
3338 5642 3474 5696 illud

1906 5730 2064 5799 plane
2133 5728 2395 5798 profiteor
2454 5743 2541 5783 me
2604 5728 2672 5784 de
2699 5730 2936 5784 hostium
2973 5731 3148 5801 copiis
3175 5743 3229 5787 ct
3263 5733 3474 5791 viribus
