  <div class='ocr_page' id='page_1' title='image "/cluster/home/n/w/nwhite01/storage/ocr_20150623/161/hvd.32044073502700/449.png"; bbox 0 0 3880 6220; ppageno 0'>
   <div class='ocr_carea' id='block_1_1' title="bbox 386 292 534 377">
    <p class='ocr_par' dir='ltr' id='par_1_1' title="bbox 386 292 534 377">
     <span class='ocr_line' id='line_1_1' title="bbox 386 292 534 377; baseline -0.014 0"><span class='ocrx_word' id='word_1_1' title='bbox 386 292 399 309; x_wconf 76' lang='grc'>’</span> <span class='ocrx_word' id='word_1_2' title='bbox 429 314 534 377; x_wconf 73' lang='lat'><strong>667</strong></span> 
     </span>
    </p>
   </div>
   <div class='ocr_carea' id='block_1_2' title="bbox 1360 298 2728 364">
    <p class='ocr_par' dir='ltr' id='par_1_2' title="bbox 1360 298 2728 364">
     <span class='ocr_line' id='line_1_2' title="bbox 1360 298 2728 364; baseline -0.003 -1"><span class='ocrx_word' id='word_1_3' title='bbox 1360 304 1871 364; x_wconf 78' lang='lat' dir='ltr'><strong>BESSARIONIS</strong></span> <span class='ocrx_word' id='word_1_4' title='bbox 1911 305 1971 364; x_wconf 87' lang='lat' dir='ltr'><strong>S.</strong></span> <span class='ocrx_word' id='word_1_5' title='bbox 2019 300 2091 363; x_wconf 85' lang='lat' dir='ltr'><strong>R.</strong></span> <span class='ocrx_word' id='word_1_6' title='bbox 2141 300 2209 361; x_wconf 89' lang='lat' dir='ltr'><strong>E.</strong></span> <span class='ocrx_word' id='word_1_7' title='bbox 2253 298 2728 361; x_wconf 54' lang='lat' dir='ltr'><strong>CA‘liDlNALIS</strong></span> 
     </span>
    </p>
   </div>
   <div class='ocr_carea' id='block_1_3' title="bbox 3600 289 3721 353">
    <p class='ocr_par' dir='ltr' id='par_1_3' title="bbox 3600 289 3721 353">
     <span class='ocr_line' id='line_1_3' title="bbox 3600 289 3721 353; baseline -0.033 0"><span class='ocrx_word' id='word_1_8' title='bbox 3600 289 3721 353; x_wconf 76' lang='lat'><strong>£63</strong></span> 
     </span>
    </p>
   </div>
   <div class='ocr_carea' id='block_1_4' title="bbox 426 405 3719 485">
    <p class='ocr_par' dir='ltr' id='par_1_4' title="bbox 426 405 3719 485">
     <span class='ocr_line' id='line_1_4' title="bbox 426 405 3719 485; baseline -0.008 -1"><span class='ocrx_word' id='word_1_9' title='bbox 426 428 570 484; x_wconf 87' lang='lat' dir='ltr'><strong>nihil</strong></span> <span class='ocrx_word' id='word_1_10' title='bbox 600 425 852 484; x_wconf 79' lang='lat' dir='ltr'><strong>Oratione</strong></span> <span class='ocrx_word' id='word_1_11' title='bbox 903 438 1023 479; x_wconf 86' lang='lat' dir='ltr'><strong>mea</strong></span> <span class='ocrx_word' id='word_1_12' title='bbox 1053 422 1458 483; x_wconf 88' lang='lat' dir='ltr'><strong>detracturum,</strong></span> <span class='ocrx_word' id='word_1_13' title='bbox 1487 421 1581 474; x_wconf 88' lang='lat' dir='ltr'><strong>sed</strong></span> <span class='ocrx_word' id='word_1_14' title='bbox 1608 418 1791 473; x_wconf 82' lang='lat' dir='ltr'><strong>omnia</strong></span> <span class='ocrx_word' id='word_1_15' title='bbox 1825 431 1997 485; x_wconf 83' lang='lat' dir='ltr'><strong>expo-</strong></span> <span class='ocrx_word' id='word_1_16' title='bbox 2026 415 2079 477; x_wconf 68' lang='grc' dir='ltr'><strong>Α</strong></span> <span class='ocrx_word' id='word_1_17' title='bbox 2111 413 2366 469; x_wconf 72' lang='lat' dir='ltr'><strong>celeriter</strong></span> <span class='ocrx_word' id='word_1_18' title='bbox 2416 413 2659 484; x_wconf 84' lang='lat' dir='ltr'><strong>fugiunt.</strong></span> <span class='ocrx_word' id='word_1_19' title='bbox 2715 412 2906 468; x_wconf 76' lang='lat' dir='ltr'><strong>Castra</strong></span> <span class='ocrx_word' id='word_1_20' title='bbox 2932 408 3134 465; x_wconf 76' lang='lat' dir='ltr'><strong>castris</strong></span> <span class='ocrx_word' id='word_1_21' title='bbox 3162 405 3421 463; x_wconf 84' lang='lat' dir='ltr'><strong>conferre</strong></span> <span class='ocrx_word' id='word_1_22' title='bbox 3457 418 3575 459; x_wconf 88' lang='lat' dir='ltr'><strong>non</strong></span> <span class='ocrx_word' id='word_1_23' title='bbox 3605 422 3719 459; x_wconf 89' lang='lat' dir='ltr'><strong>au-</strong></span> 
     </span>
    </p>
   </div>
   <div class='ocr_carea' id='block_1_5' title="bbox 426 510 2003 587">
    <p class='ocr_par' dir='ltr' id='par_1_5' title="bbox 426 510 2003 587">
     <span class='ocr_line' id='line_1_5' title="bbox 426 510 2003 587; baseline -0.007 -12"><span class='ocrx_word' id='word_1_24' title='bbox 426 521 662 577; x_wconf 89' lang='lat' dir='ltr'><strong>siturum</strong></span> <span class='ocrx_word' id='word_1_25' title='bbox 719 532 912 587; x_wconf 87' lang='lat' dir='ltr'><strong>magna</strong></span> <span class='ocrx_word' id='word_1_26' title='bbox 968 531 1093 571; x_wconf 88' lang='lat' dir='ltr'><strong>cum</strong></span> <span class='ocrx_word' id='word_1_27' title='bbox 1159 515 1288 569; x_wconf 84' lang='lat' dir='ltr'><strong>fide.</strong></span> <span class='ocrx_word' id='word_1_28' title='bbox 1346 513 1532 581; x_wconf 83' lang='lat' dir='ltr'><strong>Atque</strong></span> <span class='ocrx_word' id='word_1_29' title='bbox 1567 512 1692 566; x_wconf 91' lang='lat' dir='ltr'><strong>inde</strong></span> <span class='ocrx_word' id='word_1_30' title='bbox 1723 510 2003 564; x_wconf 82' lang='lat' dir='ltr'><strong>exordior.</strong></span> 
     </span>
    </p>
   </div>
   <div class='ocr_carea' id='block_1_6' title="bbox 426 600 2008 669">
    <p class='ocr_par' dir='ltr' id='par_1_6' title="bbox 426 600 2008 669">
     <span class='ocr_line' id='line_1_6' title="bbox 426 600 2008 669; baseline -0.009 0"><span class='ocrx_word' id='word_1_31' title='bbox 426 612 718 669; x_wconf 79' lang='lat' dir='ltr'><strong>Exercitus</strong></span> <span class='ocrx_word' id='word_1_32' title='bbox 776 610 866 663; x_wconf 89' lang='lat' dir='ltr'><strong>ille</strong></span> <span class='ocrx_word' id='word_1_33' title='bbox 918 606 1177 668; x_wconf 87' lang='lat' dir='ltr'><strong>hostilis,</strong></span> <span class='ocrx_word' id='word_1_34' title='bbox 1235 605 1329 659; x_wconf 91' lang='lat' dir='ltr'><strong>illa</strong></span> <span class='ocrx_word' id='word_1_35' title='bbox 1394 604 1678 660; x_wconf 87' lang='lat' dir='ltr'><strong>hominum</strong></span> <span class='ocrx_word' id='word_1_36' title='bbox 1712 600 2008 655; x_wconf 84' lang='lat' dir='ltr'><strong>multitudo</strong></span> 
     </span>
    </p>
   </div>
   <div class='ocr_carea' id='block_1_7' title="bbox 426 682 2006 764">
    <p class='ocr_par' dir='ltr' id='par_1_7' title="bbox 426 682 2006 764">
     <span class='ocr_line' id='line_1_7' title="bbox 426 682 2006 764; baseline -0.008 -7"><span class='ocrx_word' id='word_1_37' title='bbox 426 703 667 764; x_wconf 84' lang='lat' dir='ltr'><strong>infinita,</strong></span> <span class='ocrx_word' id='word_1_38' title='bbox 711 715 822 754; x_wconf 92' lang='lat' dir='ltr'><strong>non</strong></span> <span class='ocrx_word' id='word_1_39' title='bbox 851 698 990 752; x_wconf 92' lang='lat' dir='ltr'><strong>tanti</strong></span> <span class='ocrx_word' id='word_1_40' title='bbox 1019 696 1238 751; x_wconf 88' lang='lat' dir='ltr'><strong>roboris</strong></span> <span class='ocrx_word' id='word_1_41' title='bbox 1287 704 1374 751; x_wconf 88' lang='lat' dir='ltr'><strong>est</strong></span> <span class='ocrx_word' id='word_1_42' title='bbox 1400 682 1596 764; x_wconf 87' lang='lat' dir='ltr'><strong>quanti</strong></span> <span class='ocrx_word' id='word_1_43' title='bbox 1628 693 1710 748; x_wconf 86' lang='lat' dir='ltr'><strong>vel</strong></span> <span class='ocrx_word' id='word_1_44' title='bbox 1752 691 2006 747; x_wconf 84' lang='lat' dir='ltr'><strong>nonnulli</strong></span> 
     </span>
    </p>
   </div>
   <div class='ocr_carea' id='block_1_8' title="bbox 429 783 2008 863">
    <p class='ocr_par' dir='ltr' id='par_1_8' title="bbox 429 783 2008 863">
     <span class='ocr_line' id='line_1_8' title="bbox 429 783 2008 863; baseline -0.006 -15"><span class='ocrx_word' id='word_1_45' title='bbox 429 800 648 863; x_wconf 89' lang='lat' dir='ltr'><strong>putant,</strong></span> <span class='ocrx_word' id='word_1_46' title='bbox 677 790 760 846; x_wconf 89' lang='lat' dir='ltr'><strong>vel</strong></span> <span class='ocrx_word' id='word_1_47' title='bbox 801 804 831 843; x_wconf 89' lang='lat' dir='ltr'><strong>a</strong></span> <span class='ocrx_word' id='word_1_48' title='bbox 864 788 1025 844; x_wconf 90' lang='lat' dir='ltr'><strong>nobis</strong></span> <span class='ocrx_word' id='word_1_49' title='bbox 1048 786 1304 857; x_wconf 90' lang='lat' dir='ltr'><strong>superari</strong></span> <span class='ocrx_word' id='word_1_50' title='bbox 1359 785 1622 841; x_wconf 78' lang='lat' dir='ltr'><strong>facillime</strong></span> <span class='ocrx_word' id='word_1_51' title='bbox 1671 800 1783 839; x_wconf 92' lang='lat' dir='ltr'><strong>non</strong></span> <span class='ocrx_word' id='word_1_52' title='bbox 1811 783 2008 853; x_wconf 88' lang='lat' dir='ltr'><strong>possit.</strong></span> 
     </span>
    </p>
   </div>
   <div class='ocr_carea' id='block_1_9' title="bbox 431 876 2014 953">
    <p class='ocr_par' dir='ltr' id='par_1_9' title="bbox 431 876 2014 953">
     <span class='ocr_line' id='line_1_9' title="bbox 431 876 2014 953; baseline -0.006 -16"><span class='ocrx_word' id='word_1_53' title='bbox 431 883 622 953; x_wconf 84' lang='lat' dir='ltr'><strong>Magna</strong></span> <span class='ocrx_word' id='word_1_54' title='bbox 676 883 799 952; x_wconf 88' lang='lat' dir='ltr'><strong>ejus</strong></span> <span class='ocrx_word' id='word_1_55' title='bbox 856 894 984 949; x_wconf 87' lang='lat' dir='ltr'><strong>pars</strong></span> <span class='ocrx_word' id='word_1_56' title='bbox 1048 879 1221 933; x_wconf 88' lang='lat' dir='ltr'><strong>milite</strong></span> <span class='ocrx_word' id='word_1_57' title='bbox 1285 876 1646 947; x_wconf 91' lang='lat' dir='ltr'><strong>tumultuario</strong></span> <span class='ocrx_word' id='word_1_58' title='bbox 1705 882 1923 931; x_wconf 85' lang='lat' dir='ltr'><strong>constat</strong></span> <span class='ocrx_word' id='word_1_59' title='bbox 1957 883 2014 928; x_wconf 90' lang='lat' dir='ltr'><strong>et</strong></span> 
     </span>
    </p>
   </div>
   <div class='ocr_carea' id='block_1_10' title="bbox 430 966 2009 1040">
    <p class='ocr_par' dir='ltr' id='par_1_10' title="bbox 430 966 2009 1040">
     <span class='ocr_line' id='line_1_10' title="bbox 430 966 2009 1040; baseline -0.007 -10"><span class='ocrx_word' id='word_1_60' title='bbox 430 976 594 1031; x_wconf 90' lang='lat' dir='ltr'><strong>turba</strong></span> <span class='ocrx_word' id='word_1_61' title='bbox 670 974 989 1029; x_wconf 84' lang='lat' dir='ltr'><strong>collectitia.</strong></span> <span class='ocrx_word' id='word_1_62' title='bbox 1064 971 1223 1026; x_wconf 88' lang='lat' dir='ltr'><strong>Nulla</strong></span> <span class='ocrx_word' id='word_1_63' title='bbox 1293 967 1658 1040; x_wconf 85' lang='lat' dir='ltr'><strong>jurisjurandi</strong></span> <span class='ocrx_word' id='word_1_64' title='bbox 1740 966 2009 1037; x_wconf 81' lang='lat' dir='ltr'><strong>religione</strong></span> 
     </span>
    </p>
   </div>
   <div class='ocr_carea' id='block_1_11' title="bbox 432 1056 2013 1129">
    <p class='ocr_par' dir='ltr' id='par_1_11' title="bbox 432 1056 2013 1129">
     <span class='ocr_line' id='line_1_11' title="bbox 432 1056 2013 1129; baseline -0.009 -6"><span class='ocrx_word' id='word_1_65' title='bbox 432 1067 612 1123; x_wconf 85' lang='lat' dir='ltr'><strong>adacti</strong></span> <span class='ocrx_word' id='word_1_66' title='bbox 669 1073 821 1129; x_wconf 89' lang='lat' dir='ltr'><strong>sunt,</strong></span> <span class='ocrx_word' id='word_1_67' title='bbox 879 1063 1034 1117; x_wconf 90' lang='lat' dir='ltr'><strong>nulla</strong></span> <span class='ocrx_word' id='word_1_68' title='bbox 1086 1058 1347 1115; x_wconf 83' lang='lat' dir='ltr'><strong>mercede</strong></span> <span class='ocrx_word' id='word_1_69' title='bbox 1377 1057 1669 1112; x_wconf 83' lang='lat' dir='ltr'><strong>conducti.</strong></span> <span class='ocrx_word' id='word_1_70' title='bbox 1702 1056 2013 1112; x_wconf 75' lang='lat' dir='ltr'><strong>Levissima</strong></span> 
     </span>
    </p>
   </div>
   <div class='ocr_carea' id='block_1_12' title="bbox 433 1146 2015 1225">
    <p class='ocr_par' dir='ltr' id='par_1_12' title="bbox 433 1146 2015 1225">
     <span class='ocr_line' id='line_1_12' title="bbox 433 1146 2015 1225; baseline -0.008 -14"><span class='ocrx_word' id='word_1_71' title='bbox 433 1170 689 1225; x_wconf 88' lang='lat' dir='ltr'><strong>corpora,</strong></span> <span class='ocrx_word' id='word_1_72' title='bbox 742 1152 951 1208; x_wconf 88' lang='lat' dir='ltr'><strong>laboris</strong></span> <span class='ocrx_word' id='word_1_73' title='bbox 1015 1148 1499 1219; x_wconf 74' lang='lat' dir='ltr'><strong>impatientissime</strong></span> <span class='ocrx_word' id='word_1_74' title='bbox 1545 1165 1559 1200; x_wconf 90' lang='lat'><strong>:</strong></span> <span class='ocrx_word' id='word_1_75' title='bbox 1592 1146 1871 1216; x_wconf 77' lang='lat' dir='ltr'><strong>praedam,</strong></span> <span class='ocrx_word' id='word_1_76' title='bbox 1905 1160 2015 1199; x_wconf 90' lang='lat' dir='ltr'><strong>non</strong></span> 
     </span>
    </p>
   </div>
   <div class='ocr_carea' id='block_1_13' title="bbox 434 1237 2021 1314">
    <p class='ocr_par' dir='ltr' id='par_1_13' title="bbox 434 1237 2021 1314">
     <span class='ocr_line' id='line_1_13' title="bbox 434 1237 2021 1314; baseline -0.008 -11"><span class='ocrx_word' id='word_1_77' title='bbox 434 1247 737 1304; x_wconf 89' lang='lat' dir='ltr'><strong>exercitum</strong></span> <span class='ocrx_word' id='word_1_78' title='bbox 779 1251 1109 1314; x_wconf 88' lang='lat' dir='ltr'><strong>sequuntur,</strong></span> <span class='ocrx_word' id='word_1_79' title='bbox 1137 1256 1245 1309; x_wconf 91' lang='lat' dir='ltr'><strong>qua</strong></span> <span class='ocrx_word' id='word_1_80' title='bbox 1306 1239 1351 1294; x_wconf 87' lang='lat' dir='ltr'><strong>si</strong></span> <span class='ocrx_word' id='word_1_81' title='bbox 1402 1237 1569 1308; x_wconf 92' lang='lat' dir='ltr'><strong>paulo</strong></span> <span class='ocrx_word' id='word_1_82' title='bbox 1594 1237 1803 1292; x_wconf 84' lang='lat' dir='ltr'><strong>diutius</strong></span> <span class='ocrx_word' id='word_1_83' title='bbox 1826 1251 2021 1293; x_wconf 58' lang='lat' dir='ltr'><strong>carue.</strong></span> 
     </span>
    </p>
   </div>
   <div class='ocr_carea' id='block_1_14' title="bbox 436 1329 2021 1402">
    <p class='ocr_par' dir='ltr' id='par_1_14' title="bbox 436 1329 2021 1402">
     <span class='ocr_line' id='line_1_14' title="bbox 436 1329 2021 1402; baseline -0.006 -10"><span class='ocrx_word' id='word_1_84' title='bbox 436 1338 570 1402; x_wconf 89' lang='lat' dir='ltr'><strong>rint,</strong></span> <span class='ocrx_word' id='word_1_85' title='bbox 624 1338 847 1392; x_wconf 90' lang='lat' dir='ltr'><strong>domum</strong></span> <span class='ocrx_word' id='word_1_86' title='bbox 898 1333 1251 1389; x_wconf 76' lang='lat' dir='ltr'><strong>velocissime</strong></span> <span class='ocrx_word' id='word_1_87' title='bbox 1318 1330 1573 1386; x_wconf 89' lang='lat' dir='ltr'><strong>redeunt.</strong></span> <span class='ocrx_word' id='word_1_88' title='bbox 1628 1329 1845 1384; x_wconf 83' lang='lat' dir='ltr'><strong>Nullam</strong></span> <span class='ocrx_word' id='word_1_89' title='bbox 1886 1343 2021 1399; x_wconf 71' lang='lat' dir='ltr'><strong>pra:-</strong></span> 
     </span>
    </p>
   </div>
   <div class='ocr_carea' id='block_1_15' title="bbox 437 1419 2016 1496">
    <p class='ocr_par' dir='ltr' id='par_1_15' title="bbox 437 1419 2016 1496">
     <span class='ocr_line' id='line_1_15' title="bbox 437 1419 2016 1496; baseline -0.007 -12"><span class='ocrx_word' id='word_1_90' title='bbox 437 1438 586 1484; x_wconf 89' lang='lat' dir='ltr'><strong>stant</strong></span> <span class='ocrx_word' id='word_1_91' title='bbox 635 1428 691 1482; x_wconf 90' lang='lat' dir='ltr'><strong>in</strong></span> <span class='ocrx_word' id='word_1_92' title='bbox 758 1426 907 1482; x_wconf 87' lang='lat' dir='ltr'><strong>bello</strong></span> <span class='ocrx_word' id='word_1_93' title='bbox 938 1438 1187 1496; x_wconf 87' lang='lat' dir='ltr'><strong>operam,</strong></span> <span class='ocrx_word' id='word_1_94' title='bbox 1215 1423 1427 1476; x_wconf 89' lang='lat' dir='ltr'><strong>nullum</strong></span> <span class='ocrx_word' id='word_1_95' title='bbox 1461 1428 1683 1476; x_wconf 80' lang='lat' dir='ltr'><strong>servant</strong></span> <span class='ocrx_word' id='word_1_96' title='bbox 1712 1419 1968 1474; x_wconf 84' lang='lat' dir='ltr'><strong>ordinem</strong></span> <span class='ocrx_word' id='word_1_97' title='bbox 2001 1435 2016 1473; x_wconf 90' lang='lat'><strong>:</strong></span> 
     </span>
    </p>
   </div>
   <div class='ocr_carea' id='block_1_16' title="bbox 437 1512 2025 1582">
    <p class='ocr_par' dir='ltr' id='par_1_16' title="bbox 437 1512 2025 1582">
     <span class='ocr_line' id='line_1_16' title="bbox 437 1512 2025 1582; baseline -0.004 -10"><span class='ocrx_word' id='word_1_98' title='bbox 437 1519 709 1582; x_wconf 79' lang='lat' dir='ltr'><strong>latrones,</strong></span> <span class='ocrx_word' id='word_1_99' title='bbox 762 1516 970 1579; x_wconf 88' lang='lat' dir='ltr'><strong>sicarii,</strong></span> <span class='ocrx_word' id='word_1_100' title='bbox 1014 1514 1267 1569; x_wconf 89' lang='lat' dir='ltr'><strong>militaris</strong></span> <span class='ocrx_word' id='word_1_101' title='bbox 1329 1512 1633 1582; x_wconf 64' lang='lat' dir='ltr'><strong>disciplinae</strong></span> <span class='ocrx_word' id='word_1_102' title='bbox 1687 1512 1910 1582; x_wconf 85' lang='lat' dir='ltr'><strong>penitus</strong></span> <span class='ocrx_word' id='word_1_103' title='bbox 1931 1527 2025 1565; x_wconf 84' lang='lat' dir='ltr'><strong>ex-</strong></span> 
     </span>
    </p>
   </div>
   <div class='ocr_carea' id='block_1_17' title="bbox 438 1604 2023 1679">
    <p class='ocr_par' dir='ltr' id='par_1_17' title="bbox 438 1604 2023 1679">
     <span class='ocr_line' id='line_1_17' title="bbox 438 1604 2023 1679; baseline -0.003 -16"><span class='ocrx_word' id='word_1_104' title='bbox 438 1618 647 1679; x_wconf 88' lang='lat' dir='ltr'><strong>pertes,</strong></span> <span class='ocrx_word' id='word_1_105' title='bbox 673 1617 729 1662; x_wconf 89' lang='lat' dir='ltr'><strong>et</strong></span> <span class='ocrx_word' id='word_1_106' title='bbox 757 1607 853 1677; x_wconf 87' lang='lat' dir='ltr'><strong>qui</strong></span> <span class='ocrx_word' id='word_1_107' title='bbox 886 1606 1105 1660; x_wconf 82' lang='lat' dir='ltr'><strong>facilius</strong></span> <span class='ocrx_word' id='word_1_108' title='bbox 1136 1605 1282 1659; x_wconf 89' lang='lat' dir='ltr'><strong>vinci</strong></span> <span class='ocrx_word' id='word_1_109' title='bbox 1317 1605 1555 1673; x_wconf 79' lang='lat' dir='ltr'><strong>possint,</strong></span> <span class='ocrx_word' id='word_1_110' title='bbox 1590 1618 1758 1673; x_wconf 86' lang='lat' dir='ltr'><strong>quam</strong></span> <span class='ocrx_word' id='word_1_111' title='bbox 1795 1604 2023 1659; x_wconf 84' lang='lat' dir='ltr'><strong>vincere</strong></span> 
     </span>
    </p>
   </div>
   <div class='ocr_carea' id='block_1_18' title="bbox 440 1695 2020 1765">
    <p class='ocr_par' dir='ltr' id='par_1_18' title="bbox 440 1695 2020 1765">
     <span class='ocr_line' id='line_1_18' title="bbox 440 1695 2020 1765; baseline -0.004 -11"><span class='ocrx_word' id='word_1_112' title='bbox 440 1700 641 1754; x_wconf 85' lang='lat' dir='ltr'><strong>sciant.</strong></span> <span class='ocrx_word' id='word_1_113' title='bbox 677 1698 816 1752; x_wconf 83' lang='lat' dir='ltr'><strong>illud</strong></span> <span class='ocrx_word' id='word_1_114' title='bbox 874 1711 1007 1751; x_wconf 85' lang='lat' dir='ltr'><strong>sane</strong></span> <span class='ocrx_word' id='word_1_115' title='bbox 1051 1711 1279 1765; x_wconf 85' lang='lat' dir='ltr'><strong>prorsus</strong></span> <span class='ocrx_word' id='word_1_116' title='bbox 1310 1704 1689 1764; x_wconf 82' lang='lat' dir='ltr'><strong>comparatum</strong></span> <span class='ocrx_word' id='word_1_117' title='bbox 1730 1695 2020 1760; x_wconf 87' lang='lat' dir='ltr'><strong>habemus,</strong></span> 
     </span>
    </p>
   </div>
   <div class='ocr_carea' id='block_1_19' title="bbox 2108 498 3711 573">
    <p class='ocr_par' dir='ltr' id='par_1_19' title="bbox 2108 498 3711 573">
     <span class='ocr_line' id='line_1_19' title="bbox 2108 498 3711 573; baseline -0.006 -12"><span class='ocrx_word' id='word_1_118' title='bbox 2108 506 2283 564; x_wconf 86' lang='lat' dir='ltr'><strong>dent:</strong></span> <span class='ocrx_word' id='word_1_119' title='bbox 2345 515 2420 570; x_wconf 90' lang='lat' dir='ltr'><strong>et,</strong></span> <span class='ocrx_word' id='word_1_120' title='bbox 2480 515 2543 560; x_wconf 91' lang='lat' dir='ltr'><strong>ut</strong></span> <span class='ocrx_word' id='word_1_121' title='bbox 2570 504 2701 559; x_wconf 90' lang='lat' dir='ltr'><strong>illud</strong></span> <span class='ocrx_word' id='word_1_122' title='bbox 2735 514 3001 573; x_wconf 83' lang='lat' dir='ltr'><strong>repetam,</strong></span> <span class='ocrx_word' id='word_1_123' title='bbox 3034 500 3262 556; x_wconf 82' lang='lat' dir='ltr'><strong>victoria</strong></span> <span class='ocrx_word' id='word_1_124' title='bbox 3294 506 3385 553; x_wconf 90' lang='lat' dir='ltr'><strong>est</strong></span> <span class='ocrx_word' id='word_1_125' title='bbox 3434 498 3496 552; x_wconf 86' lang='lat' dir='ltr'><strong>in</strong></span> <span class='ocrx_word' id='word_1_126' title='bbox 3525 498 3711 551; x_wconf 83' lang='lat' dir='ltr'><strong>mani-</strong></span> 
     </span>
    </p>
   </div>
   <div class='ocr_carea' id='block_1_20' title="bbox 2112 587 3700 661">
    <p class='ocr_par' dir='ltr' id='par_1_20' title="bbox 2112 587 3700 661">
     <span class='ocr_line' id='line_1_20' title="bbox 2112 587 3700 661; baseline -0.006 -11"><span class='ocrx_word' id='word_1_127' title='bbox 2112 597 2235 661; x_wconf 90' lang='lat' dir='ltr'><strong>bus,</strong></span> <span class='ocrx_word' id='word_1_128' title='bbox 2264 596 2430 652; x_wconf 94' lang='lat' dir='ltr'><strong>modo</strong></span> <span class='ocrx_word' id='word_1_129' title='bbox 2464 595 2669 650; x_wconf 84' lang='lat' dir='ltr'><strong>velitis.</strong></span> <span class='ocrx_word' id='word_1_130' title='bbox 2706 594 2868 649; x_wconf 85' lang='lat' dir='ltr'><strong>Nulla</strong></span> <span class='ocrx_word' id='word_1_131' title='bbox 2894 591 3043 648; x_wconf 90' lang='lat' dir='ltr'><strong>enim</strong></span> <span class='ocrx_word' id='word_1_132' title='bbox 3073 591 3205 645; x_wconf 89' lang='lat' dir='ltr'><strong>belli</strong></span> <span class='ocrx_word' id='word_1_133' title='bbox 3232 588 3470 661; x_wconf 86' lang='lat' dir='ltr'><strong>gerendi</strong></span> <span class='ocrx_word' id='word_1_134' title='bbox 3524 587 3700 642; x_wconf 86' lang='lat' dir='ltr'><strong>facul-</strong></span> 
     </span>
    </p>
   </div>
   <div class='ocr_carea' id='block_1_21' title="bbox 2113 680 3694 754">
    <p class='ocr_par' dir='ltr' id='par_1_21' title="bbox 2113 680 3694 754">
     <span class='ocr_line' id='line_1_21' title="bbox 2113 680 3694 754; baseline -0.004 -13"><span class='ocrx_word' id='word_1_135' title='bbox 2113 697 2195 743; x_wconf 86' lang='lat' dir='ltr'><strong>tas</strong></span> <span class='ocrx_word' id='word_1_136' title='bbox 2256 687 2415 743; x_wconf 89' lang='lat' dir='ltr'><strong>vobis</strong></span> <span class='ocrx_word' id='word_1_137' title='bbox 2467 686 2642 743; x_wconf 87' lang='lat' dir='ltr'><strong>deest.</strong></span> <span class='ocrx_word' id='word_1_138' title='bbox 2672 687 2841 741; x_wconf 84' lang='lat' dir='ltr'><strong>Adest</strong></span> <span class='ocrx_word' id='word_1_139' title='bbox 2870 685 3266 754; x_wconf 88' lang='lat' dir='ltr'><strong>imperatorum</strong></span> <span class='ocrx_word' id='word_1_140' title='bbox 3298 680 3517 745; x_wconf 80' lang='lat' dir='ltr'><strong>virtus,</strong></span> <span class='ocrx_word' id='word_1_141' title='bbox 3559 681 3694 734; x_wconf 57' lang='lat' dir='ltr'><strong>miti-</strong></span> 
     </span>
    </p>
   </div>
   <div class='ocr_carea' id='block_1_22' title="bbox 2114 771 3694 845">
    <p class='ocr_par' dir='ltr' id='par_1_22' title="bbox 2114 771 3694 845">
     <span class='ocr_line' id='line_1_22' title="bbox 2114 771 3694 845; baseline -0.006 -12"><span class='ocrx_word' id='word_1_142' title='bbox 2114 787 2229 833; x_wconf 88' lang='lat' dir='ltr'><strong>tum</strong></span> <span class='ocrx_word' id='word_1_143' title='bbox 2292 793 2554 833; x_wconf 87' lang='lat' dir='ltr'><strong>numerus</strong></span> <span class='ocrx_word' id='word_1_144' title='bbox 2598 788 2657 831; x_wconf 90' lang='lat' dir='ltr'><strong>et</strong></span> <span class='ocrx_word' id='word_1_145' title='bbox 2708 777 2980 845; x_wconf 89' lang='lat' dir='ltr'><strong>potentia.</strong></span> <span class='ocrx_word' id='word_1_146' title='bbox 3034 773 3177 829; x_wconf 86' lang='lat' dir='ltr'><strong>Sunt</strong></span> <span class='ocrx_word' id='word_1_147' title='bbox 3215 772 3473 842; x_wconf 72' lang='lat' dir='ltr'><strong>pecuniae</strong></span> <span class='ocrx_word' id='word_1_148' title='bbox 3527 771 3694 837; x_wconf 82' lang='lat' dir='ltr'><strong>vobis,</strong></span> 
     </span>
    </p>
   </div>
   <div class='ocr_carea' id='block_1_23' title="bbox 2114 862 3701 939">
    <p class='ocr_par' dir='ltr' id='par_1_23' title="bbox 2114 862 3701 939">
     <span class='ocr_line' id='line_1_23' title="bbox 2114 862 3701 939; baseline -0.008 -12"><span class='ocrx_word' id='word_1_149' title='bbox 2114 880 2267 937; x_wconf 86' lang='lat' dir='ltr'><strong>sunt,</strong></span> <span class='ocrx_word' id='word_1_150' title='bbox 2318 869 2485 925; x_wconf 64' lang='lat' dir='ltr'><strong>Italiae</strong></span> <span class='ocrx_word' id='word_1_151' title='bbox 2521 869 2821 939; x_wconf 84' lang='lat' dir='ltr'><strong>principes,</strong></span> <span class='ocrx_word' id='word_1_152' title='bbox 2889 882 3027 938; x_wconf 91' lang='lat' dir='ltr'><strong>quas</strong></span> <span class='ocrx_word' id='word_1_153' title='bbox 3060 882 3170 921; x_wconf 90' lang='lat' dir='ltr'><strong>non</strong></span> <span class='ocrx_word' id='word_1_154' title='bbox 3214 864 3406 919; x_wconf 88' lang='lat' dir='ltr'><strong>minus</strong></span> <span class='ocrx_word' id='word_1_155' title='bbox 3426 862 3701 917; x_wconf 81' lang='lat' dir='ltr'><strong>hoctetn-</strong></span> 
     </span>
    </p>
   </div>
   <div class='ocr_carea' id='block_1_24' title="bbox 2115 954 3709 1034">
    <p class='ocr_par' dir='ltr' id='par_1_24' title="bbox 2115 954 3709 1034">
     <span class='ocr_line' id='line_1_24' title="bbox 2115 954 3709 1034; baseline -0.006 -16"><span class='ocrx_word' id='word_1_156' title='bbox 2115 979 2250 1034; x_wconf 91' lang='lat' dir='ltr'><strong>pore</strong></span> <span class='ocrx_word' id='word_1_157' title='bbox 2306 962 2362 1018; x_wconf 92' lang='lat' dir='ltr'><strong>in</strong></span> <span class='ocrx_word' id='word_1_158' title='bbox 2425 963 2706 1032; x_wconf 90' lang='lat' dir='ltr'><strong>publicum</strong></span> <span class='ocrx_word' id='word_1_159' title='bbox 2754 962 3008 1017; x_wconf 89' lang='lat' dir='ltr'><strong>conferre</strong></span> <span class='ocrx_word' id='word_1_160' title='bbox 3031 958 3268 1021; x_wconf 86' lang='lat' dir='ltr'><strong>debetis,</strong></span> <span class='ocrx_word' id='word_1_161' title='bbox 3300 971 3476 1027; x_wconf 87' lang='lat' dir='ltr'><strong>quam</strong></span> <span class='ocrx_word' id='word_1_162' title='bbox 3523 954 3709 1024; x_wconf 76' lang='lat' dir='ltr'><strong>priva-</strong></span> 
     </span>
    </p>
   </div>
   <div class='ocr_carea' id='block_1_25' title="bbox 2119 1045 3714 1123">
    <p class='ocr_par' dir='ltr' id='par_1_25' title="bbox 2119 1045 3714 1123">
     <span class='ocr_line' id='line_1_25' title="bbox 2119 1045 3714 1123; baseline -0.006 -15"><span class='ocrx_word' id='word_1_163' title='bbox 2119 1063 2231 1108; x_wconf 89' lang='lat' dir='ltr'><strong>tam</strong></span> <span class='ocrx_word' id='word_1_164' title='bbox 2268 1053 2506 1123; x_wconf 91' lang='lat' dir='ltr'><strong>quisque</strong></span> <span class='ocrx_word' id='word_1_165' title='bbox 2557 1053 2813 1113; x_wconf 86' lang='lat' dir='ltr'><strong>salutem,</strong></span> <span class='ocrx_word' id='word_1_166' title='bbox 2846 1052 3015 1119; x_wconf 83' lang='lat' dir='ltr'><strong>leges,</strong></span> <span class='ocrx_word' id='word_1_167' title='bbox 3074 1048 3304 1119; x_wconf 89' lang='lat' dir='ltr'><strong>patriam</strong></span> <span class='ocrx_word' id='word_1_168' title='bbox 3330 1047 3575 1102; x_wconf 86' lang='lat' dir='ltr'><strong>charam</strong></span> <span class='ocrx_word' id='word_1_169' title='bbox 3621 1045 3714 1099; x_wconf 85' lang='lat' dir='ltr'><strong>ba-</strong></span> 
     </span>
    </p>
   </div>
   <div class='ocr_carea' id='block_1_26' title="bbox 2118 1139 3719 1212">
    <p class='ocr_par' dir='ltr' id='par_1_26' title="bbox 2118 1139 3719 1212">
     <span class='ocr_line' id='line_1_26' title="bbox 2118 1139 3719 1212; baseline -0.006 -14"><span class='ocrx_word' id='word_1_170' title='bbox 2118 1146 2234 1200; x_wconf 88' lang='lat' dir='ltr'><strong>bet.</strong></span> <span class='ocrx_word' id='word_1_171' title='bbox 2290 1144 2462 1200; x_wconf 88' lang='lat' dir='ltr'><strong>Debet</strong></span> <span class='ocrx_word' id='word_1_172' title='bbox 2520 1143 2920 1212; x_wconf 85' lang='lat' dir='ltr'><strong>unusquisque,</strong></span> <span class='ocrx_word' id='word_1_173' title='bbox 2985 1139 3232 1211; x_wconf 87' lang='lat' dir='ltr'><strong>diligenti</strong></span> <span class='ocrx_word' id='word_1_174' title='bbox 3261 1153 3447 1193; x_wconf 91' lang='lat' dir='ltr'><strong>rerum</strong></span> <span class='ocrx_word' id='word_1_175' title='bbox 3478 1152 3719 1191; x_wconf 86' lang='lat' dir='ltr'><strong>suarum</strong></span> 
     </span>
    </p>
   </div>
   <div class='ocr_carea' id='block_1_27' title="bbox 2120 1235 3720 1302">
    <p class='ocr_par' dir='ltr' id='par_1_27' title="bbox 2120 1235 3720 1302">
     <span class='ocr_line' id='line_1_27' title="bbox 2120 1235 3720 1302; baseline -0.006 -11"><span class='ocrx_word' id='word_1_176' title='bbox 2120 1236 2334 1292; x_wconf 86' lang='lat' dir='ltr'><strong>ratione</strong></span> <span class='ocrx_word' id='word_1_177' title='bbox 2384 1235 2593 1302; x_wconf 87' lang='lat' dir='ltr'><strong>habita,</strong></span> <span class='ocrx_word' id='word_1_178' title='bbox 2656 1243 2867 1290; x_wconf 88' lang='lat' dir='ltr'><strong>tantum</strong></span> <span class='ocrx_word' id='word_1_179' title='bbox 2918 1247 3150 1302; x_wconf 83' lang='lat' dir='ltr'><strong>erogare</strong></span> <span class='ocrx_word' id='word_1_180' title='bbox 3206 1242 3481 1300; x_wconf 78' lang='lat' dir='ltr'><strong>quantum</strong></span> <span class='ocrx_word' id='word_1_181' title='bbox 3505 1237 3720 1299; x_wconf 81' lang='lat' dir='ltr'><strong>potest.</strong></span> 
     </span>
    </p>
   </div>
   <div class='ocr_carea' id='block_1_28' title="bbox 2121 1319 3720 1396">
    <p class='ocr_par' dir='ltr' id='par_1_28' title="bbox 2121 1319 3720 1396">
     <span class='ocr_line' id='line_1_28' title="bbox 2121 1319 3720 1396; baseline -0.008 -16"><span class='ocrx_word' id='word_1_182' title='bbox 2121 1324 2305 1380; x_wconf 83' lang='lat' dir='ltr'><strong>Audio</strong></span> <span class='ocrx_word' id='word_1_183' title='bbox 2350 1325 2681 1396; x_wconf 85' lang='lat' dir='ltr'><strong>Byzantinos</strong></span> <span class='ocrx_word' id='word_1_184' title='bbox 2737 1338 2770 1378; x_wconf 91' lang='lat' dir='ltr'><strong>a</strong></span> <span class='ocrx_word' id='word_1_185' title='bbox 2824 1322 3107 1377; x_wconf 86' lang='lat' dir='ltr'><strong>nonnullis</strong></span> <span class='ocrx_word' id='word_1_186' title='bbox 3160 1320 3437 1382; x_wconf 86' lang='lat' dir='ltr'><strong>accusari,</strong></span> <span class='ocrx_word' id='word_1_187' title='bbox 3466 1320 3626 1387; x_wconf 82' lang='lat' dir='ltr'><strong>quod</strong></span> <span class='ocrx_word' id='word_1_188' title='bbox 3664 1319 3720 1369; x_wconf 90' lang='lat' dir='ltr'><strong>in</strong></span> 
     </span>
    </p>
   </div>
   <div class='ocr_carea' id='block_1_29' title="bbox 2122 1413 3719 1485">
    <p class='ocr_par' dir='ltr' id='par_1_29' title="bbox 2122 1413 3719 1485">
     <span class='ocr_line' id='line_1_29' title="bbox 2122 1413 3719 1485; baseline -0.007 -13"><span class='ocrx_word' id='word_1_189' title='bbox 2122 1417 2299 1472; x_wconf 87' lang='lat' dir='ltr'><strong>salute</strong></span> <span class='ocrx_word' id='word_1_190' title='bbox 2353 1417 2631 1472; x_wconf 91' lang='lat' dir='ltr'><strong>communi</strong></span> <span class='ocrx_word' id='word_1_191' title='bbox 2678 1416 2905 1485; x_wconf 70' lang='lat' dir='ltr'><strong>privatae</strong></span> <span class='ocrx_word' id='word_1_192' title='bbox 2960 1413 3211 1485; x_wconf 69' lang='lat' dir='ltr'><strong>pecunize</strong></span> <span class='ocrx_word' id='word_1_193' title='bbox 3250 1418 3581 1481; x_wconf 83' lang='lat' dir='ltr'><strong>parcentes,</strong></span> <span class='ocrx_word' id='word_1_194' title='bbox 3611 1423 3719 1462; x_wconf 88' lang='lat' dir='ltr'><strong>sua</strong></span> 
     </span>
    </p>
   </div>
   <div class='ocr_carea' id='block_1_30' title="bbox 2126 1494 3719 1576">
    <p class='ocr_par' dir='ltr' id='par_1_30' title="bbox 2126 1494 3719 1576">
     <span class='ocr_line' id='line_1_30' title="bbox 2126 1494 3719 1576; baseline -0.009 -15"><span class='ocrx_word' id='word_1_195' title='bbox 2126 1507 2312 1561; x_wconf 84' lang='lat' dir='ltr'><strong>omnia</strong></span> <span class='ocrx_word' id='word_1_196' title='bbox 2334 1506 2479 1561; x_wconf 90' lang='lat' dir='ltr'><strong>hosti</strong></span> <span class='ocrx_word' id='word_1_197' title='bbox 2503 1505 2874 1576; x_wconf 73' lang='lat' dir='ltr'><strong>prodiderunt</strong></span> <span class='ocrx_word' id='word_1_198' title='bbox 2906 1523 2920 1559; x_wconf 91' lang='lat'>:</span> <span class='ocrx_word' id='word_1_199' title='bbox 2956 1503 3014 1558; x_wconf 92' lang='lat' dir='ltr'><strong>in</strong></span> <span class='ocrx_word' id='word_1_200' title='bbox 3064 1517 3175 1573; x_wconf 91' lang='lat' dir='ltr'><strong>quo</strong></span> <span class='ocrx_word' id='word_1_201' title='bbox 3203 1499 3462 1572; x_wconf 84' lang='lat' dir='ltr'><strong>profecto</strong></span> <span class='ocrx_word' id='word_1_202' title='bbox 3498 1494 3719 1565; x_wconf 79' lang='lat' dir='ltr'><strong>gravis-</strong></span> 
     </span>
    </p>
   </div>
   <div class='ocr_carea' id='block_1_31' title="bbox 2126 1586 3711 1669">
    <p class='ocr_par' dir='ltr' id='par_1_31' title="bbox 2126 1586 3711 1669">
     <span class='ocr_line' id='line_1_31' title="bbox 2126 1586 3711 1669; baseline -0.01 -16"><span class='ocrx_word' id='word_1_203' title='bbox 2126 1599 2264 1653; x_wconf 89' lang='lat' dir='ltr'><strong>sima</strong></span> <span class='ocrx_word' id='word_1_204' title='bbox 2291 1596 2453 1668; x_wconf 90' lang='lat' dir='ltr'><strong>culpa</strong></span> <span class='ocrx_word' id='word_1_205' title='bbox 2478 1597 2627 1669; x_wconf 87' lang='lat' dir='ltr'><strong>digni</strong></span> <span class='ocrx_word' id='word_1_206' title='bbox 2649 1605 2801 1662; x_wconf 88' lang='lat' dir='ltr'><strong>sunt,</strong></span> <span class='ocrx_word' id='word_1_207' title='bbox 2838 1594 3148 1663; x_wconf 88' lang='lat' dir='ltr'><strong>meritoque</strong></span> <span class='ocrx_word' id='word_1_208' title='bbox 3189 1586 3711 1661; x_wconf 84' lang='lat' dir='ltr'><strong>reprehenduntur.</strong></span> 
     </span>
    </p>
   </div>
   <div class='ocr_carea' id='block_1_32' title="bbox 2129 1678 3711 1757">
    <p class='ocr_par' dir='ltr' id='par_1_32' title="bbox 2129 1678 3711 1757">
     <span class='ocr_line' id='line_1_32' title="bbox 2129 1678 3711 1757; baseline -0.008 -17"><span class='ocrx_word' id='word_1_209' title='bbox 2129 1685 2187 1740; x_wconf 86' lang='lat' dir='ltr'><strong>Id</strong></span> <span class='ocrx_word' id='word_1_210' title='bbox 2241 1702 2310 1741; x_wconf 88' lang='lat' dir='ltr'><strong>ne</strong></span> <span class='ocrx_word' id='word_1_211' title='bbox 2355 1687 2461 1757; x_wconf 88' lang='lat' dir='ltr'><strong>ipsi</strong></span> <span class='ocrx_word' id='word_1_212' title='bbox 2507 1702 2729 1757; x_wconf 87' lang='lat' dir='ltr'><strong>quoque</strong></span> <span class='ocrx_word' id='word_1_213' title='bbox 2761 1685 3195 1748; x_wconf 87' lang='lat' dir='ltr'><strong>committamus,</strong></span> <span class='ocrx_word' id='word_1_214' title='bbox 3235 1678 3560 1736; x_wconf 81' lang='lat' dir='ltr'><strong>cavendum</strong></span> <span class='ocrx_word' id='word_1_215' title='bbox 3590 1684 3711 1738; x_wconf 84' lang='lat' dir='ltr'><strong>est;</strong></span> 
     </span>
    </p>
   </div>
   <div class='ocr_carea' id='block_1_33' title="bbox 442 1755 3717 1859">
    <p class='ocr_par' dir='ltr' id='par_1_33' title="bbox 442 1755 3717 1859">
     <span class='ocr_line' id='line_1_33' title="bbox 442 1755 3717 1859; baseline -0.008 -14"><span class='ocrx_word' id='word_1_216' title='bbox 442 1790 792 1859; x_wconf 79' lang='lat' dir='ltr'><strong>septuaginta</strong></span> <span class='ocrx_word' id='word_1_217' title='bbox 847 1755 1120 1843; x_wconf 54' lang='lat' dir='ltr'><strong>duntaxat</strong></span> <span class='ocrx_word' id='word_1_218' title='bbox 1169 1801 1294 1841; x_wconf 89' lang='lat' dir='ltr'><strong>esse</strong></span> <span class='ocrx_word' id='word_1_219' title='bbox 1346 1755 1634 1841; x_wconf 78' lang='lat' dir='ltr'><strong>hominum</strong></span> <span class='ocrx_word' id='word_1_220' title='bbox 1684 1787 1876 1851; x_wconf 82' lang='lat' dir='ltr'><strong>millia,</strong></span> <span class='ocrx_word' id='word_1_221' title='bbox 1933 1755 2204 1857; x_wconf 57' lang='lat' dir='ltr'><strong>quinae</strong></span> <span class='ocrx_word' id='word_1_222' title='bbox 2261 1755 2414 1848; x_wconf 84' lang='lat' dir='ltr'><strong>quod</strong></span> <span class='ocrx_word' id='word_1_223' title='bbox 2478 1755 2541 1833; x_wconf 75' lang='lat' dir='ltr'><strong>in</strong></span> <span class='ocrx_word' id='word_1_224' title='bbox 2573 1755 2696 1834; x_wconf 79' lang='lat' dir='ltr'><strong>aliis</strong></span> <span class='ocrx_word' id='word_1_225' title='bbox 2722 1788 2884 1848; x_wconf 88' lang='lat' dir='ltr'><strong>turpe</strong></span> <span class='ocrx_word' id='word_1_226' title='bbox 2917 1777 3226 1844; x_wconf 84' lang='lat' dir='ltr'><strong>inutileque</strong></span> <span class='ocrx_word' id='word_1_227' title='bbox 3250 1773 3425 1828; x_wconf 83' lang='lat' dir='ltr'><strong>fuisse</strong></span> <span class='ocrx_word' id='word_1_228' title='bbox 3451 1767 3717 1839; x_wconf 79' lang='lat' dir='ltr'><strong>cognovi-</strong></span> 
     </span>
    </p>
   </div>
   <div class='ocr_carea' id='block_1_34' title="bbox 445 1876 2030 1951">
    <p class='ocr_par' dir='ltr' id='par_1_34' title="bbox 445 1876 2030 1951">
     <span class='ocr_line' id='line_1_34' title="bbox 445 1876 2030 1951; baseline -0.003 -14"><span class='ocrx_word' id='word_1_229' title='bbox 445 1880 719 1951; x_wconf 82' lang='lat' dir='ltr'><strong>stipendia</strong></span> <span class='ocrx_word' id='word_1_230' title='bbox 749 1893 816 1932; x_wconf 90' lang='lat' dir='ltr'><strong>ex</strong></span> <span class='ocrx_word' id='word_1_231' title='bbox 846 1878 1070 1948; x_wconf 89' lang='lat' dir='ltr'><strong>publico</strong></span> <span class='ocrx_word' id='word_1_232' title='bbox 1102 1877 1299 1933; x_wconf 73' lang='lat' dir='ltr'><strong>aerario</strong></span> <span class='ocrx_word' id='word_1_233' title='bbox 1330 1877 1552 1932; x_wconf 82' lang='lat' dir='ltr'><strong>faciant.</strong></span> <span class='ocrx_word' id='word_1_234' title='bbox 1571 1876 1676 1932; x_wconf 86' lang='lat' dir='ltr'><strong>Sed</strong></span> <span class='ocrx_word' id='word_1_235' title='bbox 1706 1877 1894 1932; x_wconf 84' lang='lat' dir='ltr'><strong>audite</strong></span> <span class='ocrx_word' id='word_1_236' title='bbox 1916 1891 2030 1942; x_wconf 84' lang='lat' dir='ltr'><strong>me,</strong></span> 
     </span>
    </p>
   </div>
   <div class='ocr_carea' id='block_1_35' title="bbox 447 1968 2032 2042">
    <p class='ocr_par' dir='ltr' id='par_1_35' title="bbox 447 1968 2032 2042">
     <span class='ocr_line' id='line_1_35' title="bbox 447 1968 2032 2042; baseline -0.003 -15"><span class='ocrx_word' id='word_1_237' title='bbox 447 1988 655 2042; x_wconf 58' lang='lat' dir='ltr'><strong>quaso,</strong></span> <span class='ocrx_word' id='word_1_238' title='bbox 704 1984 1001 2040; x_wconf 88' lang='lat' dir='ltr'><strong>parumper</strong></span> <span class='ocrx_word' id='word_1_239' title='bbox 1028 1984 1187 2038; x_wconf 75' lang='lat' dir='ltr'><strong>aequo</strong></span> <span class='ocrx_word' id='word_1_240' title='bbox 1230 1968 1435 2023; x_wconf 88' lang='lat' dir='ltr'><strong>animo.</strong></span> <span class='ocrx_word' id='word_1_241' title='bbox 1479 1968 1558 2023; x_wconf 85' lang='lat' dir='ltr'><strong>Ex</strong></span> <span class='ocrx_word' id='word_1_242' title='bbox 1589 1985 1655 2024; x_wconf 92' lang='lat' dir='ltr'><strong>eo</strong></span> <span class='ocrx_word' id='word_1_243' title='bbox 1685 1968 2032 2039; x_wconf 89' lang='lat' dir='ltr'><strong>septuaginta</strong></span> 
     </span>
    </p>
   </div>
   <div class='ocr_carea' id='block_1_36' title="bbox 447 2060 2034 2130">
    <p class='ocr_par' dir='ltr' id='par_1_36' title="bbox 447 2060 2034 2130">
     <span class='ocr_line' id='line_1_36' title="bbox 447 2060 2034 2130; baseline -0.002 -14"><span class='ocrx_word' id='word_1_244' title='bbox 447 2063 682 2117; x_wconf 88' lang='lat' dir='ltr'><strong>millium</strong></span> <span class='ocrx_word' id='word_1_245' title='bbox 714 2060 999 2115; x_wconf 83' lang='lat' dir='ltr'><strong>hominum</strong></span> <span class='ocrx_word' id='word_1_246' title='bbox 1029 2072 1282 2122; x_wconf 89' lang='lat' dir='ltr'><strong>numero,</strong></span> <span class='ocrx_word' id='word_1_247' title='bbox 1334 2068 1534 2129; x_wconf 66' lang='lat' dir='ltr'><strong>praeter</strong></span> <span class='ocrx_word' id='word_1_248' title='bbox 1584 2060 1901 2130; x_wconf 87' lang='lat' dir='ltr'><strong>quindecim</strong></span> <span class='ocrx_word' id='word_1_249' title='bbox 1953 2062 2034 2113; x_wconf 86' lang='lat' dir='ltr'><strong>vi-</strong></span> 
     </span>
    </p>
   </div>
   <div class='ocr_carea' id='block_1_37' title="bbox 446 2148 2034 2220">
    <p class='ocr_par' dir='ltr' id='par_1_37' title="bbox 446 2148 2034 2220">
     <span class='ocr_line' id='line_1_37' title="bbox 446 2148 2034 2220; baseline 0.003 -16"><span class='ocrx_word' id='word_1_250' title='bbox 446 2151 657 2220; x_wconf 86' lang='lat' dir='ltr'><strong>gintive</strong></span> <span class='ocrx_word' id='word_1_251' title='bbox 720 2150 913 2215; x_wconf 85' lang='lat' dir='ltr'><strong>millia,</strong></span> <span class='ocrx_word' id='word_1_252' title='bbox 964 2148 1032 2203; x_wconf 90' lang='lat' dir='ltr'><strong>ad</strong></span> <span class='ocrx_word' id='word_1_253' title='bbox 1090 2164 1392 2213; x_wconf 87' lang='lat' dir='ltr'><strong>summum,</strong></span> <span class='ocrx_word' id='word_1_254' title='bbox 1426 2150 1523 2218; x_wconf 90' lang='lat' dir='ltr'><strong>qui</strong></span> <span class='ocrx_word' id='word_1_255' title='bbox 1559 2149 1914 2220; x_wconf 84' lang='lat' dir='ltr'><strong>imperatoris</strong></span> <span class='ocrx_word' id='word_1_256' title='bbox 1949 2156 2034 2209; x_wconf 89' lang='lat' dir='ltr'><strong>sui</strong></span> 
     </span>
    </p>
   </div>
   <div class='ocr_carea' id='block_1_38' title="bbox 449 2241 2037 2311">
    <p class='ocr_par' dir='ltr' id='par_1_38' title="bbox 449 2241 2037 2311">
     <span class='ocr_line' id='line_1_38' title="bbox 449 2241 2037 2311; baseline 0.001 -14"><span class='ocrx_word' id='word_1_257' title='bbox 449 2244 596 2299; x_wconf 83' lang='lat' dir='ltr'><strong>latus</strong></span> <span class='ocrx_word' id='word_1_258' title='bbox 650 2243 1064 2304; x_wconf 84' lang='lat' dir='ltr'><strong>custodientes,</strong></span> <span class='ocrx_word' id='word_1_259' title='bbox 1123 2241 1505 2311; x_wconf 85' lang='lat' dir='ltr'><strong>quotidianam</strong></span> <span class='ocrx_word' id='word_1_260' title='bbox 1565 2245 1876 2299; x_wconf 83' lang='lat' dir='ltr'><strong>mercedem</strong></span> <span class='ocrx_word' id='word_1_261' title='bbox 1941 2259 2037 2299; x_wconf 85' lang='lat' dir='ltr'><strong>ca-</strong></span> 
     </span>
    </p>
   </div>
   <div class='ocr_carea' id='block_1_39' title="bbox 447 2334 2033 2405">
    <p class='ocr_par' dir='ltr' id='par_1_39' title="bbox 447 2334 2033 2405">
     <span class='ocr_line' id='line_1_39' title="bbox 447 2334 2033 2405; baseline 0.002 -18"><span class='ocrx_word' id='word_1_262' title='bbox 447 2337 644 2405; x_wconf 88' lang='lat' dir='ltr'><strong>piunt,</strong></span> <span class='ocrx_word' id='word_1_263' title='bbox 701 2334 905 2403; x_wconf 88' lang='lat' dir='ltr'><strong>reliqui</strong></span> <span class='ocrx_word' id='word_1_264' title='bbox 980 2349 1175 2389; x_wconf 89' lang='lat' dir='ltr'><strong>omnes</strong></span> <span class='ocrx_word' id='word_1_265' title='bbox 1265 2336 1545 2388; x_wconf 84' lang='lat' dir='ltr'><strong>sociorum</strong></span> <span class='ocrx_word' id='word_1_266' title='bbox 1614 2336 2033 2404; x_wconf 77' lang='lat' dir='ltr'><strong>provincialium</strong></span> 
     </span>
    </p>
   </div>
   <div class='ocr_carea' id='block_1_40' title="bbox 448 2425 2033 2496">
    <p class='ocr_par' dir='ltr' id='par_1_40' title="bbox 448 2425 2033 2496">
     <span class='ocr_line' id='line_1_40' title="bbox 448 2425 2033 2496; baseline 0.002 -17"><span class='ocrx_word' id='word_1_267' title='bbox 448 2426 679 2481; x_wconf 86' lang='lat' dir='ltr'><strong>tributis</strong></span> <span class='ocrx_word' id='word_1_268' title='bbox 728 2425 787 2479; x_wconf 84' lang='lat' dir='ltr'><strong>in</strong></span> <span class='ocrx_word' id='word_1_269' title='bbox 852 2425 999 2480; x_wconf 90' lang='lat' dir='ltr'><strong>bello</strong></span> <span class='ocrx_word' id='word_1_270' title='bbox 1039 2433 1459 2491; x_wconf 80' lang='lat' dir='ltr'><strong>sustentantur;</strong></span> <span class='ocrx_word' id='word_1_271' title='bbox 1503 2441 1627 2496; x_wconf 68' lang='lat' dir='ltr'><strong>quae</strong></span> <span class='ocrx_word' id='word_1_272' title='bbox 1655 2440 1789 2481; x_wconf 87' lang='lat' dir='ltr'><strong>sane</strong></span> <span class='ocrx_word' id='word_1_273' title='bbox 1825 2428 2033 2482; x_wconf 86' lang='lat' dir='ltr'><strong>tributa</strong></span> 
     </span>
    </p>
   </div>
   <div class='ocr_carea' id='block_1_41' title="bbox 449 2515 2031 2585">
    <p class='ocr_par' dir='ltr' id='par_1_41' title="bbox 449 2515 2031 2585">
     <span class='ocr_line' id='line_1_41' title="bbox 449 2515 2031 2585; baseline 0 -14"><span class='ocrx_word' id='word_1_274' title='bbox 449 2517 588 2572; x_wconf 85' lang='lat' dir='ltr'><strong>adeo</strong></span> <span class='ocrx_word' id='word_1_275' title='bbox 634 2517 837 2585; x_wconf 82' lang='lat' dir='ltr'><strong>exigua</strong></span> <span class='ocrx_word' id='word_1_276' title='bbox 896 2524 1047 2580; x_wconf 87' lang='lat' dir='ltr'><strong>sunt,</strong></span> <span class='ocrx_word' id='word_1_277' title='bbox 1107 2515 1245 2569; x_wconf 88' lang='lat' dir='ltr'><strong>adeo</strong></span> <span class='ocrx_word' id='word_1_278' title='bbox 1295 2516 1723 2585; x_wconf 86' lang='lat' dir='ltr'><strong>suppeditantur</strong></span> <span class='ocrx_word' id='word_1_279' title='bbox 1771 2520 2031 2585; x_wconf 85' lang='lat' dir='ltr'><strong>tenuiter,</strong></span> 
     </span>
    </p>
   </div>
   <div class='ocr_carea' id='block_1_42' title="bbox 450 2604 2031 2673">
    <p class='ocr_par' dir='ltr' id='par_1_42' title="bbox 450 2604 2031 2673">
     <span class='ocr_line' id='line_1_42' title="bbox 450 2604 2031 2673; baseline 0.003 -11"><span class='ocrx_word' id='word_1_280' title='bbox 450 2616 515 2662; x_wconf 88' lang='lat' dir='ltr'><strong>ut</strong></span> <span class='ocrx_word' id='word_1_281' title='bbox 567 2615 686 2660; x_wconf 88' lang='lat' dir='ltr'><strong>toto</strong></span> <span class='ocrx_word' id='word_1_282' title='bbox 744 2620 892 2659; x_wconf 86' lang='lat' dir='ltr'><strong>anno</strong></span> <span class='ocrx_word' id='word_1_283' title='bbox 957 2604 1048 2658; x_wconf 91' lang='lat' dir='ltr'><strong>vix</strong></span> <span class='ocrx_word' id='word_1_284' title='bbox 1110 2615 1350 2673; x_wconf 88' lang='lat' dir='ltr'><strong>quatuor</strong></span> <span class='ocrx_word' id='word_1_285' title='bbox 1404 2606 1690 2661; x_wconf 90' lang='lat' dir='ltr'><strong>mensibus</strong></span> <span class='ocrx_word' id='word_1_286' title='bbox 1720 2610 2031 2666; x_wconf 84' lang='lat' dir='ltr'><strong>mercedem</strong></span> 
     </span>
    </p>
   </div>
   <div class='ocr_carea' id='block_1_43' title="bbox 457 2697 2035 2773">
    <p class='ocr_par' dir='ltr' id='par_1_43' title="bbox 457 2697 2035 2773">
     <span class='ocr_line' id='line_1_43' title="bbox 457 2697 2035 2773; baseline 0.004 -21"><span class='ocrx_word' id='word_1_287' title='bbox 457 2698 753 2767; x_wconf 86' lang='lat' dir='ltr'><strong>accipiant.</strong></span> <span class='ocrx_word' id='word_1_288' title='bbox 816 2698 897 2751; x_wconf 88' lang='lat' dir='ltr'><strong>Ex</strong></span> <span class='ocrx_word' id='word_1_289' title='bbox 955 2713 1014 2752; x_wconf 89' lang='lat' dir='ltr'><strong>re</strong></span> <span class='ocrx_word' id='word_1_290' title='bbox 1067 2697 1271 2751; x_wconf 76' lang='lat' dir='ltr'><strong>fectant</strong></span> <span class='ocrx_word' id='word_1_291' title='bbox 1308 2698 1509 2752; x_wconf 90' lang='lat' dir='ltr'><strong>videtis</strong></span> <span class='ocrx_word' id='word_1_292' title='bbox 1535 2710 1595 2753; x_wconf 88' lang='lat' dir='ltr'><strong>ut</strong></span> <span class='ocrx_word' id='word_1_293' title='bbox 1626 2702 1831 2755; x_wconf 84' lang='lat' dir='ltr'><strong>nullam</strong></span> <span class='ocrx_word' id='word_1_294' title='bbox 1863 2718 2035 2773; x_wconf 78' lang='lat' dir='ltr'><strong>expe-</strong></span> 
     </span>
    </p>
   </div>
   <div class='ocr_carea' id='block_1_44' title="bbox 452 2788 2026 2860">
    <p class='ocr_par' dir='ltr' id='par_1_44' title="bbox 452 2788 2026 2860">
     <span class='ocr_line' id='line_1_44' title="bbox 452 2788 2026 2860; baseline 0.006 -18"><span class='ocrx_word' id='word_1_295' title='bbox 452 2789 717 2844; x_wconf 83' lang='lat' dir='ltr'><strong>ditionem</strong></span> <span class='ocrx_word' id='word_1_296' title='bbox 737 2788 1129 2858; x_wconf 83' lang='lat' dir='ltr'><strong>quadrimestrl</strong></span> <span class='ocrx_word' id='word_1_297' title='bbox 1156 2789 1562 2844; x_wconf 82' lang='lat' dir='ltr'><strong>diuturniorem</strong></span> <span class='ocrx_word' id='word_1_298' title='bbox 1600 2795 1892 2860; x_wconf 87' lang='lat' dir='ltr'><strong>sustineat,</strong></span> <span class='ocrx_word' id='word_1_299' title='bbox 1923 2797 2026 2851; x_wconf 89' lang='lat' dir='ltr'><strong>sed</strong></span> 
     </span>
    </p>
   </div>
   <div class='ocr_carea' id='block_1_45' title="bbox 454 2879 2031 2953">
    <p class='ocr_par' dir='ltr' id='par_1_45' title="bbox 454 2879 2031 2953">
     <span class='ocr_line' id='line_1_45' title="bbox 454 2879 2031 2953; baseline 0.005 -19"><span class='ocrx_word' id='word_1_300' title='bbox 454 2894 551 2934; x_wconf 86' lang='lat' dir='ltr'><strong>eos</strong></span> <span class='ocrx_word' id='word_1_301' title='bbox 582 2894 777 2934; x_wconf 86' lang='lat' dir='ltr'><strong>omnes</strong></span> <span class='ocrx_word' id='word_1_302' title='bbox 802 2879 1069 2941; x_wconf 88' lang='lat' dir='ltr'><strong>dimittat,</strong></span> <span class='ocrx_word' id='word_1_303' title='bbox 1103 2879 1365 2949; x_wconf 88' lang='lat' dir='ltr'><strong>quoniam</strong></span> <span class='ocrx_word' id='word_1_304' title='bbox 1400 2880 1697 2948; x_wconf 68' lang='lat' dir='ltr'><strong>provinciae</strong></span> <span class='ocrx_word' id='word_1_305' title='bbox 1738 2888 2031 2953; x_wconf 85' lang='lat' dir='ltr'><strong>pecuniam</strong></span> 
     </span>
    </p>
   </div>
   <div class='ocr_carea' id='block_1_46' title="bbox 454 2970 2029 3043">
    <p class='ocr_par' dir='ltr' id='par_1_46' title="bbox 454 2970 2029 3043">
     <span class='ocr_line' id='line_1_46' title="bbox 454 2970 2029 3043; baseline 0.006 -19"><span class='ocrx_word' id='word_1_306' title='bbox 454 2972 690 3036; x_wconf 84' lang='lat' dir='ltr'><strong>amplius</strong></span> <span class='ocrx_word' id='word_1_307' title='bbox 742 2985 854 3025; x_wconf 87' lang='lat' dir='ltr'><strong>non</strong></span> <span class='ocrx_word' id='word_1_308' title='bbox 914 2970 1357 3023; x_wconf 80' lang='lat' dir='ltr'><strong>subministrant.</strong></span> <span class='ocrx_word' id='word_1_309' title='bbox 1411 2971 1528 3036; x_wconf 91' lang='lat' dir='ltr'><strong>Qua</strong></span> <span class='ocrx_word' id='word_1_310' title='bbox 1581 2986 1766 3027; x_wconf 90' lang='lat' dir='ltr'><strong>rerum</strong></span> <span class='ocrx_word' id='word_1_311' title='bbox 1797 2979 2029 3043; x_wconf 89' lang='lat' dir='ltr'><strong>penuria</strong></span> 
     </span>
    </p>
   </div>
   <div class='ocr_carea' id='block_1_47' title="bbox 2134 1866 3712 1940">
    <p class='ocr_par' dir='ltr' id='par_1_47' title="bbox 2134 1866 3712 1940">
     <span class='ocr_line' id='line_1_47' title="bbox 2134 1866 3712 1940; baseline -0.008 -19"><span class='ocrx_word' id='word_1_312' title='bbox 2134 1882 2260 1924; x_wconf 89' lang='lat' dir='ltr'><strong>mus</strong></span> <span class='ocrx_word' id='word_1_313' title='bbox 2320 1878 2378 1923; x_wconf 89' lang='lat' dir='ltr'><strong>et</strong></span> <span class='ocrx_word' id='word_1_314' title='bbox 2435 1870 2727 1935; x_wconf 89' lang='lat' dir='ltr'><strong>sentimus,</strong></span> <span class='ocrx_word' id='word_1_315' title='bbox 2792 1866 3297 1940; x_wconf 81' lang='lat' dir='ltr'><strong>imprudentissimo</strong></span> <span class='ocrx_word' id='word_1_316' title='bbox 3385 1874 3712 1931; x_wconf 82' lang='lat' dir='ltr'><strong>sequamur.</strong></span> 
     </span>
    </p>
   </div>
   <div class='ocr_carea' id='block_1_48' title="bbox 2131 1954 3712 2031">
    <p class='ocr_par' dir='ltr' id='par_1_48' title="bbox 2131 1954 3712 2031">
     <span class='ocr_line' id='line_1_48' title="bbox 2131 1954 3712 2031; baseline -0.007 -15"><span class='ocrx_word' id='word_1_317' title='bbox 2131 1959 2463 2031; x_wconf 84' lang='lat' dir='ltr'><strong>Comparato</strong></span> <span class='ocrx_word' id='word_1_318' title='bbox 2497 1977 2527 2015; x_wconf 89' lang='lat' dir='ltr'><strong>a</strong></span> <span class='ocrx_word' id='word_1_319' title='bbox 2559 1962 2716 2016; x_wconf 89' lang='lat' dir='ltr'><strong>nobis</strong></span> <span class='ocrx_word' id='word_1_320' title='bbox 2744 1960 3013 2026; x_wconf 82' lang='lat' dir='ltr'><strong>exercitu,</strong></span> <span class='ocrx_word' id='word_1_321' title='bbox 3049 1958 3181 2029; x_wconf 91' lang='lat' dir='ltr'><strong>quid</strong></span> <span class='ocrx_word' id='word_1_322' title='bbox 3208 1965 3314 2025; x_wconf 88' lang='lat' dir='ltr'><strong>est,</strong></span> <span class='ocrx_word' id='word_1_323' title='bbox 3347 1954 3505 2025; x_wconf 90' lang='lat' dir='ltr'><strong>quod</strong></span> <span class='ocrx_word' id='word_1_324' title='bbox 3534 1954 3712 2007; x_wconf 82' lang='lat' dir='ltr'><strong>vieto-</strong></span> 
     </span>
    </p>
   </div>
   <div class='ocr_carea' id='block_1_49' title="bbox 2134 2045 3710 2123">
    <p class='ocr_par' dir='ltr' id='par_1_49' title="bbox 2134 2045 3710 2123">
     <span class='ocr_line' id='line_1_49' title="bbox 2134 2045 3710 2123; baseline -0.004 -17"><span class='ocrx_word' id='word_1_325' title='bbox 2134 2052 2272 2107; x_wconf 85' lang='lat' dir='ltr'><strong>riam</strong></span> <span class='ocrx_word' id='word_1_326' title='bbox 2302 2054 2538 2123; x_wconf 64' lang='lat' dir='ltr'><strong>laetaque</strong></span> <span class='ocrx_word' id='word_1_327' title='bbox 2568 2056 2754 2109; x_wconf 86' lang='lat' dir='ltr'><strong>omnia</strong></span> <span class='ocrx_word' id='word_1_328' title='bbox 2788 2069 2899 2107; x_wconf 90' lang='lat' dir='ltr'><strong>non</strong></span> <span class='ocrx_word' id='word_1_329' title='bbox 2927 2050 3227 2122; x_wconf 84' lang='lat' dir='ltr'><strong>portendat</strong></span> <span class='ocrx_word' id='word_1_330' title='bbox 3256 2045 3710 2119; x_wconf 81' lang='lat' dir='ltr'><strong>acpollieeatur?</strong></span> 
     </span>
    </p>
   </div>
   <div class='ocr_carea' id='block_1_50' title="bbox 2134 2140 3707 2215">
    <p class='ocr_par' dir='ltr' id='par_1_50' title="bbox 2134 2140 3707 2215">
     <span class='ocr_line' id='line_1_50' title="bbox 2134 2140 3707 2215; baseline -0.004 -18"><span class='ocrx_word' id='word_1_331' title='bbox 2134 2142 2329 2199; x_wconf 77' lang='lat' dir='ltr'><strong>Aderit</strong></span> <span class='ocrx_word' id='word_1_332' title='bbox 2376 2145 2525 2200; x_wconf 89' lang='lat' dir='ltr'><strong>Deus</strong></span> <span class='ocrx_word' id='word_1_333' title='bbox 2575 2144 2704 2215; x_wconf 89' lang='lat' dir='ltr'><strong>Opt.</strong></span> <span class='ocrx_word' id='word_1_334' title='bbox 2770 2144 3059 2209; x_wconf 81' lang='lat' dir='ltr'><strong>Maximus,</strong></span> <span class='ocrx_word' id='word_1_335' title='bbox 3119 2157 3220 2213; x_wconf 87' lang='lat' dir='ltr'><strong>pro</strong></span> <span class='ocrx_word' id='word_1_336' title='bbox 3264 2142 3429 2211; x_wconf 86' lang='lat' dir='ltr'><strong>cujus</strong></span> <span class='ocrx_word' id='word_1_337' title='bbox 3482 2140 3707 2209; x_wconf 83' lang='lat' dir='ltr'><strong>pietate,</strong></span> 
     </span>
    </p>
   </div>
   <div class='ocr_carea' id='block_1_51' title="bbox 2136 2230 3708 2308">
    <p class='ocr_par' dir='ltr' id='par_1_51' title="bbox 2136 2230 3708 2308">
     <span class='ocr_line' id='line_1_51' title="bbox 2136 2230 3708 2308; baseline -0.006 -18"><span class='ocrx_word' id='word_1_338' title='bbox 2136 2236 2329 2305; x_wconf 83' lang='lat' dir='ltr'><strong>gloria,</strong></span> <span class='ocrx_word' id='word_1_339' title='bbox 2370 2236 2474 2291; x_wconf 81' lang='lat' dir='ltr'><strong>fide</strong></span> <span class='ocrx_word' id='word_1_340' title='bbox 2501 2237 2883 2307; x_wconf 80' lang='lat' dir='ltr'><strong>ampliﬁcanda</strong></span> <span class='ocrx_word' id='word_1_341' title='bbox 2916 2236 3318 2308; x_wconf 85' lang='lat' dir='ltr'><strong>pugnabimus,</strong></span> <span class='ocrx_word' id='word_1_342' title='bbox 3348 2232 3514 2303; x_wconf 82' lang='lat' dir='ltr'><strong>cujus</strong></span> <span class='ocrx_word' id='word_1_343' title='bbox 3568 2230 3708 2298; x_wconf 83' lang='lat' dir='ltr'><strong>inju-</strong></span> 
     </span>
    </p>
   </div>
   <div class='ocr_carea' id='block_1_52' title="bbox 2137 2326 3711 2395">
    <p class='ocr_par' dir='ltr' id='par_1_52' title="bbox 2137 2326 3711 2395">
     <span class='ocr_line' id='line_1_52' title="bbox 2137 2326 3711 2395; baseline -0.003 -13"><span class='ocrx_word' id='word_1_344' title='bbox 2137 2328 2250 2384; x_wconf 87' lang='lat' dir='ltr'><strong>rias</strong></span> <span class='ocrx_word' id='word_1_345' title='bbox 2301 2328 2657 2385; x_wconf 89' lang='lat' dir='ltr'><strong>ulciscemur.</strong></span> <span class='ocrx_word' id='word_1_346' title='bbox 2718 2330 2895 2386; x_wconf 79' lang='lat' dir='ltr'><strong>iratus</strong></span> <span class='ocrx_word' id='word_1_347' title='bbox 2952 2329 3097 2386; x_wconf 85' lang='lat' dir='ltr'><strong>hosti</strong></span> <span class='ocrx_word' id='word_1_348' title='bbox 3122 2336 3228 2393; x_wconf 90' lang='lat' dir='ltr'><strong>est,</strong></span> <span class='ocrx_word' id='word_1_349' title='bbox 3260 2326 3426 2382; x_wconf 90' lang='lat' dir='ltr'><strong>nobis</strong></span> <span class='ocrx_word' id='word_1_350' title='bbox 3455 2339 3711 2395; x_wconf 83' lang='lat' dir='ltr'><strong>prosper,</strong></span> 
     </span>
    </p>
   </div>
   <div class='ocr_carea' id='block_1_53' title="bbox 2137 2417 3715 2491">
    <p class='ocr_par' dir='ltr' id='par_1_53' title="bbox 2137 2417 3715 2491">
     <span class='ocr_line' id='line_1_53' title="bbox 2137 2417 3715 2491; baseline -0.004 -17"><span class='ocrx_word' id='word_1_351' title='bbox 2137 2420 2232 2489; x_wconf 90' lang='lat' dir='ltr'><strong>qui</strong></span> <span class='ocrx_word' id='word_1_352' title='bbox 2269 2428 2515 2475; x_wconf 82' lang='lat' dir='ltr'><strong>nostram</strong></span> <span class='ocrx_word' id='word_1_353' title='bbox 2548 2420 2730 2475; x_wconf 87' lang='lat' dir='ltr'><strong>hacin</strong></span> <span class='ocrx_word' id='word_1_354' title='bbox 2756 2437 2817 2475; x_wconf 88' lang='lat' dir='ltr'><strong>re</strong></span> <span class='ocrx_word' id='word_1_355' title='bbox 2852 2433 3078 2491; x_wconf 89' lang='lat' dir='ltr'><strong>operam</strong></span> <span class='ocrx_word' id='word_1_356' title='bbox 3137 2430 3193 2474; x_wconf 89' lang='lat' dir='ltr'><strong>et</strong></span> <span class='ocrx_word' id='word_1_357' title='bbox 3217 2417 3462 2473; x_wconf 89' lang='lat' dir='ltr'><strong>laborem</strong></span> <span class='ocrx_word' id='word_1_358' title='bbox 3490 2429 3601 2469; x_wconf 91' lang='lat' dir='ltr'><strong>non</strong></span> <span class='ocrx_word' id='word_1_359' title='bbox 3631 2429 3715 2468; x_wconf 86' lang='lat' dir='ltr'><strong>so-</strong></span> 
     </span>
    </p>
   </div>
   <div class='ocr_carea' id='block_1_54' title="bbox 2135 2510 3710 2585">
    <p class='ocr_par' dir='ltr' id='par_1_54' title="bbox 2135 2510 3710 2585">
     <span class='ocr_line' id='line_1_54' title="bbox 2135 2510 3710 2585; baseline -0.003 -18"><span class='ocrx_word' id='word_1_360' title='bbox 2135 2513 2250 2568; x_wconf 89' lang='lat' dir='ltr'><strong>lum</strong></span> <span class='ocrx_word' id='word_1_361' title='bbox 2301 2514 2521 2584; x_wconf 88' lang='lat' dir='ltr'><strong>accipit,</strong></span> <span class='ocrx_word' id='word_1_362' title='bbox 2578 2515 2678 2571; x_wconf 86' lang='lat' dir='ltr'><strong>sed</strong></span> <span class='ocrx_word' id='word_1_363' title='bbox 2717 2516 2909 2585; x_wconf 81' lang='lat' dir='ltr'><strong>exigit,</strong></span> <span class='ocrx_word' id='word_1_364' title='bbox 2944 2514 3039 2571; x_wconf 91' lang='lat' dir='ltr'><strong>sed</strong></span> <span class='ocrx_word' id='word_1_365' title='bbox 3065 2514 3292 2585; x_wconf 89' lang='lat' dir='ltr'><strong>repetit,</strong></span> <span class='ocrx_word' id='word_1_366' title='bbox 3326 2512 3423 2567; x_wconf 88' lang='lat' dir='ltr'><strong>sed</strong></span> <span class='ocrx_word' id='word_1_367' title='bbox 3460 2510 3710 2566; x_wconf 84' lang='lat' dir='ltr'><strong>debitum</strong></span> 
     </span>
    </p>
   </div>
   <div class='ocr_carea' id='block_1_55' title="bbox 2148 2601 3712 2678">
    <p class='ocr_par' dir='ltr' id='par_1_55' title="bbox 2148 2601 3712 2678">
     <span class='ocr_line' id='line_1_55' title="bbox 2148 2601 3712 2678; baseline -0.003 -20"><span class='ocrx_word' id='word_1_368' title='bbox 2148 2604 2256 2659; x_wconf 85' lang='lat' dir='ltr'><strong>sibi</strong></span> <span class='ocrx_word' id='word_1_369' title='bbox 2292 2605 2449 2660; x_wconf 88' lang='lat' dir='ltr'><strong>reddi</strong></span> <span class='ocrx_word' id='word_1_370' title='bbox 2478 2605 2652 2678; x_wconf 85' lang='lat' dir='ltr'><strong>jubet.</strong></span> <span class='ocrx_word' id='word_1_371' title='bbox 2707 2625 2726 2659; x_wconf 77' lang='lat' dir='ltr'><strong>t</strong></span> <span class='ocrx_word' id='word_1_372' title='bbox 2770 2607 2849 2662; x_wconf 81' lang='lat' dir='ltr'><strong>Ne</strong></span> <span class='ocrx_word' id='word_1_373' title='bbox 2898 2606 3116 2671; x_wconf 88' lang='lat' dir='ltr'><strong>timeas,</strong></span> <span class='ocrx_word' id='word_1_374' title='bbox 3167 2605 3366 2675; x_wconf 89' lang='lat' dir='ltr'><strong>inquit,</strong></span> <span class='ocrx_word' id='word_1_375' title='bbox 3394 2619 3425 2658; x_wconf 93' lang='lat' dir='ltr'><strong>a</strong></span> <span class='ocrx_word' id='word_1_376' title='bbox 3456 2601 3599 2657; x_wconf 85' lang='lat' dir='ltr'><strong>facie</strong></span> <span class='ocrx_word' id='word_1_377' title='bbox 3628 2616 3712 2656; x_wconf 86' lang='lat' dir='ltr'><strong>eo-</strong></span> 
     </span>
    </p>
   </div>
   <div class='ocr_carea' id='block_1_56' title="bbox 2134 2696 3711 2769">
    <p class='ocr_par' dir='ltr' id='par_1_56' title="bbox 2134 2696 3711 2769">
     <span class='ocr_line' id='line_1_56' title="bbox 2134 2696 3711 2769; baseline -0.001 -19"><span class='ocrx_word' id='word_1_378' title='bbox 2134 2710 2281 2764; x_wconf 90' lang='lat' dir='ltr'><strong>rum,</strong></span> <span class='ocrx_word' id='word_1_379' title='bbox 2311 2699 2439 2767; x_wconf 89' lang='lat' dir='ltr'><strong>quia</strong></span> <span class='ocrx_word' id='word_1_380' title='bbox 2466 2714 2566 2769; x_wconf 84' lang='lat' dir='ltr'><strong>ego</strong></span> <span class='ocrx_word' id='word_1_381' title='bbox 2602 2707 2783 2755; x_wconf 90' lang='lat' dir='ltr'><strong>tecum</strong></span> <span class='ocrx_word' id='word_1_382' title='bbox 2834 2714 2955 2754; x_wconf 88' lang='lat' dir='ltr'><strong>sum</strong></span> <span class='ocrx_word' id='word_1_383' title='bbox 2983 2707 3045 2754; x_wconf 92' lang='lat' dir='ltr'><strong>ut</strong></span> <span class='ocrx_word' id='word_1_384' title='bbox 3079 2713 3269 2753; x_wconf 89' lang='lat' dir='ltr'><strong>eruam</strong></span> <span class='ocrx_word' id='word_1_385' title='bbox 3299 2706 3373 2751; x_wconf 88' lang='lat' dir='ltr'><strong>te.</strong></span> <span class='ocrx_word' id='word_1_386' title='bbox 3404 2696 3487 2751; x_wconf 81' lang='lat' dir='ltr'><strong>Ne</strong></span> <span class='ocrx_word' id='word_1_387' title='bbox 3521 2696 3711 2749; x_wconf 81' lang='lat' dir='ltr'><strong>timeas</strong></span> 
     </span>
    </p>
   </div>
   <div class='ocr_carea' id='block_1_57' title="bbox 2136 2785 3708 2851">
    <p class='ocr_par' dir='ltr' id='par_1_57' title="bbox 2136 2785 3708 2851">
     <span class='ocr_line' id='line_1_57' title="bbox 2136 2785 3708 2851; baseline 0.001 -13"><span class='ocrx_word' id='word_1_388' title='bbox 2136 2800 2167 2838; x_wconf 91' lang='lat' dir='ltr'><strong>a</strong></span> <span class='ocrx_word' id='word_1_389' title='bbox 2199 2785 2337 2841; x_wconf 89' lang='lat' dir='ltr'><strong>facie</strong></span> <span class='ocrx_word' id='word_1_390' title='bbox 2359 2801 2551 2841; x_wconf 91' lang='lat' dir='ltr'><strong>eorum</strong></span> <span class='ocrx_word' id='word_1_391' title='bbox 2580 2804 2597 2851; x_wconf 77' lang='grc' dir='ltr'>ς</span> <span class='ocrx_word' id='word_1_392' title='bbox 2642 2803 2746 2843; x_wconf 88' lang='lat' dir='ltr'><strong>nec</strong></span> <span class='ocrx_word' id='word_1_393' title='bbox 2798 2790 2943 2843; x_wconf 87' lang='lat' dir='ltr'><strong>enim</strong></span> <span class='ocrx_word' id='word_1_394' title='bbox 2982 2798 3033 2843; x_wconf 91' lang='lat' dir='ltr'><strong>te</strong></span> <span class='ocrx_word' id='word_1_395' title='bbox 3058 2787 3254 2842; x_wconf 88' lang='lat' dir='ltr'><strong>faciam</strong></span> <span class='ocrx_word' id='word_1_396' title='bbox 3287 2787 3482 2840; x_wconf 87' lang='lat' dir='ltr'><strong>timere</strong></span> <span class='ocrx_word' id='word_1_397' title='bbox 3504 2786 3708 2839; x_wconf 85' lang='lat' dir='ltr'><strong>vultum</strong></span> 
     </span>
    </p>
   </div>
   <div class='ocr_carea' id='block_1_58' title="bbox 2134 2876 3706 2948">
    <p class='ocr_par' dir='ltr' id='par_1_58' title="bbox 2134 2876 3706 2948">
     <span class='ocr_line' id='line_1_58' title="bbox 2134 2876 3706 2948; baseline 0.001 -19"><span class='ocrx_word' id='word_1_398' title='bbox 2134 2889 2350 2931; x_wconf 90' lang='lat' dir='ltr'><strong>eorum.</strong></span> <span class='ocrx_word' id='word_1_399' title='bbox 2382 2876 2671 2932; x_wconf 86' lang='lat' dir='ltr'><strong>Dellabunt</strong></span> <span class='ocrx_word' id='word_1_400' title='bbox 2700 2879 2977 2934; x_wconf 87' lang='lat' dir='ltr'><strong>adversus</strong></span> <span class='ocrx_word' id='word_1_401' title='bbox 3001 2889 3075 2943; x_wconf 92' lang='lat' dir='ltr'><strong>te,</strong></span> <span class='ocrx_word' id='word_1_402' title='bbox 3107 2887 3163 2933; x_wconf 93' lang='lat' dir='ltr'><strong>et</strong></span> <span class='ocrx_word' id='word_1_403' title='bbox 3181 2894 3289 2932; x_wconf 89' lang='lat' dir='ltr'><strong>non</strong></span> <span class='ocrx_word' id='word_1_404' title='bbox 3315 2877 3706 2948; x_wconf 68' lang='lat' dir='ltr'><strong>praevalebunt,</strong></span> 
     </span>
    </p>
   </div>
   <div class='ocr_carea' id='block_1_59' title="bbox 2135 2967 3704 3040">
    <p class='ocr_par' dir='ltr' id='par_1_59' title="bbox 2135 2967 3704 3040">
     <span class='ocr_line' id='line_1_59' title="bbox 2135 2967 3704 3040; baseline 0.001 -19"><span class='ocrx_word' id='word_1_405' title='bbox 2135 2967 2264 3037; x_wconf 88' lang='lat' dir='ltr'><strong>quia</strong></span> <span class='ocrx_word' id='word_1_406' title='bbox 2320 2983 2421 3039; x_wconf 91' lang='lat' dir='ltr'><strong>ego</strong></span> <span class='ocrx_word' id='word_1_407' title='bbox 2467 2978 2651 3024; x_wconf 86' lang='lat' dir='ltr'><strong>tecum</strong></span> <span class='ocrx_word' id='word_1_408' title='bbox 2711 2986 2855 3040; x_wconf 88' lang='lat' dir='ltr'><strong>sum,</strong></span> <span class='ocrx_word' id='word_1_409' title='bbox 2915 2970 2992 3025; x_wconf 89' lang='lat' dir='ltr'><strong>ait</strong></span> <span class='ocrx_word' id='word_1_410' title='bbox 3044 2970 3331 3036; x_wconf 86' lang='lat' dir='ltr'><strong>Dominus,</strong></span> <span class='ocrx_word' id='word_1_411' title='bbox 3382 2978 3444 3022; x_wconf 88' lang='lat' dir='ltr'><strong>nt</strong></span> <span class='ocrx_word' id='word_1_412' title='bbox 3480 2970 3704 3023; x_wconf 82' lang='lat' dir='ltr'><strong>liberem</strong></span> 
     </span>
    </p>
   </div>
   <div class='ocr_carea' id='block_1_60' title="bbox 456 3057 3706 3140">
    <p class='ocr_par' dir='ltr' id='par_1_60' title="bbox 456 3057 3706 3140">
     <span class='ocr_line' id='line_1_60' title="bbox 456 3057 3706 3140; baseline 0.002 -25"><span class='ocrx_word' id='word_1_413' title='bbox 456 3070 676 3117; x_wconf 84' lang='lat' dir='ltr'><strong>coaetos</strong></span> <span class='ocrx_word' id='word_1_414' title='bbox 738 3059 985 3130; x_wconf 72' lang='lat' dir='ltr'><strong>Byzantii</strong></span> <span class='ocrx_word' id='word_1_415' title='bbox 1043 3074 1195 3140; x_wconf 62' lang='lat' dir='ltr'><strong>saepe</strong></span> <span class='ocrx_word' id='word_1_416' title='bbox 1235 3059 1496 3128; x_wconf 87' lang='lat' dir='ltr'><strong>vidimus,</strong></span> <span class='ocrx_word' id='word_1_417' title='bbox 1528 3075 1656 3116; x_wconf 90' lang='lat' dir='ltr'><strong>cum</strong></span> <span class='ocrx_word' id='word_1_418' title='bbox 1685 3062 2031 3122; x_wconf 87' lang='lat' dir='ltr'><strong>dimitteren-</strong></span> <span class='ocrx_word' id='word_1_419' title='bbox 2058 3081 2102 3140; x_wconf 75' lang='grc' dir='ltr'>ο</span> <span class='ocrx_word' id='word_1_420' title='bbox 2138 3067 2210 3113; x_wconf 77' lang='grc' dir='ltr'><strong>ιε·</strong></span> <span class='ocrx_word' id='word_1_421' title='bbox 2241 3077 2261 3110; x_wconf 74' lang='grc' dir='ltr'><strong>ι</strong></span> <span class='ocrx_word' id='word_1_422' title='bbox 2306 3057 2372 3112; x_wconf 77' lang='lat' dir='ltr'><strong>El</strong></span> <span class='ocrx_word' id='word_1_423' title='bbox 2432 3061 2501 3114; x_wconf 70' lang='lat' dir='ltr'><strong>ad</strong></span> <span class='ocrx_word' id='word_1_424' title='bbox 2553 3059 2762 3116; x_wconf 59' lang='lat' dir='ltr'><strong>Iosue:</strong></span> <span class='ocrx_word' id='word_1_425' title='bbox 2800 3078 2819 3113; x_wconf 70' lang='grc' dir='ltr'><strong>ε</strong></span> <span class='ocrx_word' id='word_1_426' title='bbox 2860 3060 3002 3117; x_wconf 82' lang='lat' dir='ltr'><strong>Ecce</strong></span> <span class='ocrx_word' id='word_1_427' title='bbox 3063 3076 3164 3131; x_wconf 74' lang='lat' dir='ltr'><strong>ego</strong></span> <span class='ocrx_word' id='word_1_428' title='bbox 3215 3059 3339 3114; x_wconf 75' lang='lat' dir='ltr'><strong>dedi</strong></span> <span class='ocrx_word' id='word_1_429' title='bbox 3394 3060 3449 3113; x_wconf 80' lang='grc' dir='ltr'><strong>ίη</strong></span> <span class='ocrx_word' id='word_1_430' title='bbox 3520 3073 3706 3112; x_wconf 66' lang='lat' dir='ltr'><strong>manus</strong></span> 
     </span>
    </p>
   </div>
   <div class='ocr_carea' id='block_1_61' title="bbox 452 3138 2031 3219">
    <p class='ocr_par' dir='ltr' id='par_1_61' title="bbox 452 3138 2031 3219">
     <span class='ocr_line' id='line_1_61' title="bbox 452 3138 2031 3219; baseline 0.003 -15"><span class='ocrx_word' id='word_1_431' title='bbox 452 3161 581 3213; x_wconf 89' lang='lat' dir='ltr'><strong>tur,</strong></span> <span class='ocrx_word' id='word_1_432' title='bbox 641 3160 696 3204; x_wconf 90' lang='lat' dir='ltr'><strong>et</strong></span> <span class='ocrx_word' id='word_1_433' title='bbox 766 3164 963 3219; x_wconf 87' lang='lat' dir='ltr'><strong>equos,</strong></span> <span class='ocrx_word' id='word_1_434' title='bbox 1020 3138 1076 3204; x_wconf 75' lang='lat' dir='ltr'><strong>et</strong></span> <span class='ocrx_word' id='word_1_435' title='bbox 1107 3162 1281 3214; x_wconf 87' lang='lat' dir='ltr'><strong>arma,</strong></span> <span class='ocrx_word' id='word_1_436' title='bbox 1307 3157 1365 3203; x_wconf 90' lang='lat' dir='ltr'><strong>et</strong></span> <span class='ocrx_word' id='word_1_437' title='bbox 1389 3158 1572 3207; x_wconf 87' lang='lat' dir='ltr'><strong>vestes</strong></span> <span class='ocrx_word' id='word_1_438' title='bbox 1599 3151 1933 3216; x_wconf 84' lang='lat' dir='ltr'><strong>vendidisse,</strong></span> <span class='ocrx_word' id='word_1_439' title='bbox 1970 3164 2031 3208; x_wconf 89' lang='lat' dir='ltr'><strong>ut</strong></span> 
     </span>
    </p>
   </div>
   <div class='ocr_carea' id='block_1_62' title="bbox 450 3241 2029 3311">
    <p class='ocr_par' dir='ltr' id='par_1_62' title="bbox 450 3241 2029 3311">
     <span class='ocr_line' id='line_1_62' title="bbox 450 3241 2029 3311; baseline 0.004 -16"><span class='ocrx_word' id='word_1_440' title='bbox 450 3243 677 3296; x_wconf 83' lang='lat' dir='ltr'><strong>domum</strong></span> <span class='ocrx_word' id='word_1_441' title='bbox 731 3242 1021 3311; x_wconf 77' lang='lat' dir='ltr'><strong>pervenire</strong></span> <span class='ocrx_word' id='word_1_442' title='bbox 1075 3248 1321 3310; x_wconf 79' lang='lat' dir='ltr'><strong>possent.</strong></span> <span class='ocrx_word' id='word_1_443' title='bbox 1358 3241 1503 3297; x_wconf 56' lang='lat' dir='ltr'><strong>&#39;Hoc</strong></span> <span class='ocrx_word' id='word_1_444' title='bbox 1572 3242 1744 3297; x_wconf 87' lang='lat' dir='ltr'><strong>robur</strong></span> <span class='ocrx_word' id='word_1_445' title='bbox 1809 3244 2029 3303; x_wconf 85' lang='lat' dir='ltr'><strong>hostilis</strong></span> 
     </span>
    </p>
   </div>
   <div class='ocr_carea' id='block_1_63' title="bbox 451 3332 2034 3409">
    <p class='ocr_par' dir='ltr' id='par_1_63' title="bbox 451 3332 2034 3409">
     <span class='ocr_line' id='line_1_63' title="bbox 451 3332 2034 3409; baseline 0.004 -21"><span class='ocrx_word' id='word_1_446' title='bbox 451 3334 753 3398; x_wconf 81' lang='lat' dir='ltr'><strong>exercitus,</strong></span> <span class='ocrx_word' id='word_1_447' title='bbox 803 3334 921 3388; x_wconf 68' lang='lat' dir='ltr'><strong>hate</strong></span> <span class='ocrx_word' id='word_1_448' title='bbox 984 3333 1324 3404; x_wconf 90' lang='lat' dir='ltr'><strong>magnitudo,</strong></span> <span class='ocrx_word' id='word_1_449' title='bbox 1355 3332 1447 3389; x_wconf 84' lang='lat' dir='ltr'><strong>hic</strong></span> <span class='ocrx_word' id='word_1_450' title='bbox 1483 3333 1765 3391; x_wconf 88' lang='lat' dir='ltr'><strong>mirandus</strong></span> <span class='ocrx_word' id='word_1_451' title='bbox 1790 3337 1882 3393; x_wconf 91' lang='lat' dir='ltr'><strong>ille</strong></span> <span class='ocrx_word' id='word_1_452' title='bbox 1936 3355 2034 3409; x_wconf 83' lang='lat' dir='ltr'><strong>pe-</strong></span> 
     </span>
    </p>
   </div>
   <div class='ocr_carea' id='block_1_64' title="bbox 453 3426 2031 3496">
    <p class='ocr_par' dir='ltr' id='par_1_64' title="bbox 453 3426 2031 3496">
     <span class='ocr_line' id='line_1_64' title="bbox 453 3426 2031 3496; baseline 0.003 -15"><span class='ocrx_word' id='word_1_453' title='bbox 453 3427 663 3483; x_wconf 87' lang='lat' dir='ltr'><strong>ditatus</strong></span> <span class='ocrx_word' id='word_1_454' title='bbox 687 3436 741 3481; x_wconf 89' lang='lat' dir='ltr'><strong>et</strong></span> <span class='ocrx_word' id='word_1_455' title='bbox 772 3428 1072 3496; x_wconf 85' lang='lat' dir='ltr'><strong>equitatus.</strong></span> <span class='ocrx_word' id='word_1_456' title='bbox 1103 3426 1260 3492; x_wconf 84' lang='lat' dir='ltr'><strong>Quod</strong></span> <span class='ocrx_word' id='word_1_457' title='bbox 1291 3427 1337 3480; x_wconf 91' lang='lat' dir='ltr'><strong>si</strong></span> <span class='ocrx_word' id='word_1_458' title='bbox 1367 3426 2031 3496; x_wconf 84' lang='lat' dir='ltr'><strong>Christianusexercitus,</strong></span> 
     </span>
    </p>
   </div>
   <div class='ocr_carea' id='block_1_65' title="bbox 454 3504 2033 3587">
    <p class='ocr_par' dir='ltr' id='par_1_65' title="bbox 454 3504 2033 3587">
     <span class='ocr_line' id='line_1_65' title="bbox 454 3504 2033 3587; baseline 0.003 -16"><span class='ocrx_word' id='word_1_459' title='bbox 454 3518 603 3573; x_wconf 87' lang='lat' dir='ltr'><strong>illius</strong></span> <span class='ocrx_word' id='word_1_460' title='bbox 659 3518 799 3572; x_wconf 82' lang='lat' dir='ltr'><strong>fines</strong></span> <span class='ocrx_word' id='word_1_461' title='bbox 863 3517 1200 3587; x_wconf 83' lang='lat' dir='ltr'><strong>pepulando,</strong></span> <span class='ocrx_word' id='word_1_462' title='bbox 1250 3532 1375 3572; x_wconf 88' lang='lat' dir='ltr'><strong>eum</strong></span> <span class='ocrx_word' id='word_1_463' title='bbox 1421 3526 1537 3573; x_wconf 88' lang='lat' dir='ltr'><strong>toto</strong></span> <span class='ocrx_word' id='word_1_464' title='bbox 1559 3534 1705 3574; x_wconf 91' lang='lat' dir='ltr'><strong>anno</strong></span> <span class='ocrx_word' id='word_1_465' title='bbox 1734 3504 2033 3575; x_wconf 66' lang='lat' dir='ltr'><strong>exercitum</strong></span> 
     </span>
    </p>
   </div>
   <div class='ocr_carea' id='block_1_66' title="bbox 454 3609 2035 3677">
    <p class='ocr_par' dir='ltr' id='par_1_66' title="bbox 454 3609 2035 3677">
     <span class='ocr_line' id='line_1_66' title="bbox 454 3609 2035 3677; baseline 0.002 -12"><span class='ocrx_word' id='word_1_466' title='bbox 454 3610 511 3666; x_wconf 88' lang='lat' dir='ltr'><strong>iu</strong></span> <span class='ocrx_word' id='word_1_467' title='bbox 560 3610 730 3665; x_wconf 74' lang='lat' dir='ltr'><strong>armis</strong></span> <span class='ocrx_word' id='word_1_468' title='bbox 775 3609 979 3663; x_wconf 82' lang='lat' dir='ltr'><strong>habere</strong></span> <span class='ocrx_word' id='word_1_469' title='bbox 1025 3609 1300 3677; x_wconf 85' lang='lat' dir='ltr'><strong>coegerit,</strong></span> <span class='ocrx_word' id='word_1_470' title='bbox 1363 3619 1459 3663; x_wconf 87' lang='lat' dir='ltr'><strong>aut</strong></span> <span class='ocrx_word' id='word_1_471' title='bbox 1515 3626 1545 3664; x_wconf 91' lang='lat' dir='ltr'><strong>a</strong></span> <span class='ocrx_word' id='word_1_472' title='bbox 1588 3612 1705 3666; x_wconf 89' lang='lat' dir='ltr'><strong>suis</strong></span> <span class='ocrx_word' id='word_1_473' title='bbox 1734 3612 2035 3668; x_wconf 82' lang='lat' dir='ltr'><strong>destitutus</strong></span> 
     </span>
    </p>
   </div>
   <div class='ocr_carea' id='block_1_67' title="bbox 452 3697 2034 3769">
    <p class='ocr_par' dir='ltr' id='par_1_67' title="bbox 452 3697 2034 3769">
     <span class='ocr_line' id='line_1_67' title="bbox 452 3697 2034 3769; baseline -0.001 -12"><span class='ocrx_word' id='word_1_474' title='bbox 452 3716 579 3756; x_wconf 86' lang='lat' dir='ltr'><strong>cum</strong></span> <span class='ocrx_word' id='word_1_475' title='bbox 634 3698 831 3768; x_wconf 85' lang='lat' dir='ltr'><strong>exigua</strong></span> <span class='ocrx_word' id='word_1_476' title='bbox 886 3713 1052 3751; x_wconf 86' lang='lat' dir='ltr'><strong>manu</strong></span> <span class='ocrx_word' id='word_1_477' title='bbox 1110 3697 1178 3752; x_wconf 88' lang='lat' dir='ltr'><strong>ad</strong></span> <span class='ocrx_word' id='word_1_478' title='bbox 1233 3712 1472 3767; x_wconf 79' lang='lat' dir='ltr'><strong>pugnam</strong></span> <span class='ocrx_word' id='word_1_479' title='bbox 1539 3699 1896 3769; x_wconf 79' lang='lat' dir='ltr'><strong>impellet-tr,</strong></span> <span class='ocrx_word' id='word_1_480' title='bbox 1938 3702 2034 3756; x_wconf 89' lang='lat' dir='ltr'><strong>ubi</strong></span> 
     </span>
    </p>
   </div>
   <div class='ocr_carea' id='block_1_68' title="bbox 453 3789 2036 3862">
    <p class='ocr_par' dir='ltr' id='par_1_68' title="bbox 453 3789 2036 3862">
     <span class='ocr_line' id='line_1_68' title="bbox 453 3789 2036 3862; baseline 0.002 -15"><span class='ocrx_word' id='word_1_481' title='bbox 453 3791 721 3849; x_wconf 76' lang='lat' dir='ltr'><strong>facillime</strong></span> <span class='ocrx_word' id='word_1_482' title='bbox 777 3789 1032 3858; x_wconf 79' lang='lat' dir='ltr'><strong>superari</strong></span> <span class='ocrx_word' id='word_1_483' title='bbox 1103 3798 1319 3858; x_wconf 66' lang='lat' dir='ltr'><strong>queat;</strong></span> <span class='ocrx_word' id='word_1_484' title='bbox 1342 3798 1441 3844; x_wconf 89' lang='lat' dir='ltr'><strong>aut</strong></span> <span class='ocrx_word' id='word_1_485' title='bbox 1491 3790 1600 3847; x_wconf 90' lang='lat' dir='ltr'><strong>illis</strong></span> <span class='ocrx_word' id='word_1_486' title='bbox 1622 3793 1756 3862; x_wconf 86' lang='lat' dir='ltr'><strong>ipsis</strong></span> <span class='ocrx_word' id='word_1_487' title='bbox 1785 3795 2036 3862; x_wconf 86' lang='lat' dir='ltr'><strong>pecuniis</strong></span> 
     </span>
    </p>
   </div>
   <div class='ocr_carea' id='block_1_69' title="bbox 455 3882 2038 3955">
    <p class='ocr_par' dir='ltr' id='par_1_69' title="bbox 455 3882 2038 3955">
     <span class='ocr_line' id='line_1_69' title="bbox 455 3882 2038 3955; baseline 0.001 -17"><span class='ocrx_word' id='word_1_488' title='bbox 455 3899 581 3955; x_wconf 67' lang='lat' dir='ltr'><strong>qua</strong></span> <span class='ocrx_word' id='word_1_489' title='bbox 632 3882 691 3937; x_wconf 84' lang='lat' dir='ltr'><strong>in</strong></span> <span class='ocrx_word' id='word_1_490' title='bbox 739 3886 861 3953; x_wconf 82' lang='lat' dir='ltr'><strong>ejus</strong></span> <span class='ocrx_word' id='word_1_491' title='bbox 924 3882 1202 3951; x_wconf 76' lang='lat' dir='ltr'><strong>privatum</strong></span> <span class='ocrx_word' id='word_1_492' title='bbox 1242 3882 1496 3936; x_wconf 72' lang='lat' dir='ltr'><strong>aerarium</strong></span> <span class='ocrx_word' id='word_1_493' title='bbox 1532 3886 1915 3948; x_wconf 88' lang='lat' dir='ltr'><strong>conferuntur,</strong></span> <span class='ocrx_word' id='word_1_494' title='bbox 1958 3895 2038 3941; x_wconf 88' lang='lat' dir='ltr'><strong>to-</strong></span> 
     </span>
    </p>
   </div>
   <div class='ocr_carea' id='block_1_70' title="bbox 461 3975 2031 4048">
    <p class='ocr_par' dir='ltr' id='par_1_70' title="bbox 461 3975 2031 4048">
     <span class='ocr_line' id='line_1_70' title="bbox 461 3975 2031 4048; baseline 0.001 -16"><span class='ocrx_word' id='word_1_495' title='bbox 461 3989 579 4033; x_wconf 75' lang='lat' dir='ltr'><strong>tum</strong></span> <span class='ocrx_word' id='word_1_496' title='bbox 635 3976 942 4031; x_wconf 81' lang='lat' dir='ltr'><strong>exercitum</strong></span> <span class='ocrx_word' id='word_1_497' title='bbox 1002 3975 1117 4029; x_wconf 83' lang='lat' dir='ltr'><strong>alat</strong></span> <span class='ocrx_word' id='word_1_498' title='bbox 1172 3989 1399 4032; x_wconf 65' lang='lat' dir='ltr'><strong>newsse</strong></span> <span class='ocrx_word' id='word_1_499' title='bbox 1450 3976 1776 4045; x_wconf 87' lang='lat' dir='ltr'><strong>erit:quod</strong></span> <span class='ocrx_word' id='word_1_500' title='bbox 1812 3979 2031 4048; x_wconf 90' lang='lat' dir='ltr'><strong>quidem</strong></span> 
     </span>
    </p>
   </div>
   <div class='ocr_carea' id='block_1_71' title="bbox 458 4066 2038 4140">
    <p class='ocr_par' dir='ltr' id='par_1_71' title="bbox 458 4066 2038 4140">
     <span class='ocr_line' id='line_1_71' title="bbox 458 4066 2038 4140; baseline 0.003 -17"><span class='ocrx_word' id='word_1_501' title='bbox 458 4078 721 4140; x_wconf 62' lang='lat' dir='ltr'><strong>pl&#39;mSIII&#39;B</strong></span> <span class='ocrx_word' id='word_1_502' title='bbox 761 4068 853 4122; x_wconf 84' lang='lat' dir='ltr'><strong>diu</strong></span> <span class='ocrx_word' id='word_1_503' title='bbox 888 4083 998 4121; x_wconf 90' lang='lat' dir='ltr'><strong>non</strong></span> <span class='ocrx_word' id='word_1_504' title='bbox 1028 4068 1250 4137; x_wconf 80' lang='lat' dir='ltr'><strong>poterit.</strong></span> <span class='ocrx_word' id='word_1_505' title='bbox 1306 4066 1495 4136; x_wconf 87' lang='lat' dir='ltr'><strong>Neque</strong></span> <span class='ocrx_word' id='word_1_506' title='bbox 1542 4067 1712 4131; x_wconf 88' lang='lat' dir='ltr'><strong>enim,</strong></span> <span class='ocrx_word' id='word_1_507' title='bbox 1744 4080 1806 4124; x_wconf 91' lang='lat' dir='ltr'><strong>ut</strong></span> <span class='ocrx_word' id='word_1_508' title='bbox 1830 4079 2038 4128; x_wconf 85' lang='lat' dir='ltr'><strong>temere</strong></span> 
     </span>
    </p>
   </div>
   <div class='ocr_carea' id='block_1_72' title="bbox 467 4155 2038 4230">
    <p class='ocr_par' dir='ltr' id='par_1_72' title="bbox 467 4155 2038 4230">
     <span class='ocr_line' id='line_1_72' title="bbox 467 4155 2038 4230; baseline 0.003 -19"><span class='ocrx_word' id='word_1_509' title='bbox 467 4156 717 4212; x_wconf 85' lang='lat' dir='ltr'><strong>nonnulli</strong></span> <span class='ocrx_word' id='word_1_510' title='bbox 743 4157 975 4225; x_wconf 83' lang='lat' dir='ltr'><strong>jactant.</strong></span> <span class='ocrx_word' id='word_1_511' title='bbox 1013 4155 1279 4209; x_wconf 79' lang='lat' dir='ltr'><strong>immensa</strong></span> <span class='ocrx_word' id='word_1_512' title='bbox 1334 4164 1421 4210; x_wconf 85' lang='lat' dir='ltr'><strong>est</strong></span> <span class='ocrx_word' id='word_1_513' title='bbox 1462 4156 1540 4210; x_wconf 89' lang='lat' dir='ltr'><strong>illi</strong></span> <span class='ocrx_word' id='word_1_514' title='bbox 1572 4161 1825 4225; x_wconf 84' lang='lat' dir='ltr'><strong>pecunia.</strong></span> <span class='ocrx_word' id='word_1_515' title='bbox 1857 4159 2038 4230; x_wconf 82' lang='lat' dir='ltr'><strong>Siqui-</strong></span> 
     </span>
    </p>
   </div>
   <div class='ocr_carea' id='block_1_73' title="bbox 457 4246 2033 4317">
    <p class='ocr_par' dir='ltr' id='par_1_73' title="bbox 457 4246 2033 4317">
     <span class='ocr_line' id='line_1_73' title="bbox 457 4246 2033 4317; baseline 0.001 -10"><span class='ocrx_word' id='word_1_516' title='bbox 457 4250 584 4310; x_wconf 76' lang='lat' dir='ltr'><strong>dem</strong></span> <span class='ocrx_word' id='word_1_517' title='bbox 649 4264 715 4305; x_wconf 82' lang='lat' dir='ltr'><strong>ex</strong></span> <span class='ocrx_word' id='word_1_518' title='bbox 894 4247 988 4316; x_wconf 82' lang='lat' dir='ltr'><strong>qui</strong></span> <span class='ocrx_word' id='word_1_519' title='bbox 1021 4246 1076 4303; x_wconf 91' lang='lat' dir='ltr'><strong>in</strong></span> <span class='ocrx_word' id='word_1_520' title='bbox 1108 4246 1255 4301; x_wconf 83' lang='lat' dir='ltr'><strong>illius</strong></span> <span class='ocrx_word' id='word_1_521' title='bbox 1279 4247 1511 4317; x_wconf 83' lang='lat' dir='ltr'><strong>negotiis</strong></span> <span class='ocrx_word' id='word_1_522' title='bbox 1546 4249 1803 4316; x_wconf 84' lang='lat' dir='ltr'><strong>gerendis</strong></span> <span class='ocrx_word' id='word_1_523' title='bbox 1832 4256 2033 4310; x_wconf 87' lang='lat' dir='ltr'><strong>versati</strong></span> 
     </span>
    </p>
   </div>
   <div class='ocr_carea' id='block_1_74' title="bbox 454 4337 2032 4411">
    <p class='ocr_par' dir='ltr' id='par_1_74' title="bbox 454 4337 2032 4411">
     <span class='ocr_line' id='line_1_74' title="bbox 454 4337 2032 4411; baseline -0.01 -11"><span class='ocrx_word' id='word_1_524' title='bbox 454 4349 609 4405; x_wconf 81' lang='lat' dir='ltr'><strong>sunt,</strong></span> <span class='ocrx_word' id='word_1_525' title='bbox 662 4339 827 4409; x_wconf 86' lang='lat' dir='ltr'><strong>plane</strong></span> <span class='ocrx_word' id='word_1_526' title='bbox 889 4337 1171 4406; x_wconf 79' lang='lat' dir='ltr'><strong>cognitum</strong></span> <span class='ocrx_word' id='word_1_527' title='bbox 1230 4346 1316 4392; x_wconf 89' lang='lat' dir='ltr'><strong>est</strong></span> <span class='ocrx_word' id='word_1_528' title='bbox 1352 4354 1461 4391; x_wconf 86' lang='lat' dir='ltr'><strong>non</strong></span> <span class='ocrx_word' id='word_1_529' title='bbox 1493 4340 1731 4408; x_wconf 85' lang='lat' dir='ltr'><strong>amplius</strong></span> <span class='ocrx_word' id='word_1_530' title='bbox 1752 4356 1917 4411; x_wconf 83' lang='lat' dir='ltr'><strong>quam</strong></span> <span class='ocrx_word' id='word_1_531' title='bbox 1952 4346 2032 4399; x_wconf 60' lang='lat' dir='ltr'><strong>vi-</strong></span> 
     </span>
    </p>
   </div>
   <div class='ocr_carea' id='block_1_75' title="bbox 460 4408 2107 4489">
    <p class='ocr_par' dir='ltr' id='par_1_75' title="bbox 460 4408 2107 4489">
     <span class='ocr_line' id='line_1_75' title="bbox 460 4408 2107 4489; baseline -0.003 1"><span class='ocrx_word' id='word_1_532' title='bbox 460 4430 641 4489; x_wconf 74' lang='lat' dir='ltr'><strong>eesics</strong></span> <span class='ocrx_word' id='word_1_533' title='bbox 668 4408 925 4485; x_wconf 78' lang='lat' dir='ltr'><strong>centena</strong></span> <span class='ocrx_word' id='word_1_534' title='bbox 974 4442 1275 4482; x_wconf 81' lang='lat' dir='ltr'><strong>aureorum</strong></span> <span class='ocrx_word' id='word_1_535' title='bbox 1320 4426 1489 4480; x_wconf 87' lang='lat' dir='ltr'><strong>millia</strong></span> <span class='ocrx_word' id='word_1_536' title='bbox 1549 4443 1618 4482; x_wconf 90' lang='lat' dir='ltr'><strong>ex</strong></span> <span class='ocrx_word' id='word_1_537' title='bbox 1669 4408 1818 4484; x_wconf 78' lang='lat' dir='ltr'><strong>omni</strong></span> <span class='ocrx_word' id='word_1_538' title='bbox 1851 4431 2033 4486; x_wconf 82' lang='lat' dir='ltr'><strong>reddi-</strong></span> <span class='ocrx_word' id='word_1_539' title='bbox 2066 4408 2107 4462; x_wconf 74' lang='grc' dir='ltr'>θ</span> 
     </span>
    </p>
   </div>
   <div class='ocr_carea' id='block_1_76' title="bbox 463 4517 2033 4593">
    <p class='ocr_par' dir='ltr' id='par_1_76' title="bbox 463 4517 2033 4593">
     <span class='ocr_line' id='line_1_76' title="bbox 463 4517 2033 4593; baseline 0.001 -18"><span class='ocrx_word' id='word_1_540' title='bbox 463 4530 619 4577; x_wconf 85' lang='lat' dir='ltr'><strong>tuum</strong></span> <span class='ocrx_word' id='word_1_541' title='bbox 671 4534 883 4572; x_wconf 8' lang='lat' dir='ltr'><strong>submota</strong></span> <span class='ocrx_word' id='word_1_542' title='bbox 933 4518 999 4571; x_wconf 82' lang='lat' dir='ltr'><strong>ad</strong></span> <span class='ocrx_word' id='word_1_543' title='bbox 1051 4533 1176 4571; x_wconf 85' lang='lat' dir='ltr'><strong>eum</strong></span> <span class='ocrx_word' id='word_1_544' title='bbox 1233 4517 1439 4575; x_wconf 85' lang='lat' dir='ltr'><strong>deferri</strong></span> <span class='ocrx_word' id='word_1_545' title='bbox 1479 4519 1683 4574; x_wconf 86' lang='lat' dir='ltr'><strong>:.unde</strong></span> <span class='ocrx_word' id='word_1_546' title='bbox 1749 4530 1807 4575; x_wconf 91' lang='lat' dir='ltr'><strong>et</strong></span> <span class='ocrx_word' id='word_1_547' title='bbox 1840 4522 2033 4593; x_wconf 84' lang='lat' dir='ltr'><strong>viginti</strong></span> 
     </span>
    </p>
   </div>
   <div class='ocr_carea' id='block_1_77' title="bbox 463 4609 2033 4682">
    <p class='ocr_par' dir='ltr' id='par_1_77' title="bbox 463 4609 2033 4682">
     <span class='ocr_line' id='line_1_77' title="bbox 463 4609 2033 4682; baseline 0.003 -17"><span class='ocrx_word' id='word_1_548' title='bbox 463 4612 554 4665; x_wconf 85' lang='lat' dir='ltr'><strong>illa</strong></span> <span class='ocrx_word' id='word_1_549' title='bbox 594 4610 764 4665; x_wconf 79' lang='lat' dir='ltr'><strong>millia</strong></span> <span class='ocrx_word' id='word_1_550' title='bbox 816 4609 1060 4678; x_wconf 76' lang='lat' dir='ltr'><strong>peditum</strong></span> <span class='ocrx_word' id='word_1_551' title='bbox 1112 4609 1417 4664; x_wconf 86' lang='lat' dir='ltr'><strong>liberaliter</strong></span> <span class='ocrx_word' id='word_1_552' title='bbox 1444 4620 1742 4673; x_wconf 84' lang='lat' dir='ltr'><strong>sustentat,</strong></span> <span class='ocrx_word' id='word_1_553' title='bbox 1777 4629 1875 4682; x_wconf 92' lang='lat' dir='ltr'><strong>pro</strong></span> <span class='ocrx_word' id='word_1_554' title='bbox 1905 4630 2033 4670; x_wconf 88' lang='lat' dir='ltr'><strong>eor-</strong></span> 
     </span>
    </p>
   </div>
   <div class='ocr_carea' id='block_1_78' title="bbox 464 4700 2035 4776">
    <p class='ocr_par' dir='ltr' id='par_1_78' title="bbox 464 4700 2035 4776">
     <span class='ocr_line' id='line_1_78' title="bbox 464 4700 2035 4776; baseline 0.004 -22"><span class='ocrx_word' id='word_1_555' title='bbox 464 4702 615 4771; x_wconf 84' lang='lat' dir='ltr'><strong>poris</strong></span> <span class='ocrx_word' id='word_1_556' title='bbox 659 4700 744 4757; x_wconf 87' lang='lat' dir='ltr'><strong>sui</strong></span> <span class='ocrx_word' id='word_1_557' title='bbox 786 4700 1056 4761; x_wconf 86' lang='lat' dir='ltr'><strong>custodia,</strong></span> <span class='ocrx_word' id='word_1_558' title='bbox 1093 4710 1147 4753; x_wconf 84' lang='lat' dir='ltr'><strong>et</strong></span> <span class='ocrx_word' id='word_1_559' title='bbox 1196 4701 1508 4767; x_wconf 83' lang='lat' dir='ltr'><strong>sumptibus</strong></span> <span class='ocrx_word' id='word_1_560' title='bbox 1555 4701 1897 4768; x_wconf 86' lang='lat' dir='ltr'><strong>domesticis,</strong></span> <span class='ocrx_word' id='word_1_561' title='bbox 1942 4708 2035 4776; x_wconf 90' lang='lat' dir='ltr'><strong>qui</strong></span> 
     </span>
    </p>
   </div>
   <div class='ocr_carea' id='block_1_79' title="bbox 465 4789 2036 4865">
    <p class='ocr_par' dir='ltr' id='par_1_79' title="bbox 465 4789 2036 4865">
     <span class='ocr_line' id='line_1_79' title="bbox 465 4789 2036 4865; baseline 0.003 -20"><span class='ocrx_word' id='word_1_562' title='bbox 465 4791 687 4847; x_wconf 86' lang='lat' dir='ltr'><strong>maximi</strong></span> <span class='ocrx_word' id='word_1_563' title='bbox 751 4800 901 4854; x_wconf 87' lang='lat' dir='ltr'><strong>sunt,</strong></span> <span class='ocrx_word' id='word_1_564' title='bbox 960 4790 1247 4844; x_wconf 73' lang='lat' dir='ltr'><strong>satisfecit.</strong></span> <span class='ocrx_word' id='word_1_565' title='bbox 1281 4789 1335 4844; x_wconf 86' lang='lat' dir='ltr'><strong>Si</strong></span> <span class='ocrx_word' id='word_1_566' title='bbox 1379 4791 1511 4859; x_wconf 87' lang='lat' dir='ltr'><strong>quid</strong></span> <span class='ocrx_word' id='word_1_567' title='bbox 1543 4801 1807 4861; x_wconf 61' lang='lat' dir='ltr'><strong>praeterea</strong></span> <span class='ocrx_word' id='word_1_568' title='bbox 1841 4810 2036 4865; x_wconf 85' lang='lat' dir='ltr'><strong>super-</strong></span> 
     </span>
    </p>
   </div>
   <div class='ocr_carea' id='block_1_80' title="bbox 466 4882 2038 4950">
    <p class='ocr_par' dir='ltr' id='par_1_80' title="bbox 466 4882 2038 4950">
     <span class='ocr_line' id='line_1_80' title="bbox 466 4882 2038 4950; baseline 0.002 -11"><span class='ocrx_word' id='word_1_569' title='bbox 466 4894 572 4949; x_wconf 81' lang='lat' dir='ltr'><strong>est,</strong></span> <span class='ocrx_word' id='word_1_570' title='bbox 646 4883 697 4938; x_wconf 89' lang='lat' dir='ltr'><strong>id</strong></span> <span class='ocrx_word' id='word_1_571' title='bbox 745 4898 909 4938; x_wconf 89' lang='lat' dir='ltr'><strong>omne</strong></span> <span class='ocrx_word' id='word_1_572' title='bbox 963 4882 1030 4935; x_wconf 89' lang='lat' dir='ltr'><strong>ad</strong></span> <span class='ocrx_word' id='word_1_573' title='bbox 1075 4896 1248 4946; x_wconf 85' lang='lat' dir='ltr'><strong>arma,</strong></span> <span class='ocrx_word' id='word_1_574' title='bbox 1278 4882 1580 4950; x_wconf 83' lang='lat' dir='ltr'><strong>machinas,</strong></span> <span class='ocrx_word' id='word_1_575' title='bbox 1619 4893 1890 4943; x_wconf 67' lang='lat' dir='ltr'><strong>tormenta</strong></span> <span class='ocrx_word' id='word_1_576' title='bbox 1925 4888 2038 4942; x_wconf 84' lang='lat' dir='ltr'><strong>bel-</strong></span> 
     </span>
    </p>
   </div>
   <div class='ocr_carea' id='block_1_81' title="bbox 398 4972 2035 5045">
    <p class='ocr_par' dir='ltr' id='par_1_81' title="bbox 398 4972 2035 5045">
     <span class='ocr_line' id='line_1_81' title="bbox 398 4972 2035 5045; baseline 0.003 -16"><span class='ocrx_word' id='word_1_577' title='bbox 398 5004 408 5038; x_wconf 60' lang='grc' dir='ltr'><em>ε</em></span> <span class='ocrx_word' id='word_1_578' title='bbox 466 4976 571 5031; x_wconf 85' lang='lat' dir='ltr'><strong>lica</strong></span> <span class='ocrx_word' id='word_1_579' title='bbox 626 4976 846 5045; x_wconf 82' lang='lat' dir='ltr'><strong>penitus</strong></span> <span class='ocrx_word' id='word_1_580' title='bbox 910 4972 1205 5032; x_wconf 84' lang='lat' dir='ltr'><strong>convertit.</strong></span> <span class='ocrx_word' id='word_1_581' title='bbox 1262 4982 1324 5027; x_wconf 88' lang='lat' dir='ltr'><strong>ut</strong></span> <span class='ocrx_word' id='word_1_582' title='bbox 1378 4989 1557 5045; x_wconf 90' lang='lat' dir='ltr'><strong>neque</strong></span> <span class='ocrx_word' id='word_1_583' title='bbox 1612 4976 1886 5032; x_wconf 84' lang='lat' dir='ltr'><strong>conflandi</strong></span> <span class='ocrx_word' id='word_1_584' title='bbox 1921 4980 2035 5035; x_wconf 82' lang='lat' dir='ltr'><strong>the-</strong></span> 
     </span>
    </p>
   </div>
   <div class='ocr_carea' id='block_1_82' title="bbox 475 5064 2034 5139">
    <p class='ocr_par' dir='ltr' id='par_1_82' title="bbox 475 5064 2034 5139">
     <span class='ocr_line' id='line_1_82' title="bbox 475 5064 2034 5139; baseline 0.002 -16"><span class='ocrx_word' id='word_1_585' title='bbox 475 5068 646 5131; x_wconf 77' lang='lat' dir='ltr'><strong>sauri,</strong></span> <span class='ocrx_word' id='word_1_586' title='bbox 692 5079 872 5136; x_wconf 86' lang='lat' dir='ltr'><strong>neque</strong></span> <span class='ocrx_word' id='word_1_587' title='bbox 926 5064 1268 5120; x_wconf 84' lang='lat' dir='ltr'><strong>conducendi</strong></span> <span class='ocrx_word' id='word_1_588' title='bbox 1319 5066 1508 5121; x_wconf 85' lang='lat' dir='ltr'><strong>militis</strong></span> <span class='ocrx_word' id='word_1_589' title='bbox 1543 5068 1593 5121; x_wconf 89' lang='lat' dir='ltr'><strong>ei</strong></span> <span class='ocrx_word' id='word_1_590' title='bbox 1634 5067 1866 5124; x_wconf 78' lang='lat' dir='ltr'><strong>iacui-tas</strong></span> <span class='ocrx_word' id='word_1_591' title='bbox 1900 5088 2034 5139; x_wconf 80' lang='lat' dir='ltr'><strong>pra:-</strong></span> 
     </span>
    </p>
   </div>
   <div class='ocr_carea' id='block_1_83' title="bbox 467 5145 2035 5227">
    <p class='ocr_par' dir='ltr' id='par_1_83' title="bbox 467 5145 2035 5227">
     <span class='ocr_line' id='line_1_83' title="bbox 467 5145 2035 5227; baseline 0.001 -13"><span class='ocrx_word' id='word_1_592' title='bbox 467 5158 684 5214; x_wconf 83' lang='lat' dir='ltr'><strong>beatur.</strong></span> <span class='ocrx_word' id='word_1_593' title='bbox 747 5156 901 5224; x_wconf 87' lang='lat' dir='ltr'><strong>Quod</strong></span> <span class='ocrx_word' id='word_1_594' title='bbox 936 5169 1118 5211; x_wconf 86' lang='lat' dir='ltr'><strong>autem</strong></span> <span class='ocrx_word' id='word_1_595' title='bbox 1168 5167 1277 5211; x_wconf 87' lang='lat' dir='ltr'><strong>tam</strong></span> <span class='ocrx_word' id='word_1_596' title='bbox 1310 5157 1628 5215; x_wconf 71' lang='lat' dir='ltr'><strong>eﬂ&#39;eutinata</strong></span> <span class='ocrx_word' id='word_1_597' title='bbox 1659 5145 2035 5227; x_wconf 84' lang='lat' dir='ltr'><strong>multitudine,</strong></span> 
     </span>
    </p>
   </div>
   <div class='ocr_carea' id='block_1_84' title="bbox 469 5248 2036 5319">
    <p class='ocr_par' dir='ltr' id='par_1_84' title="bbox 469 5248 2036 5319">
     <span class='ocr_line' id='line_1_84' title="bbox 469 5248 2036 5319; baseline 0.002 -16"><span class='ocrx_word' id='word_1_598' title='bbox 469 5260 577 5305; x_wconf 87' lang='lat' dir='ltr'><strong>tam</strong></span> <span class='ocrx_word' id='word_1_599' title='bbox 633 5248 848 5318; x_wconf 77' lang='lat' dir='ltr'><strong>exiguis</strong></span> <span class='ocrx_word' id='word_1_600' title='bbox 895 5248 1127 5312; x_wconf 84' lang='lat' dir='ltr'><strong>viribus,</strong></span> <span class='ocrx_word' id='word_1_601' title='bbox 1194 5256 1275 5302; x_wconf 92' lang='lat' dir='ltr'><strong>tot</strong></span> <span class='ocrx_word' id='word_1_602' title='bbox 1342 5248 1573 5316; x_wconf 81' lang='lat' dir='ltr'><strong>imperia</strong></span> <span class='ocrx_word' id='word_1_603' title='bbox 1630 5251 2036 5319; x_wconf 84' lang='lat' dir='ltr'><strong>Subjugaverit,</strong></span> 
     </span>
    </p>
   </div>
   <div class='ocr_carea' id='block_1_85' title="bbox 466 5340 2037 5411">
    <p class='ocr_par' dir='ltr' id='par_1_85' title="bbox 466 5340 2037 5411">
     <span class='ocr_line' id='line_1_85' title="bbox 466 5340 2037 5411; baseline 0.002 -15"><span class='ocrx_word' id='word_1_604' title='bbox 466 5359 577 5398; x_wconf 84' lang='lat' dir='ltr'><strong>non</strong></span> <span class='ocrx_word' id='word_1_605' title='bbox 629 5341 941 5396; x_wconf 74' lang='lat' dir='ltr'><strong>mirandum</strong></span> <span class='ocrx_word' id='word_1_606' title='bbox 999 5341 1169 5411; x_wconf 86' lang='lat' dir='ltr'><strong>magis</strong></span> <span class='ocrx_word' id='word_1_607' title='bbox 1212 5356 1376 5410; x_wconf 88' lang='lat' dir='ltr'><strong>quam</strong></span> <span class='ocrx_word' id='word_1_608' title='bbox 1414 5340 1718 5395; x_wconf 77' lang='lat' dir='ltr'><strong>dolendum</strong></span> <span class='ocrx_word' id='word_1_609' title='bbox 1754 5353 1864 5398; x_wconf 88' lang='lat' dir='ltr'><strong>est.</strong></span> <span class='ocrx_word' id='word_1_610' title='bbox 1903 5345 2037 5400; x_wconf 81' lang='lat' dir='ltr'><strong>Nul-</strong></span> 
     </span>
    </p>
   </div>
   <div class='ocr_carea' id='block_1_86' title="bbox 466 5432 2039 5492">
    <p class='ocr_par' dir='ltr' id='par_1_86' title="bbox 466 5432 2039 5492">
     <span class='ocr_line' id='line_1_86' title="bbox 466 5432 2039 5492; baseline 0.003 -4"><span class='ocrx_word' id='word_1_611' title='bbox 466 5434 582 5488; x_wconf 85' lang='lat' dir='ltr'><strong>lum</strong></span> <span class='ocrx_word' id='word_1_612' title='bbox 638 5433 783 5487; x_wconf 87' lang='lat' dir='ltr'><strong>enim</strong></span> <span class='ocrx_word' id='word_1_613' title='bbox 835 5432 1029 5487; x_wconf 85' lang='lat' dir='ltr'><strong>habuit</strong></span> <span class='ocrx_word' id='word_1_614' title='bbox 1083 5434 1292 5489; x_wconf 84' lang='lat' dir='ltr'><strong>hostem</strong></span> <span class='ocrx_word' id='word_1_615' title='bbox 1344 5450 1358 5487; x_wconf 90' lang='lat'><strong>:</strong></span> <span class='ocrx_word' id='word_1_616' title='bbox 1404 5433 1567 5488; x_wconf 78' lang='lat' dir='ltr'><strong>facile</strong></span> <span class='ocrx_word' id='word_1_617' title='bbox 1615 5434 1907 5488; x_wconf 84' lang='lat' dir='ltr'><strong>admodum</strong></span> <span class='ocrx_word' id='word_1_618' title='bbox 1936 5437 2039 5492; x_wconf 91' lang='lat' dir='ltr'><strong>fuit</strong></span> 
     </span>
    </p>
   </div>
   <div class='ocr_carea' id='block_1_87' title="bbox 466 5524 2034 5597">
    <p class='ocr_par' dir='ltr' id='par_1_87' title="bbox 466 5524 2034 5597">
     <span class='ocr_line' id='line_1_87' title="bbox 466 5524 2034 5597; baseline 0.001 -17"><span class='ocrx_word' id='word_1_619' title='bbox 466 5527 689 5583; x_wconf 83' lang='lat' dir='ltr'><strong>vincere</strong></span> <span class='ocrx_word' id='word_1_620' title='bbox 738 5541 847 5583; x_wconf 90' lang='lat' dir='ltr'><strong>non</strong></span> <span class='ocrx_word' id='word_1_621' title='bbox 901 5526 1240 5580; x_wconf 76' lang='lat' dir='ltr'><strong>resistentes.</strong></span> <span class='ocrx_word' id='word_1_622' title='bbox 1302 5524 1434 5579; x_wconf 87' lang='lat' dir='ltr'><strong>Date</strong></span> <span class='ocrx_word' id='word_1_623' title='bbox 1465 5525 1681 5594; x_wconf 84' lang='lat' dir='ltr'><strong>signum</strong></span> <span class='ocrx_word' id='word_1_624' title='bbox 1713 5524 1841 5580; x_wconf 89' lang='lat' dir='ltr'><strong>belli</strong></span> <span class='ocrx_word' id='word_1_625' title='bbox 1882 5530 2034 5597; x_wconf 85' lang='lat' dir='ltr'><strong>:jam</strong></span> 
     </span>
    </p>
   </div>
   <div class='ocr_carea' id='block_1_88' title="bbox 469 5604 2037 5687">
    <p class='ocr_par' dir='ltr' id='par_1_88' title="bbox 469 5604 2037 5687">
     <span class='ocr_line' id='line_1_88' title="bbox 469 5604 2037 5687; baseline 0.002 -17"><span class='ocrx_word' id='word_1_626' title='bbox 469 5616 627 5671; x_wconf 79' lang='lat' dir='ltr'><strong>facile</strong></span> <span class='ocrx_word' id='word_1_627' title='bbox 683 5617 1029 5687; x_wconf 84' lang='lat' dir='ltr'><strong>perspicietis</strong></span> <span class='ocrx_word' id='word_1_628' title='bbox 1084 5632 1277 5671; x_wconf 88' lang='lat' dir='ltr'><strong>eorum</strong></span> <span class='ocrx_word' id='word_1_629' title='bbox 1314 5617 1607 5686; x_wconf 81' lang='lat' dir='ltr'><strong>ignaviam.</strong></span> <span class='ocrx_word' id='word_1_630' title='bbox 1662 5604 1733 5673; x_wconf 83' lang='lat' dir='ltr'><strong>Ut</strong></span> <span class='ocrx_word' id='word_1_631' title='bbox 1760 5619 1907 5673; x_wconf 89' lang='lat' dir='ltr'><strong>enim</strong></span> <span class='ocrx_word' id='word_1_632' title='bbox 1943 5636 2037 5675; x_wconf 61' lang='lat' dir='ltr'><strong>cc.</strong></span> 
     </span>
    </p>
   </div>
   <div class='ocr_carea' id='block_1_89' title="bbox 471 5705 2035 5775">
    <p class='ocr_par' dir='ltr' id='par_1_89' title="bbox 471 5705 2035 5775">
     <span class='ocr_line' id='line_1_89' title="bbox 471 5705 2035 5775; baseline 0.003 -15"><span class='ocrx_word' id='word_1_633' title='bbox 471 5705 664 5761; x_wconf 82' lang='lat' dir='ltr'><strong>dentes</strong></span> <span class='ocrx_word' id='word_1_634' title='bbox 704 5708 1057 5761; x_wconf 76' lang='lat' dir='ltr'><strong>vehementer</strong></span> <span class='ocrx_word' id='word_1_635' title='bbox 1108 5705 1494 5775; x_wconf 83' lang='lat' dir='ltr'><strong>insequuntur,</strong></span> <span class='ocrx_word' id='word_1_636' title='bbox 1554 5707 1625 5760; x_wconf 86' lang='lat' dir='ltr'><strong>ita</strong></span> <span class='ocrx_word' id='word_1_637' title='bbox 1681 5709 2035 5773; x_wconf 80' lang='lat' dir='ltr'><strong>insequentes</strong></span> 
     </span>
    </p>
   </div>
   <div class='ocr_carea' id='block_1_90' title="bbox 2135 3149 3707 3225">
    <p class='ocr_par' dir='ltr' id='par_1_90' title="bbox 2135 3149 3707 3225">
     <span class='ocr_line' id='line_1_90' title="bbox 2135 3149 3707 3225; baseline 0.002 -22"><span class='ocrx_word' id='word_1_638' title='bbox 2135 3159 2259 3204; x_wconf 88' lang='lat' dir='ltr'><strong>tuas</strong></span> <span class='ocrx_word' id='word_1_639' title='bbox 2300 3149 2542 3216; x_wconf 74' lang='lat' dir='ltr'><strong>Iericho,</strong></span> <span class='ocrx_word' id='word_1_640' title='bbox 2589 3162 2645 3208; x_wconf 90' lang='lat' dir='ltr'><strong>et</strong></span> <span class='ocrx_word' id='word_1_641' title='bbox 2694 3168 2877 3225; x_wconf 87' lang='lat' dir='ltr'><strong>regem</strong></span> <span class='ocrx_word' id='word_1_642' title='bbox 2927 3154 3070 3225; x_wconf 83' lang='lat' dir='ltr'><strong>ejus,</strong></span> <span class='ocrx_word' id='word_1_643' title='bbox 3098 3169 3403 3224; x_wconf 87' lang='lat' dir='ltr'><strong>omnesque</strong></span> <span class='ocrx_word' id='word_1_644' title='bbox 3432 3152 3607 3206; x_wconf 84' lang='lat' dir='ltr'><strong>fortes</strong></span> <span class='ocrx_word' id='word_1_645' title='bbox 3638 3153 3707 3206; x_wconf 74' lang='lat' dir='ltr'><strong>\i-</strong></span> 
     </span>
    </p>
   </div>
   <div class='ocr_carea' id='block_1_91' title="bbox 2132 3244 3705 3317">
    <p class='ocr_par' dir='ltr' id='par_1_91' title="bbox 2132 3244 3705 3317">
     <span class='ocr_line' id='line_1_91' title="bbox 2132 3244 3705 3317; baseline 0.002 -23"><span class='ocrx_word' id='word_1_646' title='bbox 2132 3256 2245 3298; x_wconf 91' lang='lat' dir='ltr'><strong>ros.</strong></span> <span class='ocrx_word' id='word_1_647' title='bbox 2289 3263 2417 3298; x_wconf 76' lang='grc'><strong>›-‹</strong></span> <span class='ocrx_word' id='word_1_648' title='bbox 2460 3246 2517 3299; x_wconf 83' lang='lat' dir='ltr'><strong>Si</strong></span> <span class='ocrx_word' id='word_1_649' title='bbox 2575 3244 2719 3301; x_wconf 86' lang='lat' dir='ltr'><strong>Deus</strong></span> <span class='ocrx_word' id='word_1_650' title='bbox 2753 3263 2852 3317; x_wconf 92' lang='lat' dir='ltr'><strong>pro</strong></span> <span class='ocrx_word' id='word_1_651' title='bbox 2885 3250 3068 3314; x_wconf 88' lang='lat' dir='ltr'><strong>nobis,</strong></span> <span class='ocrx_word' id='word_1_652' title='bbox 3097 3259 3157 3302; x_wconf 87' lang='lat' dir='ltr'><strong>ut</strong></span> <span class='ocrx_word' id='word_1_653' title='bbox 3188 3248 3363 3317; x_wconf 87' lang='lat' dir='ltr'><strong>inquit</strong></span> <span class='ocrx_word' id='word_1_654' title='bbox 3397 3245 3705 3316; x_wconf 77' lang='lat' dir='ltr'><strong>Apostolus,</strong></span> 
     </span>
    </p>
   </div>
   <div class='ocr_carea' id='block_1_92' title="bbox 2134 3333 3701 3408">
    <p class='ocr_par' dir='ltr' id='par_1_92' title="bbox 2134 3333 3701 3408">
     <span class='ocr_line' id='line_1_92' title="bbox 2134 3333 3701 3408; baseline 0.004 -24"><span class='ocrx_word' id='word_1_655' title='bbox 2134 3333 2256 3401; x_wconf 90' lang='lat' dir='ltr'><strong>quis</strong></span> <span class='ocrx_word' id='word_1_656' title='bbox 2281 3344 2468 3389; x_wconf 88' lang='lat' dir='ltr'><strong>contra</strong></span> <span class='ocrx_word' id='word_1_657' title='bbox 2496 3337 2630 3391; x_wconf 88' lang='lat' dir='ltr'><strong>nos?</strong></span> <span class='ocrx_word' id='word_1_658' title='bbox 2654 3356 2672 3389; x_wconf 73' lang='grc' dir='ltr'><strong><em>ι</em></strong></span> <span class='ocrx_word' id='word_1_659' title='bbox 2710 3338 2826 3408; x_wconf 91' lang='lat' dir='ltr'><strong>Ipse</strong></span> <span class='ocrx_word' id='word_1_660' title='bbox 2850 3337 3047 3394; x_wconf 84' lang='lat' dir='ltr'><strong>etliciet</strong></span> <span class='ocrx_word' id='word_1_661' title='bbox 3080 3346 3138 3393; x_wconf 92' lang='lat' dir='ltr'><strong>ut</strong></span> <span class='ocrx_word' id='word_1_662' title='bbox 3169 3353 3310 3394; x_wconf 90' lang='lat' dir='ltr'><strong>unus</strong></span> <span class='ocrx_word' id='word_1_663' title='bbox 3349 3348 3701 3408; x_wconf 82' lang='lat' dir='ltr'><strong>persequatur</strong></span> 
     </span>
    </p>
   </div>
   <div class='ocr_carea' id='block_1_93' title="bbox 2136 3426 3697 3500">
    <p class='ocr_par' dir='ltr' id='par_1_93' title="bbox 2136 3426 3697 3500">
     <span class='ocr_line' id='line_1_93' title="bbox 2136 3426 3697 3500; baseline 0.004 -23"><span class='ocrx_word' id='word_1_664' title='bbox 2136 3426 2306 3489; x_wconf 81' lang='lat' dir='ltr'><strong>mille,</strong></span> <span class='ocrx_word' id='word_1_665' title='bbox 2334 3438 2388 3480; x_wconf 87' lang='lat' dir='ltr'><strong>et</strong></span> <span class='ocrx_word' id='word_1_666' title='bbox 2421 3428 2530 3481; x_wconf 87' lang='lat' dir='ltr'><strong>duo</strong></span> <span class='ocrx_word' id='word_1_667' title='bbox 2571 3428 2759 3498; x_wconf 80' lang='lat' dir='ltr'><strong>fugare</strong></span> <span class='ocrx_word' id='word_1_668' title='bbox 2797 3432 3011 3500; x_wconf 84' lang='lat' dir='ltr'><strong>possint</strong></span> <span class='ocrx_word' id='word_1_669' title='bbox 3059 3431 3249 3486; x_wconf 87' lang='lat' dir='ltr'><strong>decem</strong></span> <span class='ocrx_word' id='word_1_670' title='bbox 3282 3431 3476 3484; x_wconf 87' lang='lat' dir='ltr'><strong>millia.</strong></span> <span class='ocrx_word' id='word_1_671' title='bbox 3514 3431 3584 3484; x_wconf 79' lang='lat' dir='ltr'><strong>At</strong></span> <span class='ocrx_word' id='word_1_672' title='bbox 3608 3447 3697 3484; x_wconf 87' lang='lat' dir='ltr'><strong>nos</strong></span> 
     </span>
    </p>
   </div>
   <div class='ocr_carea' id='block_1_94' title="bbox 2136 3516 3697 3585">
    <p class='ocr_par' dir='ltr' id='par_1_94' title="bbox 2136 3516 3697 3585">
     <span class='ocr_line' id='line_1_94' title="bbox 2136 3516 3697 3585; baseline 0.006 -16"><span class='ocrx_word' id='word_1_673' title='bbox 2136 3516 2297 3585; x_wconf 86' lang='lat' dir='ltr'><strong>longe</strong></span> <span class='ocrx_word' id='word_1_674' title='bbox 2323 3521 2757 3574; x_wconf 86' lang='lat' dir='ltr'><strong>numerosiorem</strong></span> <span class='ocrx_word' id='word_1_675' title='bbox 2815 3524 3117 3577; x_wconf 88' lang='lat' dir='ltr'><strong>exercitum</strong></span> <span class='ocrx_word' id='word_1_676' title='bbox 3159 3524 3215 3577; x_wconf 91' lang='lat' dir='ltr'><strong>in</strong></span> <span class='ocrx_word' id='word_1_677' title='bbox 3269 3522 3474 3577; x_wconf 83' lang='lat' dir='ltr'><strong>bellum</strong></span> <span class='ocrx_word' id='word_1_678' title='bbox 3506 3523 3697 3579; x_wconf 86' lang='lat' dir='ltr'><strong>ducere</strong></span> 
     </span>
    </p>
   </div>
   <div class='ocr_carea' id='block_1_95' title="bbox 2137 3612 3697 3684">
    <p class='ocr_par' dir='ltr' id='par_1_95' title="bbox 2137 3612 3697 3684">
     <span class='ocr_line' id='line_1_95' title="bbox 2137 3612 3697 3684; baseline 0.004 -22"><span class='ocrx_word' id='word_1_679' title='bbox 2137 3622 2450 3677; x_wconf 87' lang='lat' dir='ltr'><strong>possumus,</strong></span> <span class='ocrx_word' id='word_1_680' title='bbox 2474 3625 2635 3679; x_wconf 89' lang='lat' dir='ltr'><strong>quam</strong></span> <span class='ocrx_word' id='word_1_681' title='bbox 2671 3612 2843 3667; x_wconf 85' lang='lat' dir='ltr'><strong>hostis</strong></span> <span class='ocrx_word' id='word_1_682' title='bbox 2874 3613 3093 3668; x_wconf 87' lang='lat' dir='ltr'><strong>habeat.</strong></span> <span class='ocrx_word' id='word_1_683' title='bbox 3130 3612 3295 3680; x_wconf 86' lang='lat' dir='ltr'><strong>Quid,</strong></span> <span class='ocrx_word' id='word_1_684' title='bbox 3327 3614 3372 3669; x_wconf 92' lang='lat' dir='ltr'><strong>si</strong></span> <span class='ocrx_word' id='word_1_685' title='bbox 3401 3614 3492 3669; x_wconf 89' lang='lat' dir='ltr'><strong>ille</strong></span> <span class='ocrx_word' id='word_1_686' title='bbox 3525 3615 3697 3684; x_wconf 85' lang='lat' dir='ltr'><strong>plures</strong></span> 
     </span>
    </p>
   </div>
   <div class='ocr_carea' id='block_1_96' title="bbox 2136 3702 3696 3761">
    <p class='ocr_par' dir='ltr' id='par_1_96' title="bbox 2136 3702 3696 3761">
     <span class='ocr_line' id='line_1_96' title="bbox 2136 3702 3696 3761; baseline 0.003 -6"><span class='ocrx_word' id='word_1_687' title='bbox 2136 3704 2299 3756; x_wconf 89' lang='lat' dir='ltr'><strong>etiam</strong></span> <span class='ocrx_word' id='word_1_688' title='bbox 2325 3702 2576 3756; x_wconf 89' lang='lat' dir='ltr'><strong>homines</strong></span> <span class='ocrx_word' id='word_1_689' title='bbox 2628 3702 2960 3757; x_wconf 83' lang='lat' dir='ltr'><strong>habeat?an</strong></span> <span class='ocrx_word' id='word_1_690' title='bbox 3010 3704 3256 3759; x_wconf 66' lang='lat' dir='ltr'><strong>victoria:</strong></span> <span class='ocrx_word' id='word_1_691' title='bbox 3282 3719 3479 3759; x_wconf 87' lang='lat' dir='ltr'><strong>cursus</strong></span> <span class='ocrx_word' id='word_1_692' title='bbox 3533 3719 3696 3761; x_wconf 82' lang='lat' dir='ltr'><strong>retar-</strong></span> 
     </span>
    </p>
   </div>
   <div class='ocr_carea' id='block_1_97' title="bbox 2138 3791 3700 3863">
    <p class='ocr_par' dir='ltr' id='par_1_97' title="bbox 2138 3791 3700 3863">
     <span class='ocr_line' id='line_1_97' title="bbox 2138 3791 3700 3863; baseline 0.004 -18"><span class='ocrx_word' id='word_1_693' title='bbox 2138 3791 2399 3846; x_wconf 82' lang='lat' dir='ltr'><strong>dabitur?</strong></span> <span class='ocrx_word' id='word_1_694' title='bbox 2428 3792 2583 3861; x_wconf 88' lang='lat' dir='ltr'><strong>quasi</strong></span> <span class='ocrx_word' id='word_1_695' title='bbox 2616 3807 2748 3846; x_wconf 88' lang='lat' dir='ltr'><strong>vero</strong></span> <span class='ocrx_word' id='word_1_696' title='bbox 2770 3808 2882 3848; x_wconf 88' lang='lat' dir='ltr'><strong>non</strong></span> <span class='ocrx_word' id='word_1_697' title='bbox 2937 3794 3180 3863; x_wconf 90' lang='lat' dir='ltr'><strong>plerique</strong></span> <span class='ocrx_word' id='word_1_698' title='bbox 3214 3797 3491 3852; x_wconf 89' lang='lat' dir='ltr'><strong>exercitus</strong></span> <span class='ocrx_word' id='word_1_699' title='bbox 3527 3799 3700 3851; x_wconf 86' lang='lat' dir='ltr'><strong>multi-</strong></span> 
     </span>
    </p>
   </div>
   <div class='ocr_carea' id='block_1_98' title="bbox 2139 3882 3700 3955">
    <p class='ocr_par' dir='ltr' id='par_1_98' title="bbox 2139 3882 3700 3955">
     <span class='ocr_line' id='line_1_98' title="bbox 2139 3882 3700 3955; baseline 0.002 -18"><span class='ocrx_word' id='word_1_700' title='bbox 2139 3882 2330 3937; x_wconf 89' lang='lat' dir='ltr'><strong>tudine</strong></span> <span class='ocrx_word' id='word_1_701' title='bbox 2397 3882 2619 3947; x_wconf 84' lang='lat' dir='ltr'><strong>infiniti,</strong></span> <span class='ocrx_word' id='word_1_702' title='bbox 2666 3898 2830 3952; x_wconf 84' lang='lat' dir='ltr'><strong>parva</strong></span> <span class='ocrx_word' id='word_1_703' title='bbox 2885 3884 3179 3938; x_wconf 87' lang='lat' dir='ltr'><strong>admodum</strong></span> <span class='ocrx_word' id='word_1_704' title='bbox 3237 3900 3401 3947; x_wconf 88' lang='lat' dir='ltr'><strong>manu</strong></span> <span class='ocrx_word' id='word_1_705' title='bbox 3457 3901 3700 3955; x_wconf 70' lang='lat' dir='ltr'><strong>saepenu-</strong></span> 
     </span>
    </p>
   </div>
   <div class='ocr_carea' id='block_1_99' title="bbox 2138 3973 3699 4044">
    <p class='ocr_par' dir='ltr' id='par_1_99' title="bbox 2138 3973 3699 4044">
     <span class='ocr_line' id='line_1_99' title="bbox 2138 3973 3699 4044; baseline 0.003 -16"><span class='ocrx_word' id='word_1_706' title='bbox 2138 3989 2292 4029; x_wconf 90' lang='lat' dir='ltr'><strong>mero</strong></span> <span class='ocrx_word' id='word_1_707' title='bbox 2323 3974 2426 4027; x_wconf 90' lang='lat' dir='ltr'><strong>fusi</strong></span> <span class='ocrx_word' id='word_1_708' title='bbox 2460 3973 2741 4044; x_wconf 80' lang='lat' dir='ltr'><strong>fugatique</strong></span> <span class='ocrx_word' id='word_1_709' title='bbox 2766 3974 2971 4029; x_wconf 88' lang='lat' dir='ltr'><strong>fuerint</strong></span> <span class='ocrx_word' id='word_1_710' title='bbox 3018 3985 3075 4029; x_wconf 86' lang='lat' dir='ltr'><strong>et</strong></span> <span class='ocrx_word' id='word_1_711' title='bbox 3109 3974 3297 4029; x_wconf 90' lang='lat' dir='ltr'><strong>deleti.</strong></span> <span class='ocrx_word' id='word_1_712' title='bbox 3326 3977 3525 4031; x_wconf 83' lang='lat' dir='ltr'><strong>Xerxis</strong></span> <span class='ocrx_word' id='word_1_713' title='bbox 3554 3994 3699 4032; x_wconf 67' lang='lat' dir='ltr'><strong>excr-</strong></span> 
     </span>
    </p>
   </div>
   <div class='ocr_carea' id='block_1_100' title="bbox 2137 4065 3697 4145">
    <p class='ocr_par' dir='ltr' id='par_1_100' title="bbox 2137 4065 3697 4145">
     <span class='ocr_line' id='line_1_100' title="bbox 2137 4065 3697 4145; baseline 0.002 -24"><span class='ocrx_word' id='word_1_714' title='bbox 2137 4066 2300 4126; x_wconf 85' lang='lat' dir='ltr'><strong>citus,</strong></span> <span class='ocrx_word' id='word_1_715' title='bbox 2356 4066 2640 4145; x_wconf 85' lang='lat' dir='ltr'><strong>Mardonio</strong></span> <span class='ocrx_word' id='word_1_716' title='bbox 2673 4065 2837 4130; x_wconf 89' lang='lat' dir='ltr'><strong>duce,</strong></span> <span class='ocrx_word' id='word_1_717' title='bbox 2886 4068 3018 4120; x_wconf 81' lang='lat' dir='ltr'><strong>&#39;cum</strong></span> <span class='ocrx_word' id='word_1_718' title='bbox 3052 4074 3137 4120; x_wconf 90' lang='lat' dir='ltr'><strong>ter</strong></span> <span class='ocrx_word' id='word_1_719' title='bbox 3166 4076 3387 4121; x_wconf 87' lang='lat' dir='ltr'><strong>centum</strong></span> <span class='ocrx_word' id='word_1_720' title='bbox 3423 4069 3697 4124; x_wconf 86' lang='lat' dir='ltr'><strong>hominum</strong></span> 
     </span>
    </p>
   </div>
   <div class='ocr_carea' id='block_1_101' title="bbox 2140 4155 3698 4229">
    <p class='ocr_par' dir='ltr' id='par_1_101' title="bbox 2140 4155 3698 4229">
     <span class='ocr_line' id='line_1_101' title="bbox 2140 4155 3698 4229; baseline 0.003 -19"><span class='ocrx_word' id='word_1_721' title='bbox 2140 4155 2381 4210; x_wconf 84' lang='lat' dir='ltr'><strong>miliibus</strong></span> <span class='ocrx_word' id='word_1_722' title='bbox 2409 4155 2478 4210; x_wconf 89' lang='lat' dir='ltr'><strong>ab</strong></span> <span class='ocrx_word' id='word_1_723' title='bbox 2525 4157 2803 4227; x_wconf 85' lang='lat' dir='ltr'><strong>octoginta</strong></span> <span class='ocrx_word' id='word_1_724' title='bbox 2833 4155 3150 4211; x_wconf 57' lang='lat' dir='ltr'><strong>Graecorum</strong></span> <span class='ocrx_word' id='word_1_725' title='bbox 3185 4157 3426 4213; x_wconf 68' lang='lat' dir='ltr'><strong>millibus</strong></span> <span class='ocrx_word' id='word_1_726' title='bbox 3458 4159 3698 4229; x_wconf 84' lang='lat' dir='ltr'><strong>direptus</strong></span> 
     </span>
    </p>
   </div>
   <div class='ocr_carea' id='block_1_102' title="bbox 2137 4248 3694 4308">
    <p class='ocr_par' dir='ltr' id='par_1_102' title="bbox 2137 4248 3694 4308">
     <span class='ocr_line' id='line_1_102' title="bbox 2137 4248 3694 4308; baseline 0.002 -5"><span class='ocrx_word' id='word_1_727' title='bbox 2137 4264 2201 4303; x_wconf 91' lang='lat' dir='ltr'><strong>ac</strong></span> <span class='ocrx_word' id='word_1_728' title='bbox 2231 4249 2533 4303; x_wconf 89' lang='lat' dir='ltr'><strong>trucidatus</strong></span> <span class='ocrx_word' id='word_1_729' title='bbox 2561 4258 2665 4303; x_wconf 90' lang='lat' dir='ltr'><strong>est.</strong></span> <span class='ocrx_word' id='word_1_730' title='bbox 2718 4248 2961 4303; x_wconf 90' lang='lat' dir='ltr'><strong>Ducenta</strong></span> <span class='ocrx_word' id='word_1_731' title='bbox 3023 4249 3373 4305; x_wconf 83' lang='lat' dir='ltr'><strong>Cimbrorum</strong></span> <span class='ocrx_word' id='word_1_732' title='bbox 3398 4252 3567 4307; x_wconf 85' lang='lat' dir='ltr'><strong>millia</strong></span> <span class='ocrx_word' id='word_1_733' title='bbox 3594 4255 3694 4308; x_wconf 61' lang='lat' dir='ltr'><strong>il..-</strong></span> 
     </span>
    </p>
   </div>
   <div class='ocr_carea' id='block_1_103' title="bbox 2142 4339 3700 4410">
    <p class='ocr_par' dir='ltr' id='par_1_103' title="bbox 2142 4339 3700 4410">
     <span class='ocr_line' id='line_1_103' title="bbox 2142 4339 3700 4410; baseline 0.003 -14"><span class='ocrx_word' id='word_1_734' title='bbox 2142 4342 2257 4396; x_wconf 90' lang='lat' dir='ltr'><strong>rius</strong></span> <span class='ocrx_word' id='word_1_735' title='bbox 2303 4339 2506 4394; x_wconf 84' lang='lat' dir='ltr'><strong>delevit</strong></span> <span class='ocrx_word' id='word_1_736' title='bbox 2553 4342 2829 4410; x_wconf 87' lang='lat' dir='ltr'><strong>octoginta</strong></span> <span class='ocrx_word' id='word_1_737' title='bbox 2865 4340 3108 4395; x_wconf 82' lang='lat' dir='ltr'><strong>miliibus</strong></span> <span class='ocrx_word' id='word_1_738' title='bbox 3162 4342 3468 4399; x_wconf 88' lang='lat' dir='ltr'><strong>hominum.</strong></span> <span class='ocrx_word' id='word_1_739' title='bbox 3495 4345 3700 4400; x_wconf 75' lang='lat' dir='ltr'><strong>Rursus</strong></span> 
     </span>
    </p>
   </div>
   <div class='ocr_carea' id='block_1_104' title="bbox 2136 4432 3698 4503">
    <p class='ocr_par' dir='ltr' id='par_1_104' title="bbox 2136 4432 3698 4503">
     <span class='ocr_line' id='line_1_104' title="bbox 2136 4432 3698 4503; baseline 0.001 -14"><span class='ocrx_word' id='word_1_740' title='bbox 2136 4448 2259 4489; x_wconf 86' lang='lat' dir='ltr'><strong>cum</strong></span> <span class='ocrx_word' id='word_1_741' title='bbox 2317 4432 2512 4488; x_wconf 87' lang='lat' dir='ltr'><strong>Catulo</strong></span> <span class='ocrx_word' id='word_1_742' title='bbox 2568 4441 2787 4485; x_wconf 89' lang='lat' dir='ltr'><strong>centum</strong></span> <span class='ocrx_word' id='word_1_743' title='bbox 2838 4440 2895 4484; x_wconf 91' lang='lat' dir='ltr'><strong>et</strong></span> <span class='ocrx_word' id='word_1_744' title='bbox 2915 4441 3152 4503; x_wconf 80' lang='lat' dir='ltr'><strong>quatuor</strong></span> <span class='ocrx_word' id='word_1_745' title='bbox 3183 4433 3351 4487; x_wconf 90' lang='lat' dir='ltr'><strong>millia</strong></span> <span class='ocrx_word' id='word_1_746' title='bbox 3383 4439 3618 4491; x_wconf 87' lang='lat' dir='ltr'><strong>necavit.</strong></span> <span class='ocrx_word' id='word_1_747' title='bbox 3646 4438 3698 4491; x_wconf 80' lang='lat' dir='ltr'><strong>la</strong></span> 
     </span>
    </p>
   </div>
   <div class='ocr_carea' id='block_1_105' title="bbox 2137 4524 3695 4597">
    <p class='ocr_par' dir='ltr' id='par_1_105' title="bbox 2137 4524 3695 4597">
     <span class='ocr_line' id='line_1_105' title="bbox 2137 4524 3695 4597; baseline 0.001 -18"><span class='ocrx_word' id='word_1_748' title='bbox 2137 4525 2417 4581; x_wconf 75' lang='lat' dir='ltr'><strong>Thessalia</strong></span> <span class='ocrx_word' id='word_1_749' title='bbox 2448 4524 2736 4593; x_wconf 84' lang='lat' dir='ltr'><strong>Pompeius</strong></span> <span class='ocrx_word' id='word_1_750' title='bbox 2769 4537 2893 4577; x_wconf 85' lang='lat' dir='ltr'><strong>cum</strong></span> <span class='ocrx_word' id='word_1_751' title='bbox 2926 4525 3284 4593; x_wconf 85' lang='lat' dir='ltr'><strong>quadraginta</strong></span> <span class='ocrx_word' id='word_1_752' title='bbox 3334 4526 3582 4582; x_wconf 88' lang='lat' dir='ltr'><strong>millibus</strong></span> <span class='ocrx_word' id='word_1_753' title='bbox 3610 4544 3695 4597; x_wconf 86' lang='lat' dir='ltr'><strong>pe-</strong></span> 
     </span>
    </p>
   </div>
   <div class='ocr_carea' id='block_1_106' title="bbox 2138 4617 3699 4687">
    <p class='ocr_par' dir='ltr' id='par_1_106' title="bbox 2138 4617 3699 4687">
     <span class='ocr_line' id='line_1_106' title="bbox 2138 4617 3699 4687; baseline 0.003 -15"><span class='ocrx_word' id='word_1_754' title='bbox 2138 4618 2338 4682; x_wconf 87' lang='lat' dir='ltr'><strong>ditum,</strong></span> <span class='ocrx_word' id='word_1_755' title='bbox 2387 4617 2635 4686; x_wconf 85' lang='lat' dir='ltr'><strong>equitum</strong></span> <span class='ocrx_word' id='word_1_756' title='bbox 2694 4618 2999 4687; x_wconf 63' lang='lat' dir='ltr'><strong>sexaginta,</strong></span> <span class='ocrx_word' id='word_1_757' title='bbox 3062 4631 3187 4671; x_wconf 88' lang='lat' dir='ltr'><strong>cum</strong></span> <span class='ocrx_word' id='word_1_758' title='bbox 3242 4619 3409 4672; x_wconf 80' lang='lat' dir='ltr'><strong>tetius</strong></span> <span class='ocrx_word' id='word_1_759' title='bbox 3464 4620 3699 4676; x_wconf 84' lang='lat' dir='ltr'><strong>Orientis</strong></span> 
     </span>
    </p>
   </div>
   <div class='ocr_carea' id='block_1_107' title="bbox 2138 4707 3698 4781">
    <p class='ocr_par' dir='ltr' id='par_1_107' title="bbox 2138 4707 3698 4781">
     <span class='ocr_line' id='line_1_107' title="bbox 2138 4707 3698 4781; baseline 0.003 -19"><span class='ocrx_word' id='word_1_760' title='bbox 2138 4708 2377 4770; x_wconf 86' lang='lat' dir='ltr'><strong>auxiliis,</strong></span> <span class='ocrx_word' id='word_1_761' title='bbox 2440 4722 2564 4761; x_wconf 87' lang='lat' dir='ltr'><strong>cum</strong></span> <span class='ocrx_word' id='word_1_762' title='bbox 2618 4710 2763 4761; x_wconf 91' lang='lat' dir='ltr'><strong>omni</strong></span> <span class='ocrx_word' id='word_1_763' title='bbox 2803 4707 3112 4773; x_wconf 88' lang='lat' dir='ltr'><strong>nobilitate,</strong></span> <span class='ocrx_word' id='word_1_764' title='bbox 3157 4723 3187 4761; x_wconf 89' lang='lat' dir='ltr'><strong>a</strong></span> <span class='ocrx_word' id='word_1_765' title='bbox 3236 4708 3452 4765; x_wconf 65' lang='lat' dir='ltr'><strong>Czcsare</strong></span> <span class='ocrx_word' id='word_1_766' title='bbox 3484 4711 3698 4781; x_wconf 82' lang='lat' dir='ltr'><strong>fugatus</strong></span> 
     </span>
    </p>
   </div>
   <div class='ocr_carea' id='block_1_108' title="bbox 2137 4796 3700 4867">
    <p class='ocr_par' dir='ltr' id='par_1_108' title="bbox 2137 4796 3700 4867">
     <span class='ocr_line' id='line_1_108' title="bbox 2137 4796 3700 4867; baseline 0.003 -16"><span class='ocrx_word' id='word_1_767' title='bbox 2137 4811 2239 4859; x_wconf 88' lang='lat' dir='ltr'><strong>est,</strong></span> <span class='ocrx_word' id='word_1_768' title='bbox 2265 4805 2321 4852; x_wconf 92' lang='lat' dir='ltr'><strong>et</strong></span> <span class='ocrx_word' id='word_1_769' title='bbox 2346 4808 2546 4850; x_wconf 88' lang='lat' dir='ltr'><strong>exutus</strong></span> <span class='ocrx_word' id='word_1_770' title='bbox 2578 4797 2790 4859; x_wconf 80' lang='lat' dir='ltr'><strong>castris,</strong></span> <span class='ocrx_word' id='word_1_771' title='bbox 2829 4796 2923 4865; x_wconf 90' lang='lat' dir='ltr'><strong>qui</strong></span> <span class='ocrx_word' id='word_1_772' title='bbox 2974 4797 3197 4867; x_wconf 84' lang='lat' dir='ltr'><strong>triginta</strong></span> <span class='ocrx_word' id='word_1_773' title='bbox 3241 4799 3483 4866; x_wconf 91' lang='lat' dir='ltr'><strong>peditum</strong></span> <span class='ocrx_word' id='word_1_774' title='bbox 3518 4802 3700 4866; x_wconf 80' lang='lat' dir='ltr'><strong>millia,</strong></span> 
     </span>
    </p>
   </div>
   <div class='ocr_carea' id='block_1_109' title="bbox 2138 4885 3701 4961">
    <p class='ocr_par' dir='ltr' id='par_1_109' title="bbox 2138 4885 3701 4961">
     <span class='ocr_line' id='line_1_109' title="bbox 2138 4885 3701 4961; baseline 0.004 -21"><span class='ocrx_word' id='word_1_775' title='bbox 2138 4887 2288 4941; x_wconf 88' lang='lat' dir='ltr'><strong>mille</strong></span> <span class='ocrx_word' id='word_1_776' title='bbox 2333 4887 2546 4955; x_wconf 86' lang='lat' dir='ltr'><strong>equites</strong></span> <span class='ocrx_word' id='word_1_777' title='bbox 2612 4886 2874 4940; x_wconf 86' lang='lat' dir='ltr'><strong>habebat.</strong></span> <span class='ocrx_word' id='word_1_778' title='bbox 2936 4885 3078 4951; x_wconf 87' lang='lat' dir='ltr'><strong>Quid</strong></span> <span class='ocrx_word' id='word_1_779' title='bbox 3142 4885 3388 4943; x_wconf 80' lang='lat' dir='ltr'><strong>infinitas</strong></span> <span class='ocrx_word' id='word_1_780' title='bbox 3450 4890 3701 4961; x_wconf 85' lang='lat' dir='ltr'><strong>Tigranis</strong></span> 
     </span>
    </p>
   </div>
   <div class='ocr_carea' id='block_1_110' title="bbox 2138 4974 3700 5047">
    <p class='ocr_par' dir='ltr' id='par_1_110' title="bbox 2138 4974 3700 5047">
     <span class='ocr_line' id='line_1_110' title="bbox 2138 4974 3700 5047; baseline 0.004 -16"><span class='ocrx_word' id='word_1_781' title='bbox 2138 4977 2325 5046; x_wconf 85' lang='lat' dir='ltr'><strong>copias</strong></span> <span class='ocrx_word' id='word_1_782' title='bbox 2371 4990 2796 5031; x_wconf 85' lang='lat' dir='ltr'><strong>commemorem</strong></span> <span class='ocrx_word' id='word_1_783' title='bbox 2858 4991 2889 5031; x_wconf 90' lang='lat' dir='ltr'><strong>a</strong></span> <span class='ocrx_word' id='word_1_784' title='bbox 2943 4974 3193 5043; x_wconf 82' lang='lat' dir='ltr'><strong>Lucullo,</strong></span> <span class='ocrx_word' id='word_1_785' title='bbox 3239 4994 3407 5047; x_wconf 85' lang='lat' dir='ltr'><strong>parvo</strong></span> <span class='ocrx_word' id='word_1_786' title='bbox 3436 4983 3700 5046; x_wconf 87' lang='lat' dir='ltr'><strong>exercitu,</strong></span> 
     </span>
    </p>
   </div>
   <div class='ocr_carea' id='block_1_111' title="bbox 2140 5067 3701 5138">
    <p class='ocr_par' dir='ltr' id='par_1_111' title="bbox 2140 5067 3701 5138">
     <span class='ocr_line' id='line_1_111' title="bbox 2140 5067 3701 5138; baseline 0.004 -16"><span class='ocrx_word' id='word_1_787' title='bbox 2140 5068 2466 5138; x_wconf 76' lang='lat' dir='ltr'><strong>superatas?</strong></span> <span class='ocrx_word' id='word_1_788' title='bbox 2516 5067 2639 5121; x_wconf 74' lang='lat' dir='ltr'><strong>[huc</strong></span> <span class='ocrx_word' id='word_1_789' title='bbox 2701 5067 2868 5122; x_wconf 87' lang='lat' dir='ltr'><strong>nimis</strong></span> <span class='ocrx_word' id='word_1_790' title='bbox 2922 5078 3125 5133; x_wconf 87' lang='lat' dir='ltr'><strong>vetera,</strong></span> <span class='ocrx_word' id='word_1_791' title='bbox 3161 5078 3218 5123; x_wconf 92' lang='lat' dir='ltr'><strong>et</strong></span> <span class='ocrx_word' id='word_1_792' title='bbox 3243 5070 3441 5124; x_wconf 56' lang='lat' dir='ltr'><strong>fabula</strong></span> <span class='ocrx_word' id='word_1_793' title='bbox 3474 5072 3701 5128; x_wconf 83' lang='lat' dir='ltr'><strong>fortasse</strong></span> 
     </span>
    </p>
   </div>
   <div class='ocr_carea' id='block_1_112' title="bbox 2143 5158 3699 5229">
    <p class='ocr_par' dir='ltr' id='par_1_112' title="bbox 2143 5158 3699 5229">
     <span class='ocr_line' id='line_1_112' title="bbox 2143 5158 3699 5229; baseline 0.004 -18"><span class='ocrx_word' id='word_1_794' title='bbox 2143 5174 2305 5229; x_wconf 87' lang='lat' dir='ltr'><strong>quam</strong></span> <span class='ocrx_word' id='word_1_795' title='bbox 2349 5158 2597 5213; x_wconf 50' lang='lat' dir='ltr'><strong>historiae</strong></span> <span class='ocrx_word' id='word_1_796' title='bbox 2655 5161 2911 5229; x_wconf 86' lang='lat' dir='ltr'><strong>propiora</strong></span> <span class='ocrx_word' id='word_1_797' title='bbox 2972 5159 3250 5214; x_wconf 89' lang='lat' dir='ltr'><strong>videntur.</strong></span> <span class='ocrx_word' id='word_1_798' title='bbox 3313 5160 3459 5227; x_wconf 89' lang='lat' dir='ltr'><strong>Quid</strong></span> <span class='ocrx_word' id='word_1_799' title='bbox 3521 5174 3699 5218; x_wconf 85' lang='lat' dir='ltr'><strong>nostra</strong></span> 
     </span>
    </p>
   </div>
   <div class='ocr_carea' id='block_1_113' title="bbox 2145 5249 3702 5319">
    <p class='ocr_par' dir='ltr' id='par_1_113' title="bbox 2145 5249 3702 5319">
     <span class='ocr_line' id='line_1_113' title="bbox 2145 5249 3702 5319; baseline 0.003 -14"><span class='ocrx_word' id='word_1_800' title='bbox 2145 5249 2451 5305; x_wconf 79' lang='lat' dir='ltr'><strong>memoria?</strong></span> <span class='ocrx_word' id='word_1_801' title='bbox 2480 5250 2672 5304; x_wconf 81' lang='lat' dir='ltr'><strong>Nonne</strong></span> <span class='ocrx_word' id='word_1_802' title='bbox 2730 5249 2915 5303; x_wconf 86' lang='lat' dir='ltr'><strong>hostes</strong></span> <span class='ocrx_word' id='word_1_803' title='bbox 2976 5250 3147 5303; x_wconf 89' lang='lat' dir='ltr'><strong>nostri</strong></span> <span class='ocrx_word' id='word_1_804' title='bbox 3176 5264 3476 5319; x_wconf 88' lang='lat' dir='ltr'><strong>paucorum</strong></span> <span class='ocrx_word' id='word_1_805' title='bbox 3504 5253 3702 5309; x_wconf 84' lang='lat' dir='ltr'><strong>virtute</strong></span> 
     </span>
    </p>
   </div>
   <div class='ocr_carea' id='block_1_114' title="bbox 2142 5340 3701 5412">
    <p class='ocr_par' dir='ltr' id='par_1_114' title="bbox 2142 5340 3701 5412">
     <span class='ocr_line' id='line_1_114' title="bbox 2142 5340 3701 5412; baseline 0.001 -16"><span class='ocrx_word' id='word_1_806' title='bbox 2142 5343 2341 5412; x_wconf 63' lang='lat' dir='ltr'><strong>saepius</strong></span> <span class='ocrx_word' id='word_1_807' title='bbox 2386 5342 2539 5407; x_wconf 81' lang='lat' dir='ltr'><strong>victi,</strong></span> <span class='ocrx_word' id='word_1_808' title='bbox 2598 5341 2790 5409; x_wconf 78' lang='lat' dir='ltr'><strong>fugati,</strong></span> <span class='ocrx_word' id='word_1_809' title='bbox 2840 5342 2968 5395; x_wconf 79' lang='lat' dir='ltr'><strong>caesi</strong></span> <span class='ocrx_word' id='word_1_810' title='bbox 3026 5340 3523 5396; x_wconf 64' lang='lat' dir='ltr'><strong>fuerunt10mitto</strong></span> <span class='ocrx_word' id='word_1_811' title='bbox 3549 5343 3701 5398; x_wconf 85' lang='lat' dir='ltr'><strong>deiis</strong></span> 
     </span>
    </p>
   </div>
   <div class='ocr_carea' id='block_1_115' title="bbox 2142 5431 3700 5509">
    <p class='ocr_par' dir='ltr' id='par_1_115' title="bbox 2142 5431 3700 5509">
     <span class='ocr_line' id='line_1_115' title="bbox 2142 5431 3700 5509; baseline 0.003 -23"><span class='ocrx_word' id='word_1_812' title='bbox 2142 5432 2426 5487; x_wconf 88' lang='lat' dir='ltr'><strong>victoriam</strong></span> <span class='ocrx_word' id='word_1_813' title='bbox 2483 5434 2752 5502; x_wconf 88' lang='lat' dir='ltr'><strong>insignem</strong></span> <span class='ocrx_word' id='word_1_814' title='bbox 2806 5431 3104 5498; x_wconf 77' lang='lat' dir='ltr'><strong>Laodislai,</strong></span> <span class='ocrx_word' id='word_1_815' title='bbox 3155 5434 3451 5489; x_wconf 75' lang='lat' dir='ltr'><strong>Pannoniae</strong></span> <span class='ocrx_word' id='word_1_816' title='bbox 3522 5438 3700 5509; x_wconf 83' lang='lat' dir='ltr'><strong>regis,</strong></span> 
     </span>
    </p>
   </div>
   <div class='ocr_carea' id='block_1_116' title="bbox 2142 5522 3702 5597">
    <p class='ocr_par' dir='ltr' id='par_1_116' title="bbox 2142 5522 3702 5597">
     <span class='ocr_line' id='line_1_116' title="bbox 2142 5522 3702 5597; baseline 0.001 -17"><span class='ocrx_word' id='word_1_817' title='bbox 2142 5528 2259 5597; x_wconf 88' lang='lat' dir='ltr'><strong>qui.</strong></span> <span class='ocrx_word' id='word_1_818' title='bbox 2288 5538 2347 5581; x_wconf 92' lang='lat' dir='ltr'><strong>ut</strong></span> <span class='ocrx_word' id='word_1_819' title='bbox 2374 5526 2503 5579; x_wconf 90' lang='lat' dir='ltr'><strong>olim</strong></span> <span class='ocrx_word' id='word_1_820' title='bbox 2558 5540 2585 5576; x_wconf 84' lang='lat' dir='ltr'><strong>a</strong></span> <span class='ocrx_word' id='word_1_821' title='bbox 2627 5523 2789 5578; x_wconf 76' lang='lat' dir='ltr'><strong>nobis</strong></span> <span class='ocrx_word' id='word_1_822' title='bbox 2824 5522 3034 5577; x_wconf 90' lang='lat' dir='ltr'><strong>dictum</strong></span> <span class='ocrx_word' id='word_1_823' title='bbox 3085 5533 3191 5587; x_wconf 89' lang='lat' dir='ltr'><strong>est,</strong></span> <span class='ocrx_word' id='word_1_824' title='bbox 3219 5540 3342 5580; x_wconf 91' lang='lat' dir='ltr'><strong>cum</strong></span> <span class='ocrx_word' id='word_1_825' title='bbox 3375 5532 3702 5597; x_wconf 73' lang='lat' dir='ltr'><strong>quatuordr-</strong></span> 
     </span>
    </p>
   </div>
   <div class='ocr_carea' id='block_1_117' title="bbox 2141 5615 3703 5687">
    <p class='ocr_par' dir='ltr' id='par_1_117' title="bbox 2141 5615 3703 5687">
     <span class='ocr_line' id='line_1_117' title="bbox 2141 5615 3703 5687; baseline 0.004 -18"><span class='ocrx_word' id='word_1_826' title='bbox 2141 5619 2246 5671; x_wconf 87' lang='lat' dir='ltr'><strong>cim</strong></span> <span class='ocrx_word' id='word_1_827' title='bbox 2298 5615 2581 5669; x_wconf 83' lang='lat' dir='ltr'><strong>hominum</strong></span> <span class='ocrx_word' id='word_1_828' title='bbox 2651 5615 2893 5669; x_wconf 87' lang='lat' dir='ltr'><strong>millibus</strong></span> <span class='ocrx_word' id='word_1_829' title='bbox 2949 5616 3064 5685; x_wconf 90' lang='lat' dir='ltr'><strong>(qui</strong></span> <span class='ocrx_word' id='word_1_830' title='bbox 3112 5617 3260 5670; x_wconf 86' lang='lat' dir='ltr'><strong>enim</strong></span> <span class='ocrx_word' id='word_1_831' title='bbox 3303 5620 3426 5687; x_wconf 92' lang='lat' dir='ltr'><strong>plus</strong></span> <span class='ocrx_word' id='word_1_832' title='bbox 3462 5620 3703 5682; x_wconf 79' lang='lat' dir='ltr'><strong>tradunt,</strong></span> 
     </span>
    </p>
   </div>
   <div class='ocr_carea' id='block_1_118' title="bbox 2142 5706 3699 5771">
    <p class='ocr_par' dir='ltr' id='par_1_118' title="bbox 2142 5706 3699 5771">
     <span class='ocr_line' id='line_1_118' title="bbox 2142 5706 3699 5771; baseline 0.001 -6"><span class='ocrx_word' id='word_1_833' title='bbox 2142 5710 2335 5765; x_wconf 83' lang='lat' dir='ltr'><strong>decem</strong></span> <span class='ocrx_word' id='word_1_834' title='bbox 2362 5716 2416 5762; x_wconf 91' lang='lat' dir='ltr'><strong>et</strong></span> <span class='ocrx_word' id='word_1_835' title='bbox 2444 5718 2568 5762; x_wconf 87' lang='lat' dir='ltr'><strong>octo</strong></span> <span class='ocrx_word' id='word_1_836' title='bbox 2605 5706 2775 5761; x_wconf 87' lang='lat' dir='ltr'><strong>millia</strong></span> <span class='ocrx_word' id='word_1_837' title='bbox 2816 5720 2925 5764; x_wconf 87' lang='lat' dir='ltr'><strong>non</strong></span> <span class='ocrx_word' id='word_1_838' title='bbox 2963 5708 3258 5765; x_wconf 72' lang='lat' dir='ltr'><strong>excedunt)</strong></span> <span class='ocrx_word' id='word_1_839' title='bbox 3292 5719 3486 5771; x_wconf 80' lang='lat' dir='ltr'><strong>aperto</strong></span> <span class='ocrx_word' id='word_1_840' title='bbox 3518 5710 3699 5767; x_wconf 79' lang='lat' dir='ltr'><strong>Marte.</strong></span> 
     </span>
    </p>
   </div>
  </div>
