3880 6220
237 380 347 448 669

1281 382 1723 444 ORATiONES
1765 351 2068 442 CONTRA
2113 381 2436 445 TURCAS.

3391 387 3498 452 670

235 501 383 569 justa
433 496 550 550 acie
609 494 782 566 signis
835 497 1053 552 collatis
1112 513 1238 553 eum
1295 499 1454 554 hoste
1511 496 1817 560 dimicavit,
1851 509 1896 562 Α
1925 495 2165 564 aliquem
2199 511 2266 550 ex
2323 493 2627 556 veteribus,
2662 505 2720 550 et
2755 496 3028 566 sapientia
3060 496 3504 567 ornatissimum,

238 587 547 643 exercitum
613 586 953 656 proﬂigavit,
1017 603 1080 643 ac
1146 589 1308 658 longe
1363 590 1588 656 lateque
1653 587 1816 648 fudit,

239 681 574 750 imperatore
632 679 961 732 vulnerato:
999 695 1064 734 ac
1119 681 1223 734 nisi
1280 679 1569 734 victoriam
1605 678 1822 732 avidius

241 781 568 840 persecutus
624 778 795 830 esset,
864 772 1140 840 mortique
1201 787 1320 826 sese
1347 771 1660 841 obiecisset,
1697 785 1821 839 pro-

239 863 752 920 feeteCitris-tianns
775 865 928 917 orbis
963 865 1243 930 Eumpam
1276 879 1495 920 omnem
1529 863 1819 918 retineret.

241 959 372 1011 Hac
422 955 639 1010 omitto.
700 955 778 1008 Ad
813 957 1120 1010 recentiora
1153 968 1341 1010 nostra
1364 957 1590 1010 festinat
1619 955 1821 1008 oratio.

239 1047 382 1114 Quid
425 1046 602 1099 dicam
627 1045 695 1100 de
736 1047 937 1113 insigni
1003 1047 1287 1116 triumpho
1311 1047 1458 1099 illius
1489 1045 1825 1100 Christianae

243 1137 621 1192 multitudinis
665 1151 810 1204 qua,
867 1137 1018 1190 nullo
1068 1137 1232 1203 duce,
1281 1137 1465 1191 crucis
1515 1144 1724 1189 tantum
1752 1136 1825 1188 si-

243 1242 355 1297 gno
387 1237 614 1284 armata.
640 1227 944 1280 Turcorutn
987 1229 1290 1281 exercitum
1319 1243 1538 1281 omnem
1574 1226 1828 1280 munitis-

241 1316 391 1369 simo
433 1315 760 1368 Amderalba
819 1314 1023 1382 oppido
1090 1315 1361 1385 potitum,
1423 1315 1564 1368 intra
1627 1312 1828 1366 mwnia

245 1406 441 1459 stricto
478 1421 609 1459 ense
670 1405 1098 1469 discurrentem,
1163 1420 1358 1472 magna
1417 1403 1568 1458 caede
1619 1403 1826 1457 victum

245 1496 434 1564 eiecit,
463 1495 582 1565 ipso
613 1497 718 1550 isto
749 1495 1086 1562 imperatore
1127 1495 1366 1566 graviter
1415 1495 1727 1559 vulnerato,
1766 1509 1830 1547 ac

251 1589 660 1658 impedimentis
697 1590 957 1643 omnibus
991 1588 1045 1642 in
1108 1597 1442 1659 potestatem
1476 1587 1750 1642 redactis?
1775 1587 1828 1640 Id

249 1688 437 1731 autem
487 1693 554 1731 ne
607 1677 782 1731 semel
827 1677 1094 1732 accidisse
1148 1675 1453 1737 videretur,
1481 1676 1834 1742 comunpins

249 1769 658 1837 sceleratusque
711 1769 892 1821 hostis
947 1766 1285 1822 Pannoniam
1335 1780 1556 1821 omnem
1601 1764 1834 1818 infero-

1921 597 1978 642 et
2006 586 2402 658 amplissimum
2429 587 2758 642 auctoritate
2778 592 2834 642 in
2868 590 3110 643 medium
3146 589 3502 656 adducerem,

1923 677 2016 746 qui
2057 677 2216 746 plane
2269 686 2562 732 testaretur
2591 692 2713 733 sese
2742 680 2870 734 olim
2905 680 2959 732 in
2984 680 3077 733 tali
3124 695 3290 734 causa
3327 682 3506 750 qualis

1924 781 2113 824 nostra
2165 780 2272 833 est,
2306 771 2498 824 eadem
2561 787 2686 825 eum
2741 772 3001 836 sensisse,
3060 781 3173 825 tum
3225 775 3507 828 monuisse

1925 875 2056 915 suos
2080 861 2248 925 cives,
2286 877 2406 929 quae
2433 877 2463 915 a
2504 863 2686 924 nobis,
2724 871 2780 917 et
2814 863 3309 933 apudPontilicem
3336 865 3511 919 Maxi-

1927 969 2076 1005 mum
2110 951 2164 1005 in
2205 961 2401 1007 senatu
2458 970 2842 1023 saepenumero
2899 955 3178 1025 disputata
3237 967 3386 1020 sunt,
3449 966 3507 1011 et

1929 1060 2078 1099 nunc
2112 1044 2315 1098 litteris
2375 1046 2655 1100 mandata.
2717 1047 2880 1101 Venit
2940 1055 3125 1100 autem
3167 1046 3222 1100 in
3259 1055 3502 1101 mentem

1933 1137 2380 1202 Demosthenem,
2433 1137 2828 1207 philosophum
2869 1138 3417 1200 excellentissimum,
3449 1147 3508 1192 et

1931 1239 2204 1281 oratorem
2237 1229 2376 1282 adeo
2402 1229 2552 1282 omni
2585 1229 2750 1283 laude
2787 1230 3129 1283 cumulatum
3173 1244 3270 1298 per
3297 1239 3378 1284 tot
3411 1244 3509 1284 stc-

1930 1321 2074 1383 cnla,
2113 1329 2172 1374 ut
2209 1335 2370 1388 quem
2428 1335 2553 1374 cum
2605 1335 2672 1374 eo
2719 1320 2971 1375 conferas
2999 1322 3276 1377 exstiterit
3322 1337 3507 1386 nemo,

1933 1411 1988 1466 in
2048 1411 2240 1466 eadem
2294 1412 2556 1466 incidisse
2599 1423 2871 1482 tempora,
2925 1414 3173 1468 eannlem
3224 1428 3510 1481 perorasse

1932 1517 2176 1562 causam,
2215 1503 2451 1572 denique
2498 1503 2630 1556 nihil
2665 1504 2947 1567 habuisse.
2987 1505 3134 1573 quod
3170 1503 3248 1558 rei
3309 1514 3511 1560 nostra:

1933 1610 2042 1648 non
2079 1597 2390 1661 conveniat,
2433 1605 2634 1664 praeter
2668 1599 2889 1652 nomina
2923 1598 3208 1652 hominum
3252 1599 3336 1652 sui
3371 1608 3512 1650 tem-

1937 1689 2110 1754 poris.
2153 1688 2340 1757 Itaque
2374 1705 2500 1742 cum
2537 1689 2703 1758 lmjus
2759 1699 2812 1743 et
2850 1691 3234 1745 auctoritatem
3290 1689 3512 1759 gravio-

1938 1793 2076 1841 rem,
2109 1787 2166 1832 et
2193 1781 2504 1835 orationem
2535 1779 2708 1851 magis
2739 1782 3042 1850 appositam
3076 1783 3140 1835 ad
3176 1781 3516 1851 persuaden-

251 1872 372 1912 γεω
429 1836 776 1925 occupasset,
831 1856 1130 1925 oluniaque
1169 1854 1340 1909 armis
1367 1855 1722 1924 complesset,
1751 1863 1824 1917 et,

1946 1867 2070 1922 tium
2104 1868 2482 1923 existimarem
2517 1885 2679 1939 quam
2746 1870 2914 1924 verba
2961 1886 3102 1933 mea.
3135 1872 3398 1926 constitui
3455 1881 3515 1924 ut

251 1947 818 2028 prasidiisjuclytns,
852 1949 1103 2017 regiiqne
1152 1948 1318 2000 animi
1345 1955 1402 2002 et
1423 1946 1658 2010 excelsi,
1689 1946 1832 1999 Pan-

255 2038 435 2093 oniae
489 2038 800 2106 superioris
857 2053 974 2100 rex,
1025 2052 1190 2105 parva
1218 2036 1511 2093 admodum
1537 2049 1701 2088 manu
1729 2050 1826 2091 ex-

259 2139 499 2200 pugnato
527 2128 735 2183 .Iavicia
774 2128 979 2199 oppido
1004 2138 1062 2183 et
1105 2138 1299 2182 natura
1329 2137 1382 2183 et
1411 2138 1530 2185 arte
1565 2127 1830 2181 munitis-

257 2222 420 2288 simo,
450 2221 720 2278 maximas
753 2220 1067 2276 Turcorum
1093 2221 1284 2290 c0pias
1323 2219 1484 2283 fudit,
1510 2228 1831 2290 partemque

255 2313 558 2383 provincia:
577 2327 683 2365 suo
712 2311 914 2381 adjecit
952 2313 1212 2382 imperio.

325 2402 461 2478 Cum
497 2419 611 2472 quo
642 2403 798 2457 hoste
835 2404 997 2458 nobis
1029 2421 1119 2460 res
1143 2405 1238 2468 sit,
1275 2404 1443 2461 facile
1471 2407 1691 2472 videtis,
1726 2408 1834 2462 Ita-

256 2496 343 2552 Iiz
377 2495 678 2564 principes.
718 2496 853 2549 Cum
891 2495 1040 2564 quo?
1084 2495 1326 2565 inquies.
1363 2498 1466 2561 Qui
1524 2497 1835 2552 multitudi-

258 2603 385 2642 nem
410 2588 744 2642 inconditam
780 2588 947 2641 habet
979 2595 1146 2657 atque
1182 2589 1487 2653 imbellem,
1523 2590 1620 2658 qui
1655 2590 1835 2643 homi-

260 2695 392 2734 num
427 2695 656 2734 nmuero
691 2694 791 2734 nos
821 2678 1044 2746 quidem
1077 2693 1185 2732 non
1231 2687 1478 2749 superat,
1507 2681 1710 2734 virtute
1743 2695 1836 2733 ve-

259 2787 322 2826 ro
347 2773 618 2835 vincitur;
661 2772 729 2824 de
762 2787 872 2840 quo
911 2774 1064 2839 parvi
1095 2783 1410 2826 nostrorum
1431 2773 1708 2826 exercitus
1735 2787 1837 2826 stc-

262 2877 562 2931 penutuero
599 2862 1036 2930 triumpharunt.
1073 2860 1126 2914 Id
1163 2873 1347 2916 autem
1381 2862 1605 2915 minime
1630 2863 1836 2915 miran-

261 2952 390 3008 dum
423 2960 532 3007 est.
577 2951 762 3022 Longe
810 2951 958 3006 enim
1015 2952 1219 3007 fortius
1251 2962 1308 3006 et
1352 2953 1699 3008 constantius
1731 2967 1832 3020 pu-

267 3053 458 3112 gnant,
494 3044 589 3112 qui
620 3060 719 3112 pro
749 3054 924 3098 morte
950 3046 1325 3113 servituteque
1350 3045 1718 3113 prOpulsanda
1751 3044 1836 3097 di-

266 3137 494 3201 micant,
527 3154 693 3206 quam
755 3137 847 3206 qui
911 3141 1148 3206 pra'dam
1209 3139 1494 3206 spoliaque
1530 3144 1834 3193 sectantur.

265 3227 399 3284 Nam
435 3229 513 3282 illi
557 3245 746 3295 tarum
777 3229 1058 3301 amittunt,
1097 3232 1140 3288 si
1173 3229 1401 3282 victoria
1451 3243 1560 3281 nou
1621 3229 1840 3296 potiun-

267 3329 392 3374 tur;
434 3321 522 3374 Itis
559 3337 689 3374 vero
716 3333 908 3378 cuncta
959 3331 1216 3391 pereunt,
1248 3319 1296 3372 si
1327 3321 1552 3388 segnius
1588 3335 1701 3373 rem
1743 3338 1836 3388 ge-

266 3423 407 3466 rant.
445 3429 464 3463 (
494 3412 766 3481 Pugnent,
794 3415 971 3482 inquit
993 3414 1462 3475 Laccdtemonius,
1484 3422 1542 3466 ut
1561 3411 1840 3475 morituri,

263 3514 318 3558 et
355 3520 464 3558 non
496 3507 826 3559 morientur.
887 3524 908 3556 ι
949 3506 1137 3574 Itaque
1176 3521 1300 3560 cum
1340 3506 1479 3559 adeo
1537 3505 1841 3559 necessaria

266 3598 429 3653 nobis
459 3597 754 3652 concordia
795 3599 887 3663 sit,
923 3597 1367 3666 praestantissimi
1395 3599 1695 3666 principes,
1717 3613 1842 3650 cum

266 3689 426 3751 alias,
465 3697 582 3742 tum
626 3689 731 3743 hoc
769 3701 1017 3760 tempore
1053 3689 1107 3743 in
1144 3689 1362 3759 primis,
1394 3700 1450 3743 et
1480 3690 1547 3741 ad
1607 3690 1847 3756 privatas

267 3781 515 3836 fortunas
549 3782 821 3844 tutandos,
859 3793 913 3836 et
936 3782 1003 3836 ad
1052 3796 1405 3836 communem
1437 3780 1842 3835 defendendam

267 3876 524 3940 salutem,
557 3877 905 3929 concordiam
933 3874 1330 3942 amplectamur
1366 3872 1516 3924 omni
1573 3871 1760 3926 studio
1790 3879 1846 3923 et

267 3982 565 4020 consensu.
604 3965 811 4020 Bellum
841 3964 1234 4035 justissimum,
1258 3964 1492 4016 maxime
1522 3963 1846 4032 gloriosum,

269 4066 434 4125 atque
475 4055 607 4109 utile
641 4055 708 4108 ad
750 4055 902 4124 paci.
945 4063 1269 4108 ornamenta
1333 4053 1648 4114 retinenda,
1687 4059 1743 4105 et
1778 4049 1846 4104 ad

273 4149 370 4202 Dei
405 4146 532 4217 Opt.
572 4146 712 4206 llax.
765 4146 998 4216 injurias
1043 4143 1411 4210 ulciscendas,
1473 4144 1848 4212 pietatemque

275 4239 749 4309 propugnandam,
818 4239 1210 4306 suscipiamus.
1267 4236 1542 4291 Ornemus
1627 4235 1847 4288 ltatiam

274 4331 505 4386 victoria
538 4329 875 4399 amplissima
900 4337 955 4383 et
981 4328 1226 4382 hostium
1255 4327 1470 4396 spoliis,
1498 4341 1620 4396 qua
1647 4327 1700 4379 in
1730 4340 1850 4380 ma-

273 4424 442 4482 nibus
465 4431 620 4486 sunt,
663 4431 722 4475 ut
749 4436 848 4476 nos
876 4430 1178 4496 nostraque
1225 4419 1411 4474 omnia
1453 4429 1605 4472 metu
1632 4418 1686 4471 in
1719 4433 1844 4487 per-

274 4526 501 4586 petuum
537 4530 603 4570 ac
652 4514 899 4584 pericqu
931 4514 1248 4570 liberemus.

1053 4671 1116 4730 ν.

277 4790 535 4858 Ejusdem
562 4788 632 4844 ad
653 4789 860 4842 eosdem
891 4788 1164 4858 persuasio
1185 4802 1249 4841 ea:
1278 4788 1604 4842 auctoritate
1656 4787 1852 4841 Demo-

559 4889 570 4899 -
951 4860 1173 4915 stltenis.

349 4971 476 5028 Hoc
505 4986 536 5025 a
562 4971 718 5027 nobis
743 4985 840 5041 pro
879 4971 1160 5026 eommuni
1196 4971 1446 5026 ninnium
1473 4973 1651 5027 salute
1667 4971 1857 5041 dispu-

279 5071 417 5128 tata,
455 5065 664 5116 utinam
695 5077 762 5116 eo
792 5062 976 5115 studio
1008 5077 1040 5114 a
1078 5062 1235 5116 vobis
1291 5062 1687 5131 suscipiantur,
1731 5063 1855 5116 illnr

278 5156 538 5212 Itrissimi
574 5155 738 5209 Italia:
774 5155 1075 5224 principes,
1123 5170 1234 5224 quo
1266 5169 1296 5208 a
1333 5155 1488 5208 nobis
1521 5153 1668 5207 dicta
1704 5162 1850 5219 sunt,

279 5255 340 5301 et
369 5245 672 5300 inhereant
701 5246 900 5300 animis
931 5245 1145 5311 vestris,
1174 5254 1340 5314 atque
1375 5244 1768 5312 persuadeant,
1797 5254 1857 5298 ut

280 5339 448 5392 nullis
478 5337 716 5407 amplius
745 5336 1230 5390 adhortationibus
1287 5335 1570 5404 nullisque
1624 5336 1856 5389 rationi-

281 5428 389 5485 bus
416 5446 556 5500 opus
587 5431 680 5492 sit,
705 5433 801 5485 sed
837 5444 894 5483 re
932 5428 1047 5497 ipsa
1077 5436 1134 5482 et
1177 5441 1343 5494 opera
1373 5425 1441 5480 ad
1473 5427 1854 5481 defensionem

281 5534 530 5578 nostram
561 5533 618 5578 et
668 5523 911 5577 hostium
987 5518 1458 5590 propulsationem
1514 5518 1854 5572 excitemini.

275 5615 440 5680 Quod
484 5631 630 5670 nunc
657 5615 872 5670 facilius
904 5614 1016 5668 ﬁeri
1051 5626 1209 5681 posse
1238 5609 1497 5679 cngitavi,
1531 5610 1576 5663 si
1611 5609 1860 5664 consiliis

283 5710 421 5763 meis
459 5709 604 5763 vires
664 5706 880 5776 aliquas
911 5705 1257 5765 adhiberem,
1287 5712 1344 5756 et
1372 5701 1702 5755 auctoritate
1760 5702 1859 5754 ali-

283 5802 444 5872 cujus
473 5801 577 5856 viri
606 5799 925 5856 excellentis
958 5813 1021 5853 ea
1057 5796 1220 5865 plane
1249 5793 1662 5858 confirmarem,
1691 5802 1858 5863 atque

1940 1959 2056 2027 ipse
2084 1961 2230 2014 dicat
2252 1963 2609 2016 sententiam.
2641 1961 2916 2034 Olynthus
2945 1961 3192 2016 'I‘Itracite
3224 1963 3354 2017 urbs
3381 1979 3516 2031 opu-

1938 2048 2240 2105 lentissima
2276 2060 2418 2106 erat.
2445 2052 2754 2122 Philippus,
2787 2052 3084 2107 Alexandri
3118 2051 3298 2122 Magni
3331 2053 3514 2106 Mace-

1939 2141 2146 2194 donum
2188 2141 2334 2210 regis
2363 2153 2544 2212 pater,
2602 2159 2727 2198 cum
2763 2145 2818 2198 in
2868 2143 3130 2198 Graeciam
3197 2144 3514 2198 universam

1943 2231 2208 2302 impetum
2240 2231 2419 2288 facere
2446 2234 2807 2296 decrevisset.
2845 2235 3042 2290 statuit
3103 2235 3170 2289 ad
3236 2251 3356 2291 eam
3401 2251 3515 2290 rem

1941 2324 2176 2376 attinere
2216 2333 2276 2377 ut
2304 2323 2601 2394 Olynthum
2634 2326 2813 2394 primo
2837 2324 2893 2378 in
2925 2324 3192 2378 ditionem
3223 2325 3516 2393 redigeret.

1941 2414 2121 2468 Movet
2153 2430 2303 2468 arma
2335 2415 2387 2467 in
2416 2428 2576 2478 eam;
2637 2415 3012 2484 depopulatur
3039 2430 3251 2483 agrum.
3273 2414 3516 2486 Olynthii

1943 2502 2151 2570 legatos
2191 2504 2416 2554 mittunt
2449 2514 2610 2569 opem
2665 2501 3024 2570 imploratnm
3064 2502 3132 2556 ab
3162 2503 3519 2559 Atheniensi-

1944 2594 2070 2648 bus.
2107 2593 2506 2647 Demosthenes
2559 2593 2754 2648 suadet
2817 2593 3202 2663 opitulandum
3252 2609 3394 2659 esse,
3447 2610 3520 2650 ne

1942 2685 2253 2757 Philippus,
2283 2688 2347 2739 ad
2375 2685 2641 2740 Grtuciam
2669 2685 3045 2755 occupandam
3090 2687 3258 2744 animi
3317 2687 3519 2744 infiniti

1943 2787 2000 2832 et
2027 2779 2187 2844 vasti,
2214 2777 2451 2848 Olyntho
2505 2787 2686 2846 capta,
2745 2776 3108 2833 Athenienses
3159 2793 3223 2833 ac
3258 2779 3519 2848 reliquam

1944 2871 2207 2926 Graeciam
2240 2869 2534 2940 opprimat.
2560 2869 2638 2922 Ita
2661 2867 2810 2923 enim
2841 2876 2969 2922 tunc
2987 2867 3211 2924 Gracia:
3233 2869 3522 2940 Philippus

1948 2961 2294 3024 imminebat,
2334 2971 2392 3014 ut
2424 2977 2568 3013 nunc
2587 2959 2802 3015 Turcns
2836 2961 3022 3014 Italite.
3045 2959 3324 3016 Sustineat
3356 2963 3522 3032 igitur

1947 3053 2231 3123 Philippus
2264 3053 2425 3106 'l‘nrci
2464 3068 2773 3122 personam,
2795 3053 2916 3108 Itali
2951 3053 3390 3115 Atheniensium,
3421 3071 3524 3110 nos

1951 3145 2488 3200 Demosthenislatn
2525 3145 2681 3200 facile
2706 3145 2978 3216 intelliges
3015 3154 3181 3199 totam
3211 3148 3519 3202 orationem

1944 3253 2123 3293 causa:
2159 3249 2359 3291 nostuu
2391 3241 2712 3293 convenire.

1949 3391 2308 3447 Demosthenis
2340 3392 2512 3443 oratio
2549 3408 2644 3458 pro
2678 3390 2898 3458 ferenda
2925 3407 3019 3460 ope
3045 3390 3308 3460 Olynthiis
3333 3391 3524 3445 adver-

2201 3477 2289 3516 sus
2320 3461 2650 3530 Philippum,
2683 3477 2856 3531 regem
2898 3461 3274 3518 Macedonum.

2018 3595 2223 3649 Grandi
2252 3597 2489 3664 pecuniae
2521 3612 2608 3649 vos
2666 3597 2898 3666 profecto
2953 3595 3347 3666 anteposituros
3379 3596 3526 3648 arbi-

1949 3695 2079 3747 tror,
2108 3687 2474 3752 Athenienses,
2519 3689 2565 3740 si
2611 3687 2833 3758 planum
2871 3687 2991 3755 ﬁat,
3035 3687 3287 3752 quidnam
3335 3687 3529 3752 reipu-

1949 3778 2096 3831 blicae
2123 3779 2253 3830 utile
2297 3779 2534 3848 futurum
2567 3781 2674 3842 sit;
2705 3795 2811 3848 qua
2839 3779 2904 3830 de
2938 3795 2988 3830 re
3022 3794 3160 3831 nunc
3194 3797 3224 3830 a
3261 3778 3397 3830 vobis
3433 3780 3527 3828 de-

1949 3868 2227 3922 liberatur.
2260 3869 2410 3933 Quod
2445 3887 2560 3922 cum
2592 3870 2667 3923 ita
2702 3887 2757 3923 se
2790 3869 3004 3933 habeat,
3043 3880 3273 3923 uestrum
3311 3879 3384 3922 est
3437 3885 3521 3921 eos

1950 3969 2147 4013 attente
2176 3960 2364 4013 audire
2393 3961 2547 4024 velle,
2581 3961 2672 4029 qui
2708 3960 3033 4013 sententiam
3067 3961 3240 4013 dicere
3262 3968 3528 4016 statuunt.

1950 4051 2066 4105 Non
2104 4051 2274 4104 solum
2302 4052 2440 4104 enim
2461 4053 2507 4105 si
2535 4055 2650 4120 quis
2681 4051 2809 4103 utile
2843 4051 3049 4119 aliquid
3071 4054 3422 4119 excogitatum
3477 4053 3530 4103 in

1952 4141 2181 4193 medium
2215 4139 2478 4202 attulerit,
2514 4141 2587 4206 id,
2633 4156 2748 4193 cum
2783 4140 3074 4200 audieritis,
3110 4141 3414 4207 accipietis;
3447 4155 3533 4192 ve-

1953 4246 2071 4284 rum
2120 4231 2449 4301 etiamquod
2488 4243 2664 4284 vestra
2703 4230 2916 4299 fortuna
2978 4233 3216 4282 accidere
3265 4231 3528 4293 existimo,

1952 4321 2122 4375 multa
2173 4332 2470 4391 0p,ortuna
2507 4322 2776 4376 nonnullis
2807 4337 2870 4375 ea:
2927 4333 3162 4392 tempore
3193 4322 3247 4373 in
3304 4331 3530 4372 mentem

1951 4414 2160 4466 venient
2198 4414 2445 4477 dicenda,
2481 4421 2538 4465 ut
2569 4429 2632 4466 ex
2681 4413 2924 4467 omnibus
2976 4413 3119 4481 optio
3180 4411 3329 4464 nobis
3381 4411 3536 4464 detur

1882 4539 1927 4594 υ
1956 4501 2182 4572 eligendi
2204 4502 2345 4571 quod
2373 4501 2512 4556 vobis
2540 4503 2607 4556 sit
2643 4505 2764 4556 usui
2796 4503 3052 4572 futurum.
3088 4501 3370 4554 Enimvero
3395 4517 3534 4570 prte-

1953 4608 2071 4646 sens
2104 4594 2351 4661 temporis
2385 4596 2606 4659 occasio,
2632 4610 2752 4647 voce
2791 4597 3171 4662 propemodum
3200 4595 3412 4658 emissa,
3445 4607 3532 4645 re-

1955 4687 2048 4738 bus
2087 4684 2195 4739 illis
2225 4685 2596 4755 opitulandum
2627 4703 2737 4740 esse
2790 4687 2979 4756 inquit,
3004 4688 3049 4740 si
3082 4688 3291 4756 quidem
3345 4702 3533 4740 eorum

1952 4778 2101 4830 salus
2133 4779 2274 4832 nobis
2305 4795 2447 4831 cura!
2467 4789 2564 4831 est.
2597 4777 2704 4832 Nos
2733 4794 2874 4842 vero,
2907 4781 3077 4832 nescio
3120 4795 3222 4848 quo
3258 4788 3432 4848 pacto,
3463 4778 3534 4831 ad

1957 4875 2067 4924 haec
2107 4871 2348 4924 videmur
2387 4871 2581 4940 aﬂ'ecti.
2615 4868 2743 4934 (hiat
2772 4880 2951 4923 autem
2974 4887 3065 4940 ego
3101 4871 3304 4940 agenda
3331 4885 3533 4935 censeo,

1955 4960 2063 5013 Itan:
2093 4967 2216 5011 sunt
2243 4975 2262 5012 :
2285 4959 2488 5012 auxilia
2540 4961 2721 5012 statim
2759 4959 3086 5013 decernenda
3131 4975 3193 5011 ac
3223 4958 3534 5011 instruenda

1957 5065 2118 5119 quam
2153 5048 2443 5112 celerrime,
2469 5057 2526 5102 ut
2557 5050 2676 5102 hinc
2717 5064 2867 5117 opem
2892 5049 3100 5116 feratis,
3130 5063 3196 5100 ne
3222 5049 3361 5100 idem
3393 5047 3534 5116 quod

1957 5143 2086 5197 olim
2117 5144 2438 5214 patiamini;
2463 5143 2666 5212 legatos
2701 5142 3003 5203 mittendos.
3036 5141 3126 5210 qui
3181 5145 3292 5194 tusc
3347 5154 3542 5192 renun-

1959 5235 2112 5294 tient.
2144 5243 2192 5287 et
2222 5234 2374 5287 rebus
2402 5233 2642 5304 gerendis
2666 5233 2940 5286 intersint.
2969 5229 3175 5284 Etenim
3202 5230 3338 5284 illud
3366 5231 3544 5285 matri.

1957 5343 2040 5380 me
2076 5325 2360 5380 verendum
2397 5333 2474 5378 est
2523 5341 2604 5385 ne,
2643 5341 2760 5377 cum
2825 5323 3099 5392 Philippus
3153 5324 3306 5391 vafer
3360 5331 3411 5376 et
3467 5321 3540 5376 ad

1962 5419 2171 5488 negotia
2211 5418 2451 5472 obeunda
2476 5417 2704 5470 callidus
2738 5417 2830 5480 sit,
2865 5417 3018 5469 modo
3061 5416 3286 5469 cedendo
3311 5431 3429 5468 cum
3456 5431 3538 5467 res

1962 5509 2269 5582 postulabit,
2313 5509 2465 5563 modo
2529 5509 2937 5562 interminando
3001 5507 3234 5578 (dignus
3270 5521 3400 5560 sane
3432 5504 3542 5572 ﬁde

1960 5605 2151 5657 merito
2200 5589 2522 5673 haberetur),
2565 5602 2718 5656 modo
2753 5617 2841 5656 vos
2877 5610 3208 5670 vestramque
3244 5601 3544 5652 absentiam

1962 5697 2250 5751 calumniis
2275 5696 2605 5757 insectando,
2642 5695 2849 5764 aliquid
2879 5693 2943 5746 de
2973 5709 3182 5746 summa
3213 5707 3397 5744 rerum
3427 5705 3547 5758 per-

1964 5797 2135 5844 vertat
2167 5797 2323 5858 atque
2354 5787 2643 5842 convellat.
2675 5788 2835 5858 Atqui
2869 5788 3080 5856 quodin
3119 5784 3272 5840 rebus
3304 5781 3547 5848 Philippi
