3880 6220
420 336 522 402 ευ

1350 338 1865 400 BESSARIONIS
1907 341 1964 404 S.
2014 344 2079 401 Π.
2136 341 2198 400 E.
2243 342 2715 402 CARDINALIS

3134 272 3165 279 μ’

3582 348 3690 413 672

406 456 779 526 permunitum.
805 457 1033 519 videtur,
1055 461 1238 510 .vt‘xut
1270 454 1569 524 oppugnari
1594 456 1785 524 possit,
1849 455 1985 527 idem
2016 464 2059 519 Α
2093 457 2163 509 ris
2191 457 2370 525 :quod
2400 465 2579 511 autem
2634 467 2683 511 et
2704 458 3036 530 jampridem
3071 462 3126 515 id
3176 478 3267 516 nos
3304 465 3453 533 passi
3511 463 3685 534 fueri-

404 556 455 602 et
491 547 633 602 vobis
676 549 1102 619 percommodum
1148 555 1255 601 est.
1281 545 1423 601 Nam
1478 546 1617 623 quod
1661 545 1754 602 ille
1804 563 1983 601 rerum

405 640 662 701 omnium,
708 639 857 693 nulla
891 649 1128 707 excepta,
1159 637 1303 693 solus
1330 639 1578 693 dominus
1620 640 1714 702 sit,
1743 639 1981 709 impera-

406 739 512 792 tor,
542 740 791 800 quaestor,
823 730 1015 799 ubique
1041 730 1153 783 suis
1187 730 1352 801 copiis
1384 732 1585 801 prtesit,
1627 730 1698 783 ad
1748 745 1830 783 res
1866 730 1972 799 qui-

404 822 522 874 dem
549 818 764 877 bellicas
793 831 1003 876 mature
1029 821 1410 886 conﬁciendas,
1446 831 1497 875 et
1525 824 1706 877 omnia
1742 823 1799 877 in
1851 834 1983 879 tent-

403 928 528 978 pore
558 912 789 981 gerenda
818 911 970 983 longe
995 915 1238 982 superior
1265 921 1364 969 est.
1403 914 1484 967 Ad
1512 914 1839 970 conditiones
1861 931 1995 970 vero.

400 1016 522 1054 cum
559 1000 824 1072 Olynthiis
853 1002 1132 1068 ineundas,
1168 1005 1254 1058 cui
1272 1005 1346 1056 rei
1378 1004 1597 1073 miriﬁce
1614 1007 1809 1068 studet.
1831 1006 1983 1078 longe

401 1092 558 1145 aliter
586 1109 638 1147 se
671 1092 849 1148 habet.
880 1093 1060 1164 Neque
1116 1096 1256 1148 enim
1287 1091 1554 1164 Olynthiis
1584 1096 1860 1152 obscurum
1906 1107 1983 1152 est

399 1199 511 1238 sese
539 1184 634 1237 hoc
664 1194 896 1255 tempore
928 1202 1033 1241 non
1094 1186 1158 1240 de
1202 1186 1377 1256 gloria
1410 1195 1502 1241 aut
1538 1190 1656 1257 agri
1685 1196 1839 1258 parte
1868 1204 1984 1242 cer-

402 1281 539 1337 tare,
574 1272 665 1327 sed
694 1290 790 1343 pro
833 1274 1059 1335 excidio,
1094 1291 1190 1344 pro
1225 1277 1479 1330 servitute
1531 1294 1562 1331 a
1595 1279 1788 1348 patria?
1816 1280 1985 1334 cervi-

399 1362 543 1415 cibus
578 1361 933 1432 depellenda;
968 1379 1132 1432 neque
1160 1364 1410 1434 ignorant
1450 1366 1577 1436 quid
1604 1368 1661 1420 in
1714 1383 1801 1421 eos
1860 1374 1983 1421 Am-

400 1452 686 1522 pltipolitas
732 1456 920 1525 egerit,
951 1456 1039 1523 qui
1067 1456 1115 1508 ei
1159 1457 1392 1526 patriam
1445 1457 1818 1527 prodiderunt,
1855 1458 1984 1529 quid

398 1544 454 1595 itt
485 1543 767 1612 Pydnazos,
801 1544 893 1613 qui
919 1560 1038 1597 eum
1076 1555 1222 1600 terra
1280 1555 1603 1616 receperunt.
1648 1548 1870 1603 Demattt
1905 1562 1984 1620 tg-

399 1633 677 1705 rannidem
706 1648 817 1686 rem
845 1633 1066 1701 inﬁdam
1092 1643 1140 1687 et
1161 1625 1458 1703 suspectam
1487 1633 1664 1689 liberis
1683 1637 1983 1719 civitatibus

399 1739 509 1778 esse
541 1725 816 1790 existimo;
854 1726 1149 1794 praesertim
1174 1726 1220 1778 si
1271 1740 1427 1794 agros
1452 1724 1702 1794 ﬁnitimos
1729 1728 1979 1781 habeant.

2090 564 2228 612 mus,
2254 558 2303 600 et
2336 565 2506 620 nuper
2534 550 2765 603 societas
2786 542 2940 606 nobis
2969 555 3255 619 exstiterit,
3287 571 3406 625 qua
3432 562 3677 625 superio-

2085 656 2143 691 ra
2168 642 2350 694 omnia
2385 643 2648 696 resarcire
2670 644 2872 708 valeat,
2903 648 3056 699 modo
3077 663 3140 700 ea
3171 649 3249 702 uti
3272 649 3531 715 velimus,
3560 654 3677 705 deo-

2083 747 2203 784 rum
2242 732 2627 787 immortalium
2657 734 3029 792 benevolentia
3060 755 3188 808 erga
3240 756 3336 794 nos
3397 754 3665 811 acceptus

2084 823 2415 893 referendum
2448 824 2609 895 plane
2632 828 3028 897 aﬂirmatm‘im.
3082 829 3273 886 Verum
3331 837 3429 889 hoc
3470 839 3670 905 perinde

2084 929 2196 969 esse
2221 915 2483 980 arbitror,
2518 926 2679 986 atque
2723 920 2779 973 in
2826 910 3171 991 pecuniarum
3207 927 3542 994 possessione
3564 945 3674 982 cott-

2083 1005 2286 1076 tingere
2298 1006 2453 1062 solet.
2477 1006 2537 1063 Si
2557 1011 2699 1064 enim
2731 1028 3075 1085 quascunque
3094 1017 3211 1085 quis
3228 1021 3577 1088 acquisierit,
3594 1037 3679 1073 eas

2086 1106 2258 1152 servat
2286 1097 2599 1166 incolumes,
2630 1103 2869 1171 ingentes
2890 1107 3052 1158 habet
3099 1107 3338 1173 fortunae
3355 1112 3593 1181 gratias.
3616 1112 3680 1167 In

2084 1188 2237 1242 rebus
2253 1189 2417 1245 idem.
2446 1188 2549 1255 Qui
2568 1198 2844 1247 occasione
2861 1212 2964 1249 non
2992 1208 3133 1251 recte
3155 1200 3236 1253 usi
3257 1211 3410 1264 sunt,
3439 1218 3508 1255 ne
3534 1218 3684 1258 cons-

2085 1279 2226 1333 modi
2248 1279 2482 1349 quidem,
2507 1283 2552 1333 si
2577 1283 2702 1349 quid
2726 1283 2949 1339 deorum
2973 1288 3221 1356 beneﬁcio
3238 1300 3367 1342 sunt
3384 1297 3676 1357 consecuti,

2085 1369 2463 1422 recordamur.
2490 1369 2576 1423 Ea:
2593 1372 2781 1425 ultimo
2802 1376 2942 1428 enim
2981 1391 3156 1429 rerum
3182 1386 3371 1432 eventu
3396 1390 3524 1432 ante
3551 1393 3674 1434 acta

2090 1461 2272 1513 omnia
2294 1459 2603 1530 plerumque
2618 1465 2875 1532 pensitari
2899 1466 3089 1520 solent.
3109 1465 3461 1532 Quamobrem
3480 1473 3538 1525 in
3553 1473 3676 1526 reli-

2083 1552 2198 1620 quis
2233 1550 2384 1605 valde
2412 1555 2836 1622 prospiciendum
2867 1564 2964 1622 est,
2989 1567 3047 1611 ut
3079 1575 3262 1613 eorum
3301 1565 3671 1619 emendatione

2082 1644 2414 1711 superiorum
2432 1647 2693 1714 fastorum
2718 1647 2888 1702 labem
2914 1649 3210 1707 deleamus.
3237 1654 3367 1707 Atsi
3385 1656 3482 1709 hos
3511 1658 3670 1710 etiam

2086 1734 2323 1789 homines
2377 1737 2794 1804 perdiderimus,
2862 1741 3218 1806 Athenienses,
3273 1753 3323 1798 et
3382 1744 3668 1817 Olynthus

395 1815 585 1885 Itaque
615 1825 665 1869 et
704 1819 813 1870 hcce
849 1834 953 1869 non
981 1819 1307 1903 ignorantes,
1343 1827 1393 1872 et
1425 1828 1615 1872 cuneta
1660 1817 1770 1872 alia
1801 1822 1967 1872 consi~
2006 1829 2048 1884 Β
2075 1837 2329 1891 praeterea
2382 1825 2659 1899 Philippus
2728 1835 3055 1897 occupaverit
3081 1872 3097 1898 ,
3147 1815 3469 1892 demonstret
3546 1842 3671 1894 mihi

396 1908 667 1973 derantes,
700 1907 984 1977 diligenter
1032 1904 1150 1962 dico
1188 1925 1282 1963 nos
1312 1920 1552 1980 oportere
1587 1912 1800 1964 incitari
1825 1910 1974 1974 velle,

396 1996 635 2066 belloque
672 1997 926 2065 gerendo,
971 1999 1018 2051 si
1066 2016 1321 2070 unquam,
1365 2018 1503 2054 nunc
1559 2012 1695 2054 certe
1750 2005 1981 2056 maxime

396 2086 714 2152 incumbere,
771 2093 1021 2159 pecunias
1046 2090 1190 2144 haud
1245 2093 1474 2160 segniter
1520 2093 1854 2162 conferendo,
1887 2110 1981 2163 per

396 2187 597 2232 nosmet
623 2181 886 2247 exeundo,
910 2182 1042 2235 nihil
1059 2199 1278 2252 prorsus
1296 2174 1607 2237 omittendo.
1632 2183 1815 2254 Neque
1840 2186 1980 2239 cuius

393 2277 488 2319 aut
522 2270 685 2332 ratio,
719 2280 813 2323 aut
869 2274 1136 2325 excusatio
1180 2272 1291 2327 ulla
1327 2272 1463 2326 vobis
1499 2272 1728 2343 antplius
1787 2272 1973 2328 relicta

380 2353 489 2423 est,
528 2362 654 2429 quitt
719 2378 834 2431 qua:
878 2362 1086 2431 agettda
1119 2374 1241 2417 sunt
1304 2367 1594 2434 peragatis.
1656 2364 1797 2418 Nam
1839 2369 1978 2436 quod

390 2450 564 2502 cuncti
624 2448 933 2518 fremebatis
999 2453 1264 2522 quondam
1344 2452 1716 2526 Olgntltiorum
1771 2459 1975 2512 animos

390 2535 637 2610 Philippo
664 2540 877 2610 infestos
903 2542 1194 2596 reddendos
1228 2558 1356 2609 esse,
1389 2545 1530 2600 ultro
1568 2549 1759 2610 evenit,
1795 2556 1847 2601 et
1874 2564 1973 2603 sua

387 2643 444 2683 se
473 2637 658 2700 sponte
692 2630 882 2685 obtulit
903 2648 922 2698 ,°
947 2634 1197 2703 atqueid
1229 2650 1288 2687 eo
1320 2638 1550 2689 maxime
1572 2638 1725 2691 modo
1753 2655 1856 2708 quo
1888 2657 1974 2693 ro-

391 2719 466 2772 bis
513 2722 774 2774 conducit.
812 2720 873 2777 Si
929 2724 1091 2788 enim,
1167 2724 1306 2778 vobis
1357 2727 1735 2792 suadentibus,
1777 2729 1970 2783 bellant

386 2814 754 2881 suscepissent,
787 2815 913 2883 ﬁdei
940 2832 1071 2869 sane
1100 2816 1273 2870 dubia'
1299 2818 1526 2871 habendi
1551 2831 1723 2873 essent
1746 2823 1896 2882 socii,
1922 2832 1970 2876 et

386 2901 458 2954 ad
498 2903 714 2975 aliquod
744 2921 908 2975 usque
946 2916 1169 2978 tempus,
1200 2924 1304 2962 non
1343 2925 1571 2979 semper,
1602 2910 1653 2962 id
1682 2910 1972 2966 decrevisse

388 2996 615 3062 fortasse
640 2996 964 3051 viderentur.
1003 2998 1138 3052 Cum
1183 3015 1305 3052 vero
1339 3000 1553 3068 injuriis
1593 3001 1658 3053 ab
1686 3000 1779 3054 illo
1806 3002 1971 3055 laces-

388 3088 498 3151 siti,
531 3087 648 3142 odio
672 3089 933 3142 hominem
958 3098 1372 3159 persequantur,
1399 3099 1705 3144 constantes
1749 3106 1833 3144 eos
1861 3094 1965 3145 ini-

388 3179 620 3233 micitias
666 3190 903 3250 gesturos
944 3198 1062 3234 cum
1108 3191 1325 3252 propter
1356 3193 1574 3247 metum,
1609 3193 1719 3237 tum
1748 3194 1966 3253 propter

382 3272 605 3340 offensas
638 3272 1078 3327 verisimillitnum
1136 3282 1233 3328 est.
1290 3271 1416 3327 Non
1452 3284 1525 3328 est
1571 3275 1737 3344 igitur
1784 3276 1963 3328 oblata

380 3369 587 3420 occasio
615 3367 1089 3436 praetermittenda.
1140 3370 1513 3432 Athenienses,
1551 3382 1716 3437 neque
1741 3369 1960 3438 patien-

381 3461 509 3509 dam
536 3458 674 3526 quod
693 3458 960 3528 superiori
993 3468 1231 3528 tempore
1259 3474 1617 3528 stepenamero
1642 3459 1783 3528 passi
1813 3461 1957 3512 estis.

378 3547 519 3602 Nam
551 3551 596 3602 si
616 3565 735 3603 cum
786 3549 913 3604 olim
945 3550 1098 3603 rebus
1139 3550 1385 3605 Euboicis
1451 3550 1707 3605 auxdiati
1768 3553 1963 3605 reversi

377 3657 580 3705 sumus,
619 3651 671 3694 et
706 3644 775 3696 ad
809 3644 920 3697 huc
946 3644 1064 3711 ipsa
1109 3643 1357 3697 subsellia
1398 3645 1598 3698 Hieran
1643 3652 1691 3696 et
1759 3642 1963 3696 Strato-

377 3734 482 3787 cles
511 3734 883 3804 Amphipolim:
938 3734 1190 3797 aderant,
1239 3735 1518 3788 hortantes
1575 3744 1628 3787 ut
1688 3736 1958 3789 maritimo

377 3846 461 3896 ap,
486 3839 643 3881 arata
674 3827 919 3898 profecti,
954 3827 1133 3882 urbem
1169 3845 1324 3882 suam
1381 3829 1759 3897 acciperemus,
1820 3830 1956 3909 idem

377 3937 474 3989 pro
511 3923 652 3973 nobis
680 3921 808 3989 ipsis
831 3920 1062 3974 studium
1087 3922 1527 3990 pra'stitissemus.
1555 3921 1693 3990 quod
1723 3936 1818 3990 pro
1852 3920 1963 3974 Eu-

378 4015 643 4065 boicorum
691 4012 884 4079 salute,
949 4022 998 4067 et
1032 4022 1154 4068 tunc
1208 4015 1463 4068 nimirum
1519 4013 1846 4085 Amphipolis
1902 4015 1957 4068 itt

375 4106 624 4155 ditionem
683 4114 919 4157 nostrant
949 4107 1195 4167 venisset,
1230 4114 1279 4157 et
1321 4120 1460 4159 nunc
1524 4104 1766 4158 molestia
1812 4106 1957 4159 omni

374 4193 648 4256 careretis,
688 4209 805 4261 qua:
834 4194 958 4247 inde
1005 4202 1287 4248 consecuta
1318 4202 1414 4246 est.
1462 4191 1667 4247 Rursus
1730 4196 1778 4247 si
1835 4213 1955 4249 eum

377 4284 643 4351 l’gduam.
705 4283 1029 4349 Methonem,
1072 4281 1389 4347 Potidatatn,
1432 4280 1694 4354 Pagasas,
1728 4286 1953 4356 reliqua,

372 4389 437 4426 ne
467 4376 520 4427 itt
547 4374 769 4445 singulis
800 4376 999 4429 diutius
1032 4376 1302 4439 immorer,
1333 4373 1557 4445 obsideri
1590 4376 1909 4446 offerebatur
1930 4417 1946 4438 ,

2080 1922 2364 1991 quispiam,
2424 1926 2549 1993 quid
2590 1927 2657 1979 sit
2694 1927 2926 1995 amplius
2968 1930 3354 2013 impedimth
3399 1935 3661 2003 futurum,

2082 2014 2362 2080 quominus
2397 2032 2504 2082 quo
2538 2016 2701 2072 libido
2737 2021 2906 2073 animi
2940 2019 3150 2087 tulerit,
3182 2024 3492 2079 contendat.
3520 2027 3666 2079 Attae

2080 2110 2312 2157 vestrum
2335 2104 2525 2176 aliquis
2562 2109 2958 2174 animadvertit,
2998 2121 3048 2166 et
3085 2113 3349 2168 rationem
3371 2116 3535 2180 videt,
3560 2133 3665 2185 qua

2020 2175 2025 2179 ’
2080 2191 2362 2264 Philippus
2391 2214 2507 2272 cunt
2539 2200 2694 2253 initio
2732 2205 2975 2266 pertenui
2994 2204 3053 2257 in
3080 2213 3223 2258 statu
3247 2244 3263 2269 ,
3312 2175 3533 2275 repente
3558 2175 3666 2261 nsa-

2074 2302 2210 2356 grtus
2256 2289 2463 2343 evasit?
2493 2290 2848 2361 Amphipolim
2879 2296 3051 2362 primo
3106 2298 3260 2367 cepit,
3295 2299 3498 2352 deinde
3523 2299 3663 2371 Pyd-

2078 2391 2226 2438 nam,
2257 2380 2449 2433 iterum
2479 2381 2791 2449 Patidteam,
2845 2401 3059 2441 rursum
3099 2387 3658 2462 Methonem..detnutn

2074 2466 2128 2519 in
2183 2468 2508 2526 Thessaliam
2544 2473 2782 2539 invasit;
2839 2476 3082 2547 deinceps
3130 2478 3368 2544 Pharas,
3396 2479 3658 2553 Pagasas,

2074 2560 2430 2630 Magnesiam.
2463 2564 2679 2622 Cunctis
2708 2582 2828 2623 vero
2847 2606 2864 2631 ,
2923 2580 2978 2623 ut
3013 2569 3183 2636 libuit,
3222 2574 3524 2628 constitutis
3550 2615 3568 2641 ,
3600 2579 3659 2629 in

2078 2650 2359 2708 Thraciam
2390 2671 2446 2709 se
2492 2658 2738 2713 contulit.
2781 2659 2887 2723 Ibi,
2922 2661 3047 2716 aliis
3076 2663 3253 2732 ejectis
3277 2665 3507 2734 regibus,
3536 2666 3659 2720 aliis

2075 2743 2349 2806 restitutis.
2408 2747 2632 2804 adversa
2678 2749 2982 2807 valetudine
3023 2752 3307 2808 laboravit.
3356 2754 3477 2821 Qua
3530 2773 3655 2810 eunt

2072 2835 2350 2902 paululum
2386 2837 2585 2892 levatus
2617 2849 2770 2905 esset,
2811 2846 2994 2898 nonin
3030 2848 3299 2916 segnitiem
3340 2864 3458 2902 sese
3504 2851 3657 2905 dedi-

2069 2927 2169 2989 dit,
2192 2929 2285 2983 sed
2309 2928 2585 2999 Olynthios
2621 2935 2803 2988 statim
2839 2936 3057 2991 adortus
3072 2947 3172 2995 est.
3212 2938 3331 2993 Non
3363 2941 3479 2994 dico
3511 2958 3657 2995 nunc

2070 3021 2134 3074 de
2187 3019 2327 3073 illius
2371 3023 2787 3090 expeditionibus
2825 3028 3076 3083 adversus
3098 3028 3336 3100 Illyrios.
3396 3030 3650 3099 Pliones,

1990 3155 2035 3215 C
2074 3112 2359 3182 Argutbaat
2388 3152 2404 3176 ,
2453 3124 2505 3168 et
2557 3117 2610 3169 in
2642 3134 3014 3191 quamcunque
3049 3123 3273 3179 volueris
3300 3127 3649 3195 provinciam.

2071 3207 2160 3262 At.
2195 3206 2461 3272 quispiam
2491 3205 2711 3276 inquiet,
2758 3211 2887 3280 quid
2914 3212 3059 3265 nobis
3084 3215 3188 3267 ista
3220 3232 3607 3272 commemoras
3626 3221 3654 3272 .’

2073 3294 2138 3348 Ut
2168 3305 2218 3347 et
2241 3301 2592 3365 cognoscatis,
2639 3301 3000 3369 Athenienses,
3054 3317 3309 3374 quantum
3341 3310 3645 3364 detrimenti

2066 3386 2255 3455 alferat
2281 3404 2390 3440 rem
2430 3405 2634 3459 semper
2673 3391 2915 3461 aliquam
2949 3397 3259 3464 singulatim
3301 3399 3477 3453 sinere
3505 3417 3648 3469 prte-

2065 3488 2132 3529 tet
2149 3479 2278 3531 labi.
2305 3479 2373 3533 Et
2410 3482 2568 3548 p'aae
2589 3482 2879 3538 advertatis
2913 3485 3145 3556 Philippi
3172 3489 3226 3541 in
3255 3490 3408 3544 rebus
3425 3496 3644 3561 agendis

2059 3569 2291 3622 stadium
2346 3574 2697 3638 acerrimum,
2738 3585 2788 3628 et
2813 3592 2995 3631 curam
3043 3579 3319 3634 assiduam
3364 3598 3482 3635 cunt
3532 3600 3641 3652 qua

2062 3662 2264 3728 pariter
2301 3662 2463 3714 vitam
2489 3662 2656 3731 ducit,
2701 3665 2762 3719 ob
2786 3683 2960 3735 quant
2993 3669 3147 3723 rebus
3188 3686 3221 3723 a
3252 3687 3309 3723 se
3344 3674 3505 3741 gestis
3536 3678 3639 3726 nti-

2061 3750 2202 3805 ttiate
2248 3762 2561 3816 contentas,
2598 3756 2841 3827 deinceps
2893 3759 3012 3823 ﬁeri
3064 3776 3168 3813 non
3213 3765 3427 3830 poterit,
3471 3774 3533 3817 ut
3580 3768 3635 3819 in

2058 3846 2229 3912 quiete
2261 3856 2592 3912 permaneat.
2623 3848 2774 3913 Quod
2798 3852 2845 3902 si
2871 3850 2963 3906 ille
3003 3852 3177 3921 majus
3202 3854 3408 3923 aliquid
3429 3871 3638 3925 semper

2060 3938 2379 4001 moliendum
2399 3939 2705 4003 decreverit,
2725 3958 2810 3996 vos
2840 3950 3024 3997 contra
3057 3943 3263 3998 nullam
3293 3961 3404 3999 rem
3428 3946 3638 4014 fortiter

2057 4027 2351 4084 obeundam
2368 4030 2757 4099 judicaveritis,
2793 4049 2947 4100 quem
2975 4036 3191 4089 tandem
3218 4052 3397 4089 rerum
3439 4040 3638 4091 esitttut

2054 4136 2272 4190 sperare
2296 4121 2537 4177 debemus
2561 4124 2586 4177 7
2619 4124 2761 4178 Proh
2807 4124 2974 4179 Deum
3012 4126 3172 4192 ﬁdem
3201 4130 3223 4182 .'
3260 4130 3378 4197 quis
3404 4141 3635 4185 vestrum

2056 4213 2192 4267 adeo
2221 4213 2364 4268 tardi
2393 4215 2594 4282 ingenii
2637 4224 2712 4267 est
2742 4226 2792 4269 et
2828 4216 3136 4282 inconsulti,
3166 4218 3278 4287 qui,
3307 4219 3357 4272 si
3395 4219 3639 4288 neglexe-

2057 4304 2244 4370 rintus,
2275 4304 2471 4359 bellant
2508 4307 2611 4360 huc
2643 4322 2948 4360 conversum
2999 4308 3067 4361 iri
3106 4310 3354 4362 nesciat?
3393 4309 3548 4373 Quod
3588 4315 3639 4364 si

2053 4396 2300 4460 evenerit,
2336 4396 2572 4465 equidem
2602 4399 2929 4451 vehementer
2963 4398 3121 4451 timeo
3155 4414 3241 4460 ne,
3297 4400 3460 4455 veluti
3486 4402 3637 4471 [ene-

369 4468 534 4520 alunti
575 4482 639 4521 ea:
691 4468 756 4521 iis
776 4469 904 4532 cito,
934 4477 1005 4530 et,
1038 4477 1095 4521 ut
1148 4484 1229 4522 res
1263 4466 1588 4537 postulabat,
1620 4484 1772 4538 opem
1811 4469 1951 4540 ferre

2066 4483 2184 4545 rati,
2212 4484 2302 4550 qui
2333 4482 2493 4553 facile
2532 4499 2595 4537 ea:
2619 4472 2824 4554 magnis
2859 4486 3129 4556 fenoriitus
3153 4487 3296 4542 brevi
3318 4498 3558 4559 tempore
3579 4493 3635 4543 in

278 4604 282 4609 ,
369 4561 603 4628 aggressi
629 4575 859 4614 essemus
887 4597 903 4622 ,
934 4547 1175 4629 (aciliore
1205 4560 1441 4630 profecto
1479 4560 1728 4632 Philippo
1766 4572 1815 4617 et
1851 4564 1949 4617 ltu-

370 4650 581 4704 ntiliore
609 4661 903 4705 uterentur.
932 4655 997 4704 At
1024 4666 1169 4718 vero,
1229 4655 1355 4704 dum
1412 4661 1695 4722 pra'setttes
1759 4670 1938 4708 rerum

372 4740 676 4793 occasiones
708 4739 1005 4809 abjicitnus,
1023 4741 1145 4793 dum
1166 4740 1350 4805 futura
1374 4756 1623 4811 prospere
1643 4758 1741 4795 sua
1763 4759 1808 4804 s;
1829 4751 1948 4796 oate

370 4845 622 4885 eventura
655 4843 925 4903 putamus,
949 4835 1194 4887 auximus
1217 4831 1522 4902 Philippum
1546 4850 1639 4887 nos
1666 4835 1767 4903 ipsi
1790 4834 1950 4886 Athe-

375 4925 604 4989 nienses,
640 4934 953 4995 tantumque
981 4925 1154 4993 ipsum
1180 4927 1545 4991 reddidimus,
1570 4934 1800 4995 quantus
1850 4940 1947 4978 un-

373 5033 538 5088 quam
577 5032 670 5071 rea:
719 5014 1063 5071 Macedonum
1119 5017 1316 5069 eastttit
1370 5034 1548 5071 nemo.
1580 5017 1735 5071 Nunc
1767 5027 1946 5071 autem

365 5121 478 5161 sese
509 5107 714 5179 exhibet
764 5106 994 5162 occasio.
1028 5104 1343 5170 Quanam?
1395 5106 1621 5176 inquies.
1682 5108 1725 5159 A
1792 5106 1944 5158 rebus

365 5196 689 5268 Olgntltiacis
715 5214 816 5250 sua
856 5208 1044 5267 sponte
1071 5206 1258 5251 vestrte
1291 5197 1516 5261 civitati,
1557 5212 1676 5267 qua:
1703 5196 1856 5250 nulla
1886 5198 1943 5251 in

365 5306 424 5345 re
447 5291 635 5359 primis
696 5288 804 5344 illis
838 5290 1060 5358 interior
1089 5297 1187 5343 est.
1254 5288 1535 5356 Equidem,
1588 5292 1634 5343 si
1687 5291 1803 5358 quis
1837 5288 1940 5353 res,

364 5400 482 5456 qua:
526 5382 673 5437 nobis
711 5382 962 5436 divinitus
991 5383 1131 5436 datte
1181 5391 1324 5448 sunt;
1376 5386 1634 5453 aequitate
1678 5383 1939 5447 adhibita,

363 5488 656 5547 supputare
694 5473 938 5545 vomgrit,
977 5492 1287 5546 quanquam
1345 5476 1603 5547 pleraque
1655 5492 1759 5531 non
1804 5478 1939 5531 satis

361 5568 632 5623 commode
683 5567 932 5622 accidisse
994 5569 1259 5632 videntur,
1310 5580 1486 5621 tamen
1551 5584 1669 5621 eum
1718 5585 1938 5638 magnas

361 5659 464 5714 diis
484 5662 687 5730 gratias
742 5662 928 5715 merito
954 5661 1255 5715 habiturum
1310 5666 1572 5719 existittto.
1614 5664 1767 5731 Quod
1798 5666 1937 5719 enim

365 5754 531 5817 multa
557 5752 717 5819 bello,
736 5754 866 5820 jure
906 5757 1105 5823 optimo
1148 5756 1367 5811 desidia'
1423 5774 1616 5812 nostra:
1667 5759 1935 5829 ascripse-

2056 4589 2236 4626 rernnt
2263 4575 2419 4643 copia
2444 4576 2658 4638 versati,
2683 4586 2954 4644 postremo
2999 4579 3135 4633 bona
3166 4582 3347 4634 omnia
3395 4582 3635 4651 funditus

2050 4666 2384 4729 amiserunt;
2421 4666 2495 4719 ita
2530 4683 2622 4721 nos
2653 4651 2893 4738 ignavia:
2921 4669 3119 4736 dediti,
3164 4680 3216 4725 et
3259 4674 3330 4725 ad
3363 4673 3632 4728 libidinem

2048 4766 2239 4810 cuncta
2279 4767 2599 4826 quan-entes,
2629 4759 2841 4813 tandem
2872 4760 2952 4815 vel
2988 4762 3137 4815 inviti
3164 4761 3331 4818 multa
3367 4774 3420 4816 et
3440 4766 3629 4834 gravia

2046 4848 2219 4901 subire
2248 4866 2521 4918 cogamur,
2555 4861 2603 4905 et
2627 4850 2690 4903 de
2726 4852 2808 4905 iis.
2854 4867 2969 4920 qua:
3004 4862 3186 4905 nostro
3220 4853 3274 4906 in
3309 4870 3442 4923 agro
3475 4867 3625 4917 sunt,

2048 4940 2363 5007 periclitari.
2400 4942 2562 5010 Atqui
2607 4943 3006 5011 reprehendere,
3044 4944 3244 5013 inquies
3295 4943 3547 5013 fortasse,
3578 4957 3629 4999 et

2048 5029 2223 5099 facile,
2253 5039 2300 5084 et
2327 5031 2556 5100 cujusvis
2603 5040 2699 5094 est,
2730 5032 2826 5084 sed
2860 5033 2927 5085 de
2959 5035 3208 5100 prwsettti
3237 5035 3450 5100 negotio
3473 5035 3627 5101 quid-

2048 5139 2171 5176 nam
2210 5125 2472 5192 agendum
2515 5126 2587 5178 sit
2627 5126 2861 5188 edocere,
2897 5125 3185 5179 senatoris.
3222 5123 3335 5195 Ego
3361 5141 3509 5188 vero,
3528 5126 3627 5179 etsi

2044 5222 2363 5280 compertum
2379 5213 2540 5265 habeo
2566 5229 2674 5277 vos,
2707 5228 2824 5265 cum
2852 5223 3044 5283 praeter
3060 5216 3381 5269 sentemiam
3406 5226 3457 5269 et
3480 5231 3627 5285 spent

2046 5302 2249 5372 aliquid
2291 5303 2540 5368 evenerit,
2602 5317 2703 5355 non
2739 5302 2866 5356 mali
2911 5306 3234 5369 auctortbus,
3283 5305 3375 5359 sed
3432 5306 3497 5360 iis
3535 5307 3628 5375 qui

2041 5416 2132 5452 seu
2159 5399 2358 5452 entiam
2405 5399 2589 5453 ultimo
2616 5397 2729 5453 loco
2765 5398 3039 5462 dixerint,
3082 5401 3240 5454 irasci
3284 5400 3482 5467 solere,
3518 5417 3625 5455 non

2045 5499 2223 5542 tamen
2278 5500 2491 5558 propter
2542 5492 2764 5559 privatat
2810 5492 3118 5545 securitatis
3180 5494 3441 5551 rationem
3492 5494 3624 5547 mihi

2040 5576 2250 5630 siletttio
2294 5577 2661 5645 praetereunda
2710 5579 2963 5640 arbitror,
2991 5595 3108 5647 qua'
3147 5581 3286 5634 vobis
3338 5582 3625 5653 profutura

2043 5671 2307 5729 existimo.
2350 5669 2474 5722 Dico
2523 5669 2687 5738 igitur
2735 5686 2822 5722 vos
2871 5671 3121 5740 bifariam
3160 5672 3310 5727 rebus
3364 5676 3629 5743 opitulari

2041 5772 2301 5829 oportere,
2333 5760 2531 5829 partim
2585 5760 2777 5832 oppida
2810 5778 3108 5834 agrumque
3138 5763 3507 5837 Olgr'tltiorunt
3534 5775 3630 5821 tu-
