3880 6220
274 344 384 405 6'3

1319 364 1754 427 ORATIONES
1794 366 2097 428 CONTRA
2141 373 2239 431 TU
2255 372 2459 432 RCAS.

3424 391 3531 453 (“li

274 459 458 522 tando,
484 459 689 513 emissis
724 460 980 517 militibus
1009 466 1097 534 qui
1120 465 1173 521 id
1199 482 1473 540 prtestent,
1504 478 1703 544 partim
1727 478 1857 546 ﬁnes
1887 486 1933 541 Α
1965 495 2096 534 sane
2118 483 2331 537 minime
2360 484 2664 541 mirandum
2699 488 2934 544 videtur:
2965 507 3091 546 nam
3131 493 3352 562 feliciter
3380 514 3535 569 agere

281 544 507 569 nLrl:_._.:
542 564 646 569 Au..-
688 556 820 569 ‘__,,-
861 560 875 569 .
914 554 925 565 ο
1116 557 1127 568 ι
1242 568 1247 569 ,
1418 562 1429 569 .

274 544 507 616 Philippi
532 564 650 601 cum
685 554 925 605 terrestri
956 557 1211 620 exercitu,
1232 568 1344 614 tum
1379 562 1549 618 classe
1580 569 1852 623 maritima

274 635 667 691 incursionibus
716 641 1110 712 depopulanda.
1146 645 1291 703 Nam
1334 655 1380 705 si
1412 652 1637 708 alterum
1674 669 1854 713 utrum

274 726 634 796 neglexeritis,
662 747 843 785 vereor
875 750 939 787 ne
968 744 1077 791 tota
1136 742 1398 809 expeditio
1433 746 1633 814 frustra
1691 759 1853 805 tente-

274 834 436 889 reque
466 839 496 874 a
529 823 672 877 nobis
699 834 939 895 suscepta
964 828 1052 880 sit.
1079 826 1196 883 Sive
1223 834 1363 887 enim
1392 853 1477 890 vos
1495 837 1639 891 illius
1665 859 1853 908 agrum

274 912 509 966 vastetis.
541 914 696 979 idque
728 917 927 970 interea
954 924 1212 975 sustineat
1239 965 1253 987 ,
1285 937 1333 977 et
1361 926 1643 998 Olynthum
1676 934 1720 985 vi
1759 950 1852 988 ca~

273 1000 407 1070 piat,
448 1004 621 1056 victor
671 1006 725 1058 in
774 1009 1009 1076 patriam
1062 1028 1334 1079 reversus,
1408 1020 1565 1085 facile
1624 1024 1852 1093 injurias

274 1092 556 1148 uleiscetur
582 1110 600 1148 :
628 1097 737 1151 sive
757 1100 989 1155 subsidia
1017 1103 1284 1161 duntaxat
1330 1111 1562 1176 Olyntho
1600 1092 1848 1181 mittatis,

271 1184 363 1238 ille
385 1186 520 1253 fines
542 1205 662 1242 suos
693 1191 926 1260 periculo
968 1210 1150 1250 carere
1183 1201 1607 1259 animadvertens
1630 1249 1644 1272 ,
1677 1210 1851 1285 acrius

275 1291 385 1331 rem
440 1281 665 1349 urgebit,
722 1285 1464 1355 temporisque.diuturnitate
1511 1297 1740 1354 obsessos
1796 1281 1851 1357 in

273 1379 583 1439 potestatem
605 1374 821 1444 rediget.
842 1362 1045 1447 'Itaque
1074 1388 1124 1432 et
1157 1380 1313 1448 ﬁrma
1342 1395 1390 1437 et
1419 1385 1673 1455 bipartita
1700 1395 1852 1447 auxi-

274 1463 348 1515 lia
378 1465 630 1519 mittenda
651 1476 796 1522 sunt.
836 1467 959 1548 Hice
991 1471 1045 1525 in
1080 1488 1178 1543 ope
1219 1475 1437 1545 ferenda
1463 1480 1584 1547 ﬁeri
1614 1492 1851 1551 oportere

268 1562 468 1607 statuo.
912 1545 917 1548 ⁴

341 1645 418 1700 De
459 1648 713 1716 facultate
758 1666 885 1705 vero‘
925 1658 1159 1723 pecunia,
1196 1659 1516 1716 invenienda:
1551 1675 1670 1718 sunt
1703 1664 1849 1722 nobis

269 1744 504 1808 pecunia:
540 1740 819 1807 militares.
847 1758 970 1800 sunt
998 1751 1144 1803 nobis
1191 1754 1448 1821 pecuniae,
1486 1757 1844 1825 Athenienses,

267 1841 319 1884 et
352 1834 560 1901 quidem
590 1843 685 1898 tot,
733 1846 863 1906 quot
906 1840 1214 1895 mortalium
1257 1846 1472 1899 nemini.
1520 1846 1618 1902 Fas
1664 1859 1842 1905 autem
1881 1824 1922 1882 Β

266 1937 381 1983 vos,
412 1932 468 1975 ut
499 1922 644 1986 libet,
694 1928 989 1992 accipiatis.
1034 1929 1141 1984 Eas
1173 1944 1311 1986 certe
1358 1936 1404 1988 si
1438 1936 1688 1990 militibus
1728 1940 1845 1992 red-

266 2012 419 2073 detis,
447 2011 610 2067 nulla:
633 2015 774 2068 vobis
797 2018 984 2071 desunt
1011 2028 1268 2087 praeterea
1292 2039 1310 2076 :
1348 2024 1431 2077 sin
1466 2027 1659 2091 minus,
1699 2044 1844 2099 pra:-

269 2112 407 2157 terea
460 2104 688 2172 desunt;
717 2108 822 2162 imo
862 2126 984 2164 vero
1036 2128 1213 2167 omnes
1252 2117 1460 2184 penitus
1516 2118 1844 2175 invenienda:

267 2205 408 2248 sunt.
458 2196 623 2264 Quid,
685 2202 911 2269 inquies,
965 2204 1198 2273 refersne
1240 2217 1295 2259 tu
1343 2209 1413 2262 ad
1464 2223 1705 2265 senatum
1754 2231 1842 2268 eas

268 2288 514 2346 pecunias
544 2290 801 2346 militares
834 2309 944 2348 esse
971 2296 1194 2351 debere?
1217 2299 1450 2364 Minime,
1496 2307 1793 2361 mehercule
1823 2308 1842 2360 .'

270 2375 384 2448 Ego
421 2395 541 2434 vero
572 2382 764 2435 milites
789 2384 1124 2442 iustruendos
1148 2404 1259 2442 esse
1282 2407 1486 2455 censeo,
1512 2403 1560 2446 et
1592 2398 1842 2462 pecunias

268 2486 385 2539 qua
423 2472 489 2526 iis
539 2473 1004 2531 subministrandu:
1054 2489 1198 2544 sunt,
1254 2484 1507 2537 militares
1552 2503 1697 2550 esse;
1732 2507 1843 2542 mu-

268 2572 523 2634 tuumque
548 2582 656 2620 esse
676 2580 916 2634 oportere
934 2581 1190 2641 prtestare
1220 2590 1456 2643 operam,
1489 2588 1538 2630 et
1570 2582 1844 2647 pecuniam

268 2658 528 2725 accipere.
564 2657 659 2713 Vos
676 2668 873 2724 autem,
902 2668 1072 2718 nescio
1097 2682 1198 2736 quo
1233 2678 1405 2734 pacto,
1438 2685 1528 2724 eas
1559 2687 1651 2739 per
1679 2675 1841 2726 otium

270 2746 341 2800 ad
402 2747 511 2800 dies
541 2748 696 2817 festos
728 2753 985 2822 accipitis.
1029 2753 1207 2819 Quare
1238 2758 1381 2810 video
1412 2759 1674 2831 reliquum
1730 2779 1844 2817 esse

271 2847 327 2891 ut
365 2842 540 2894 cuncti
570 2843 817 2910 pecunias
850 2845 906 2898 in
949 2846 1212 2915 publicum
1245 2852 1552 2917 conferatis,
1577 2856 1624 2907 si
1662 2855 1842 2910 multis

271 2944 403 2997 opus
432 2942 529 2997 est,
573 2933 790 3002 multas,
816 2939 901 2991 sin
932 2942 1136 3009 paucis,
1174 2959 1394 3010 paucas.
1426 2944 1710 3002 Enimvero
1756 2969 1844 3021 pe-

270 3026 437 3077 cuniis
474 3041 605 3095 opus
644 3036 769 3081 est:
810 3045 977 3098 opus,
1018 3032 1257 3102 inquam,
1300 3046 1375 3089 est
1432 3042 1683 3107 pecuniis,
1732 3044 1846 3099 sine

270 3115 457 3183 quibus
497 3118 629 3171 nihil
650 3134 1004 3189 opportunum
1045 3124 1171 3194 efﬁci
1199 3135 1387 3193 potest.
1417 3129 1839 3189 Commemorant

271 3208 369 3262 alii
400 3213 559 3265 etiam
600 3202 737 3268 alias
773 3220 1146 3286 comparanda:
1178 3223 1415 3289 pecunia:
1454 3226 1687 3280 rationes
1713 3243 1732 3290 ;
1780 3245 1843 3281 ea:

269 3302 458 3372 quibus
507 3320 623 3359 eam
673 3307 877 3377 diligite
933 3328 1095 3379 quam
1144 3315 1283 3383 vobis
1311 3317 1598 3372 conducere
1651 3324 1841 3375 existi-

270 3395 443 3457 metis,
472 3406 630 3468 atque
656 3402 782 3457 dum
828 3405 1161 3459 commodum
1189 3417 1266 3461 est
1308 3425 1419 3463 rem
1469 3415 1838 3483 aggredimini.

270 3488 379 3540 Sed
387 3545 393 3550 _
414 3498 492 3543 est
522 3506 729 3560 wquum
756 3495 1089 3551 considerare
1112 3501 1422 3571 rationeque
1449 3503 1716 3575 colligere,
1741 3525 1842 3574 quo

267 3582 320 3634 in
354 3591 498 3636 statu
527 3601 609 3639 res
642 3584 870 3659 Philippi
901 3590 994 3642 hoc
1009 3599 1240 3662 tempore
1264 3604 1557 3652 versentur.
1591 3598 1727 3653 Nunt
1755 3618 1844 3654 ue-

266 3688 365 3743 que
394 3685 450 3728 ut
485 3674 564 3729 vel
592 3677 853 3745 videntur,
889 3680 971 3734 vel
995 3683 1260 3759 quispiam
1292 3688 1599 3757 testimaret,
1634 3693 1724 3760 qui
1752 3709 1840 3747 eas

266 3780 459 3832 parum
506 3765 784 3838 diligenter
827 3773 1156 3843 inspexisset,
1202 3779 1335 3832 satis
1363 3780 1496 3833 belle
1538 3799 1594 3837 se
1626 3784 1839 3851 habent,

270 3871 440 3921 neque
476 3873 536 3911 eo
565 3868 718 3929 pacto
741 3877 844 3932 quo
877 3879 931 3916 se
957 3865 1210 3920 haberent
1260 3870 1308 3922 si
1356 3873 1553 3941 optimo
1594 3875 1653 3929 in
1694 3887 1841 3932 statu

266 3957 454 4002 essent.
494 3948 779 4016 Nunquam
816 3971 948 4009 sane
989 3974 1142 4013 arma
1170 3963 1409 4019 movisset
1441 3965 1739 4037 Philippus,
1793 3972 1840 4024 si

267 4055 485 4103 manum
515 4042 614 4096 sibi
648 4047 1019 4102 conserendam
1045 4059 1307 4118 putasset.
1335 4054 1441 4110 Sed
1470 4067 1525 4111 ut
1560 4059 1734 4126 initio,
1764 4064 1839 4117 ita

267 4129 516 4198 deinceps
548 4134 702 4203 facile
744 4152 944 4203 omnes,
985 4158 1362 4217 prosperosque
1402 4165 1579 4204 rerum
1626 4165 1841 4208 eventus

264 4228 516 4293 speravit.
570 4229 637 4280 At
674 4244 736 4283 ea
775 4231 1018 4302 deceptus
1069 4246 1145 4290 est
1202 4241 1467 4308 opinione.
1522 4243 1674 4309 Quod
1723 4265 1841 4301 cum

265 4329 462 4385 prater
484 4322 920 4386 exspectationem
944 4326 1175 4395 primum
1198 4334 1474 4401 acciderit,
1503 4337 1654 4391 valde
1669 4340 1840 4404 ipsum

266 4410 565 4477 perturbat,
600 4429 703 4466 non
748 4415 1161 4490 mediocremque
1190 4424 1309 4489 ejus
1354 4428 1531 4482 animo
1584 4429 1842 4484 sollicitu-

266 4498 442 4554 dinem
487 4502 660 4571 aﬂ'ert.
710 4505 975 4562 Accedunt
1019 4526 1102 4566 res
1134 4512 1536 4586 Thessalorum,
1569 4537 1684 4587 qua:
1721 4540 1838 4577 cum
1875 4548 1917 4603 ῃ
1947 4498 2161 4601 eruditi,

264 4605 467 4660 semper
495 4592 673 4660 inﬁdae
692 4598 929 4654 omnibus
956 4613 1150 4656 natura
1171 4606 1390 4675 fuerint,
1422 4613 1652 4668 maxime
1679 4616 1839 4670 veluti

269 4694 443 4748 erant,
470 4699 608 4739 nunc
642 4699 803 4743 etiam
830 4692 916 4744 isti
935 4704 1077 4748 sunt.
1101 4696 1244 4752 Nam
1284 4699 1523 4774 Pagasas
1561 4708 1625 4760 ab
1654 4724 1711 4761 eo
1759 4726 1843 4763 re-

266 4783 442 4842 petere
475 4778 761 4834 decrevisse
802 4783 1070 4849 dicuntur,
1122 4802 1168 4841 et
1207 4790 1537 4863 Magnesiam
1590 4804 1843 4858 inanibus

264 4864 407 4935 cingi
448 4870 852 4935 prohibuerunt.
893 4873 1149 4945 Equidem
1197 4897 1261 4933 ex
1295 4885 1610 4952 quibusdam
1665 4894 1842 4948 audivi

266 4970 355 5009 eos
390 4972 495 5010 non
519 4959 748 5029 amplius
773 4965 1119 5029 permissuros
1162 4970 1327 5025 ut‘vel
1369 4979 1591 5043 portarii
1622 4981 1702 5033 vel
1740 4982 1844 5050 fori

265 5048 504 5101 redditus
529 5051 827 5122 percipiat;
877 5070 995 5110 cum
1038 5061 1237 5114 scilicet
1267 5080 1330 5117 ex
1363 5068 1425 5119 iis
1468 5048 1841 5140 rempublicam

267 5137 638 5195 Thessalorum
677 5144 1046 5203 administrari
1096 5163 1362 5222 oporteat,
1428 5173 1534 5212 non
1580 5137 1841 5235 ‘Philippo

267 5231 474 5303 aliquid
512 5239 804 5306 provenire.
837 5239 1033 5305 Quibus
1063 5248 1298 5312 pecuniis
1317 5251 1361 5301 si
1383 5252 1623 5319 privatus
1656 5231 1841 5325 fuerit.

268 5324 323 5378 in
374 5327 663 5383 maximam
704 5332 936 5402 profecto
970 5334 1146 5388 alendi
1189 5341 1448 5397 exercitus
1485 5324 1844 5414 ili/ﬁcultatem

269 5418 580 5475 adducetur.
630 5422 869 5494 Denique
914 5426 1136 5483 Pteones
1182 5440 1229 5484 et
1288 5432 1515 5504 Illyrici,
1566 5455 1627 5491 ac
1668 5456 1845 5498 omnes

269 5507 365 5562 alii
393 5510 752 5581 hujuscemodi
784 5516 1018 5572 homines
1044 5521 1152 5575 suis
1178 5520 1372 5591 legibus
1396 5527 1497 5590 uti,
1529 5528 1583 5582 in
1608 5529 1845 5586 libertate

267 5605 439 5658 vivere
463 5605 704 5669 libentius
740 5628 903 5680 quam
930 5617 1127 5669 servire
1166 5616 1299 5671 velle
1330 5623 1663 5679 eaistimandi
1700 5641 1841 5695 sunt,

270 5698 461 5767 quippe
493 5701 580 5767 qui
604 5717 876 5772 nunquam
908 5705 1065 5760 alteri
1104 5725 1297 5775 parere
1336 5728 1735 5771 consueverunt.
1770 5720 1846 5773 Ac

271 5787 358 5841 ille
384 5791 617 5858 quidem,
654 5803 708 5847 ut
733 5796 903 5859 aiunt,
936 5797 1087 5851 valde
1141 5803 1548 5860 contumeliosus
1576 5816 1671 5873 est,
1706 5794 1847 5869 quod

538 5892 809 5953 PnnuL.
852 5895 943 5955 Gn
1035 5899 1249 5959 CLXI.

1900 5838 1905 5841 '
1949 5817 2136 5871 ditioni
2178 5826 2458 5890 praesentis
2492 5834 2788 5900 temporis,
2826 5851 2946 5905 quae
2984 5841 3227 5912 loquitur
3252 5894 3265 5919 ,

1957 580 2150 638 prater
2171 574 2434 635 meritum,
2460 576 2761 632 insaniendi
2790 596 3010 636 causam
3035 583 3361 641 dementibus
3392 606 3535 658 prae-

1955 662 2056 716 bet.
2092 662 2445 728 Quamobrem
2495 678 2680 739 partas
2712 687 2834 741 Opes
2875 676 3034 741 tueri,
3079 694 3237 745 quant
3266 680 3415 735 initio
3445 698 3536 738 eas

1952 766 2189 818 qua'rere
2217 751 2527 824 plerumque
2549 758 2810 828 difficitius
2824 762 3128 829 judicatur.
3152 766 3343 823 Vestrte
3373 771 3536 842 igitur

1955 850 2131 906 partes
2162 858 2304 907 sunt,
2347 847 2686 904 Athenienses
2706 892 2720 913 ,
2761 855 2855 908 has
2895 862 3191 922 temporum
3222 860 3368 916 illius
3401 864 3536 934 diffi-

1951 930 2194 997 cultates,
2224 944 2450 991 vestram
2486 940 2677 995 ducere
2702 950 3021 1000 occasionem
3050 990 3061 1011 ,
3095 951 3380 1023 statimque
3423 973 3533 1009 rem

1951 1026 2232 1093 suscipere,
2264 1042 2313 1080 et
2353 1028 2553 1101 legatos
2591 1037 2845 1089 mittendo
2888 1055 2991 1107 quo
3035 1043 3278 1099 mittendi
3304 1060 3447 1111 sunt,
3483 1060 3535 1103 et

1952 1118 2007 1170 in
2042 1119 2289 1174 militiam
2330 1129 2589 1190 exeundo,
2625 1139 2672 1181 et
2697 1128 2832 1183 alios
2857 1147 3034 1186 omnes
3056 1136 3337 1193 hortando.
3366 1140 3534 1203 Illud.

1952 1227 2151 1280 quasso,
2203 1214 2394 1269 animis
2446 1219 2630 1272 vestris
2684 1237 2976 1293 parumper
3003 1228 3274 1295 concipite.
3313 1230 3372 1287 Si
3408 1233 3538 1289 Phi-

1954 1302 2132 1372 lippus
2164 1307 2324 1359 talem
2354 1308 2603 1364 adversus
2649 1328 2741 1366 nos
2774 1318 3094 1372 occasionem
3130 1324 3381 1391 arripiat,
3405 1327 3537 1396 jus.-

1954 1404 2113 1466 taque
2140 1397 2271 1465 ﬁnes
2302 1409 2495 1456 vestros
2528 1403 2722 1459 bellum
2772 1420 3010 1479 geratur,
3040 1429 3142 1479 qua
3175 1418 3388 1472 tandem
3414 1436 3534 1475 cum

1953 1485 2237 1542 alacritate
2266 1505 2386 1544 eum
2430 1495 2531 1546 huc
2580 1495 2830 1567 impetum
2859 1501 3125 1570 facturum
3167 1513 3363 1576 putatis
3391 1513 3417 1566 Ρ
3463 1519 3530 1565 At

1953 1590 2045 1629 nos
2076 1593 2177 1629 non
2203 1579 2360 1648 pudet
2384 1598 2405 1645 ;
2433 1592 2480 1635 et
2508 1600 2626 1653 qum
2652 1592 2965 1650 pateremini
3006 1593 3052 1645 si
3094 1594 3182 1648 ille
3211 1609 3382 1663 posset
3437 1617 3530 1654 eu—

1951 1665 2087 1730 dem,
2123 1684 2239 1721 cum
2285 1669 2515 1739 facultas
2546 1676 2635 1739 sit,
2660 1676 2853 1746 inferre
2881 1697 2984 1754 non
3021 1685 3279 1740 audebitis
3306 1689 3325 1740 !
3351 1689 3529 1756 Neque

1952 1772 2040 1810 vos
2066 1758 2251 1822 lateat,
2286 1762 2652 1830 Athenienses,
2686 1753 3010 1827 vobis-hodie
3035 1773 3369 1833 statuendum
3401 1799 3533 1845 esse,

1951 1862 2129 1906 utrum
2179 1853 2289 1908 illic
2335 1873 2445 1920 vos,
2478 1876 2548 1912 au
2583 1859 2671 1913 ille
2712 1861 2792 1913 hic
2822 1862 3016 1917 bellum
3045 1876 3292 1936 gesturus
3340 1875 3429 1927 sit.
3466 1876 3529 1930 Si

1952 1946 2092 1999 enim
2134 1963 2212 2000 res
2240 1947 2613 2017 Olguthiorum
2655 1958 2932 2020 resistent,
2972 1976 3058 2012 vos
3093 1961 3207 2016 illic
3245 1965 3531 2035 belligeru-

1951 2036 2087 2103 bitis,
2144 2048 2192 2091 et
2226 2041 2368 2095 illius
2421 2060 2608 2114 agrum
2653 2048 2846 2103 damno
2876 2051 3146 2120 a/ﬁcietis,
3200 2058 3364 2112 simul
3411 2063 3532 2132 agri

1951 2133 2109 2184 vestri
2160 2133 2361 2201 fructus
2415 2152 2597 2190 secure
2650 2143 2967 2212 percipietis.
3023 2148 3089 2200 At
3151 2151 3197 2202 si
3253 2150 3533 2225 Philippus

1952 2225 2211 2292 regionem
2245 2225 2393 2280 illum
2427 2234 2784 2301 occupaverit,
2808 2236 2922 2304 quis
2966 2255 3084 2292 eum
3108 2246 3362 2310 ,tantlem,
3404 2266 3535 2317 qu:-

1954 2318 2121 2369 minus
2149 2320 2247 2371 huc
2273 2324 2559 2389 perveniat,
2591 2327 2831 2379 arcebit?
2854 2328 3083 2385 Thebani
3108 2334 3133 2385 ?
3165 2336 3231 2387 At
3257 2342 3396 2407 quod
3432 2358 3532 2394 no-

1954 2408 2043 2460 lim
2075 2410 2226 2462 nimis
2257 2412 2438 2465 acerbe
2459 2416 2659 2469 dictum
2686 2419 2869 2485 videri,
2898 2436 3003 2474 una
3038 2426 3198 2479 etiam
3235 2429 3333 2496 ipsi
3361 2447 3531 2497 para-

1952 2501 2146 2553 tissime
2182 2504 2491 2568 irrunpent.
2531 2506 2865 2564 Phocenses?
2910 2514 3107 2568 scilicet
3154 2520 3246 2586 qui
3294 2537 3349 2574 se
3391 2522 3534 2579 domi

1952 2594 2087 2646 tueri
2113 2607 2393 2665 nequeunt,
2442 2600 2542 2653 nisi
2576 2618 2682 2668 vos,
2725 2604 2927 2659 aliusve
2963 2609 3271 2677 opituletur.
3321 2614 3411 2682 At,
3449 2619 3533 2671 in-

1951 2689 2119 2755 quies,
2151 2689 2287 2743 nolet
2327 2693 2567 2751 fortasse.
2605 2696 3055 2754 Absurdissimum
3101 2720 3228 2758 sane
3263 2706 3455 2777 fuerit,
3485 2715 3534 2765 si

1953 2795 2089 2848 quae.
2108 2784 2345 2851 quamvis
2386 2785 2631 2842 amentia:
2669 2799 2948 2860 arguatur,
2984 2805 3160 2853 tamen
3177 2798 3395 2867 jactare
3425 2820 3546 2880 non

1951 2872 2176 2938 desistit,
2221 2893 2283 2930 ea
2330 2879 2444 2947 ipsa
2494 2897 2613 2934 cum
2648 2883 2856 2937 demum
2884 2889 3071 2954 possit,
3104 2890 3311 2958 efficere
3369 2894 3526 2950 nolit.

1955 2966 2119 3021 Porro
2148 2979 2405 3036 quantum
2448 2973 2653 3027 intersit
2683 2974 2945 3030 bellumne
3008 2980 3091 3033 hic
3118 2999 3188 3035 an
3226 2983 3337 3038 illic
3367 3003 3532 3057 gera-

1953 3069 2057 3121 tur,
2100 3064 2335 3129 equidem
2386 3080 2478 3117 nec
2526 3068 2693 3121 verbis
2740 3085 2865 3138 opus
2895 3084 3002 3125 esse
3035 3075 3288 3133 arbitror.
3322 3078 3463 3133 Nam
3484 3083 3531 3134 si

1953 3156 2174 3223 triginta
2204 3156 2467 3211 duntaxat
2497 3160 2677 3215 diebus
2694 3178 2779 3215 vos
2815 3166 2866 3217 in
2887 3168 3074 3222 castris
3097 3172 3297 3225 morari
3319 3188 3527 3228 necesse

1952 3247 2133 3313 fuerit,
2161 3256 2210 3300 et
2246 3265 2569 3321 quaecunque
2613 3254 2683 3307 ad
2718 3270 2870 3309 usum
2917 3261 3176 3315 exercitus
3222 3269 3523 3321 necessaria

1950 3353 2075 3390 sunt
2105 3354 2166 3391 es:
2188 3356 2318 3409 agro
2344 3350 2516 3395 vestro
2544 3345 2830 3414 percipere,
2858 3349 3026 3415 nullo,
3053 3353 3291 3422 inquam.
3309 3372 3526 3423 prorsus

1950 3435 2094 3483 hoste
2125 3431 2178 3483 in
2223 3449 2354 3501 agro
2385 3444 2629 3489 versante
2650 3480 2664 3502 ,
2707 3428 2827 3505 plus
2860 3457 2990 3494 sane
3029 3443 3333 3501 detrimenti
3371 3467 3529 3519 agra-

1951 3538 2069 3575 rum
2097 3523 2334 3578 dominos
2374 3525 2497 3579 inde
2527 3536 2780 3597 capturos
2833 3535 3097 3599 existimo,
3130 3554 3292 3607 quam
3348 3549 3527 3600 omnia

1949 3611 2047 3668 illa
2096 3625 2285 3681 essent,
2313 3635 2431 3689 qute
2475 3621 2529 3674 in
2566 3624 2851 3689 superioris
2882 3624 3005 3680 belli
3029 3643 3351 3700 apparatum
3398 3654 3530 3691 con-

1948 3716 2159 3777 sumpta
2214 3708 2454 3775 fuissent.
2517 3710 2668 3777 Quod
2709 3717 2756 3770 si
2784 3717 2981 3773 bellum
3012 3723 3232 3794 aliquod
3292 3728 3390 3781 huc
3442 3731 3529 3785 in-

1949 3803 2172 3871 gruerit,
2236 3814 2462 3874 quanta,
2494 3824 2580 3861 vos
2643 3810 2880 3878 obsecro,
2927 3816 3152 3884 jactura
3193 3836 3275 3875 res
3325 3832 3528 3880 vestras

1951 3894 2190 3963 affectum
2218 3896 2288 3950 iri
2312 3899 2508 3968 putatis
2533 3899 2559 3952 ?
2579 3900 2795 3957 Accedet
2822 3909 3139 3963 contumelia
3169 3922 3220 3965 et
3248 3915 3324 3967 rei
3358 3920 3530 3988 turpi-

1951 3985 2097 4051 tudo,
2131 4005 2289 4055 quam
2317 4007 2467 4044 nemo
2488 3994 2693 4060 sapiens
2728 3996 2837 4050 ullo
2873 4000 3068 4057 damno
3098 4003 3341 4062 leviorem
3365 4015 3530 4081 duxe-

1954 4078 2043 4130 rit.
2071 4077 2280 4147 ltaque,
2304 4081 2379 4135 his
2409 4086 2649 4140 omnibus
2673 4090 3038 4160 consideratis,
3075 4100 3249 4151 cuncti
3272 4077 3529 4169 opitulari

1954 4177 2002 4220 et
2031 4176 2197 4223 totam
2226 4170 2348 4226 belli
2379 4174 2567 4228 molem
2615 4178 2745 4233 illuc
2782 4193 3082 4241 convertere
3114 4188 3342 4245 debent:
3384 4193 3529 4248 locu-

1949 4256 2275 4322 pletiores-ut
2308 4280 2405 4332 pro
2452 4267 2657 4335 multis,
2693 4288 2811 4341 qua:
2860 4285 2997 4331 recte
3023 4282 3309 4349 possident,
3343 4289 3527 4355 paucis

1951 4353 2201 4421 erogatis,
2232 4355 2446 4426 reliquis
2480 4358 2641 4417 libere
2666 4372 2715 4416 et
2743 4370 2978 4423 securius
3004 4374 3293 4441 fruantur;
3306 4380 3527 4445 juvenes

1950 4459 2092 4508 vero,
2123 4454 2180 4498 ut
2233 4449 2310 4501 rei
2368 4449 2614 4508 militaris
2678 4458 2958 4529 disciplina
3012 4466 3068 4518 in
3126 4466 3355 4540 Philippi
3398 4491 3526 4544 agro

2197 4540 2267 4592 ad
2316 4557 2425 4595 rem
2463 4560 2613 4599 suam
2648 4548 2973 4616 familiarem
3003 4556 3319 4616 incolumem
3342 4572 3527 4620 tutan-

1947 4627 2072 4680 dam
2102 4628 2431 4696 formidolosi
2458 4638 2692 4691 custodes
2726 4640 3054 4709 efﬁciantur;
3095 4649 3318 4721 denique
3348 4666 3525 4709 orato-

1946 4733 2050 4784 res,
2085 4728 2142 4773 ut
2172 4735 2348 4775 rerum
2375 4741 2408 4777 a
2433 4741 2490 4779 se
2512 4736 2780 4796 gestarum
2815 4737 3051 4793 rationes
3072 4739 3285 4811 facilius
3308 4751 3525 4804 reddere

1945 4814 2166 4881 possint.
2205 4815 2394 4879 Qualis
2427 4822 2619 4874 etenim
2674 4825 2834 4892 fuerit
2871 4845 3049 4887 rerum
3078 4848 3371 4892 vestrarum
3401 4859 3528 4895 con-

1946 4905 2098 4970 ditio,
2128 4907 2260 4960 tales
2306 4910 2358 4963 in
2390 4926 2475 4964 eos
2493 4913 2700 4982 judices
2728 4920 2899 4987 futuri
2925 4927 3067 4979 estis.
3106 4916 3354 4987 Omnium
3402 4952 3524 4990 vero

1943 4997 2174 5064 gratiam
2208 4999 2346 5052 vobis
2385 5009 2510 5056 bene
2531 5015 2580 5058 et
2605 5007 2825 5075 feliciter
2849 5018 3051 5071 evenire
3075 5030 3215 5090 opto.

2018 5087 2131 5144 Hoc
2161 5100 2265 5156 est,
2296 5094 2480 5164 inclyti
2519 5096 2682 5154 Italia!
2713 5104 3015 5176 principes,
3047 5123 3249 5173 summi
3293 5124 3440 5181 illius
3458 5146 3523 5184 ac

1946 5179 2339 5246 sapientissimi
2406 5186 2509 5241 viri
2569 5189 2959 5254 Demosthenis
3014 5209 3348 5278 consilium,
3407 5236 3517 5275 non

1946 5270 2184 5325 alienum
2219 5290 2246 5325 a
2290 5286 2517 5343 nostro;
2558 5280 2673 5337 hac
2725 5286 2874 5344 illius
2926 5302 3197 5354 sententia
3230 5320 3392 5374 quam
3437 5313 3519 5366 si.

1948 5360 2172 5415 utillima
2200 5376 2434 5430 nostra;
2461 5369 2574 5425 hanc
2603 5374 3042 5441 Atheniensibus
3060 5391 3234 5446 solum
3249 5360 3523 5457 'aalversus

1948 5446 2258 5521 Philippum
2282 5454 2653 5524 Macedonem,
2674 5465 2768 5519 sed
2806 5474 3061 5529 utnnihus
3085 5446 3519 5558 Italianpopuiis:

1946 5539 2040 5594 scd
2089 5542 2362 5599 universis
2410 5548 2742 5608 Christianis
2792 5560 3054 5621 adversus
3085 5539 3389 5631 Turcoiutit
3432 5539 3519 5654 ly:

1949 5646 2204 5699 rannum,
2265 5649 2466 5694 nostra:
2508 5644 2787 5713 religionis
2845 5659 3370 5725 truculentissitnum
3418 5644 3519 5730 hi)-

1949 5738 2105 5789 stem,
2142 5731 2437 5797 praedicere
2482 5734 2596 5790 hmc
2636 5755 3056 5817 proponcrcquc
3111 5756 3345 5815 videtur.
3377 5764 3522 5822 Con-

3304 5872 3520 5911 iiCCOIH-

3009 5936 3086 5998 22
