3880 6220
355 395 467 456 675

1297 389 1800 449 ΙῖἱίῖδὲῖεἰΙῖΙΟΝῐό
1841 391 1902 454 S.
1953 393 2015 452 li.
2060 396 2119 456 Ε,
2171 391 2639 453 CARDlNALlS

3512 385 3622 445 ῦῖῦ

355 513 572 567 mndata
612 521 739 566 sunt
769 509 948 562 omnia
977 549 990 570 ,
1042 518 1094 560 et
1155 506 1217 560 ad
1272 506 1419 560 hunc
1469 524 1626 576 quem
1660 508 1936 562 cernimus
1963 525 2010 583 Α
2040 526 2198 579 Opem
2231 526 2383 564 suam
2421 507 2711 576 implorare
2768 503 2922 566 Nam,
2969 511 3026 555 ut
3063 501 3314 569 praeclare
3349 501 3484 555 alibi
3523 502 3625 557 De-

361 619 543 657 rerunt
585 612 785 656 statum
815 598 1041 652 mirilice
1081 599 1374 666 quadrant.
1417 598 1726 668 Sequamur
1767 600 1933 668 igitur

359 693 493 747 tanti
547 693 647 745 viri
699 689 1012 750 consilium,
1074 687 1166 754 qui
1219 703 1341 742 cum
1377 688 1611 741 inomni
1669 690 1932 742 doctrinm

359 800 574 856 genere,
597 793 707 837 tum
729 782 808 835 vel
835 781 1070 834 maxime
1101 780 1156 832 in
1185 779 1681 848 civilisdiscipliua:
1704 781 1932 834 scientia

359 879 462 932 fuit
490 875 846 934 exercitatus,
906 883 959 926 et
1010 875 1062 924 in
1109 872 1416 926 communis
1452 872 1626 926 hostis
1655 872 1931 927 excidium

358 971 727 1038 insurgamus.
755 965 1060 1020 Commune
1096 963 1478 1018 existimemus
1519 965 1808 1020 imminere
1843 982 1932 1034 pe-

357 1060 590 1114 riculum
615 1074 629 1122 ;
654 1071 942 1112 commune
970 1055 1171 1110 bellum
1192 1056 1572 1126 aggrediamur
1592 1074 1697 1112 non
1721 1059 1933 1126 ignave,

356 1168 463 1206 non
495 1155 661 1212 lente,
690 1163 796 1203 non
817 1163 998 1220 parce,
1029 1164 1133 1201 nun
1164 1158 1224 1202 ut
1246 1148 1384 1210 ﬁeri,
1415 1164 1539 1202 eum
1573 1149 1639 1203 de
1680 1167 1734 1203 re
1759 1151 1932 1204 aliena

355 1253 620 1308 certatur,
674 1241 986 1303 consuevit,
1025 1241 1491 1310 quemadmodum
1542 1241 1804 1295 hactenus
1853 1241 1933 1294 fa-

355 1347 503 1390 rtum
534 1346 646 1398 est;
668 1334 760 1389 sed
799 1333 1035 1396 fortiter,
1056 1331 1150 1387 sed
1183 1333 1457 1394 celeriter,
1481 1331 1573 1386 sed
1612 1333 1932 1396 liberaliter,

355 1430 447 1483 sed
493 1439 552 1483 ut
577 1429 688 1482 ﬁeri
721 1428 774 1480 in
808 1427 1030 1496 proprio
1059 1424 1376 1480 discrimine
1418 1440 1533 1478 mos
1559 1435 1662 1480 est.
1701 1425 1933 1479 Tantum

357 1525 589 1591 quisque
639 1523 693 1574 in
753 1519 854 1573 hac
903 1533 960 1572 re
1005 1517 1269 1581 conferat,
1306 1517 1581 1586 principes
1608 1516 1929 1580 Christiani,

357 1627 623 1685 quantum
694 1628 790 1682 pro
844 1613 1023 1666 salute
1086 1611 1298 1680 imperii
1372 1610 1480 1672 sui,
1539 1615 1792 1679 quotiens
1846 1626 1936 1664 res

357 1706 558 1776 exegit,
602 1721 708 1760 non
736 1703 1006 1759 dubitavit
1047 1702 1350 1764 etl’uudere,
1403 1711 1459 1756 et
1513 1711 1776 1771 quantum
1809 1702 1936 1754 dili-

358 1799 503 1866 genti
536 1798 746 1853 ratione
784 1796 992 1861 habita,
1025 1795 1458 1865 uniuscujusque
1493 1795 1638 1850 vires
1678 1805 1734 1850 et
1769 1796 1936 1851 facul-

2042 602 2354 655 inusthenes
2386 601 2584 669 inquit,
2636 611 2741 650 non
2787 592 2948 648 modo
2974 593 3141 656 Deus,
3177 593 3268 646 sed
3315 607 3381 647 ne
3407 592 3624 648 amicus

2039 696 2263 763 quidem
2300 695 2575 759 rogandus
2611 699 2717 751 est,
2753 695 2805 740 ut
2852 685 3172 740 dormitanti
3211 684 3474 753 cuiquam
3533 695 3618 739 aut

2038 788 2211 841 desidi
2269 785 2521 856 praesidio
2557 783 2647 837 sit.
2699 781 2996 836 Enimvero
3030 779 3073 834 si
3115 777 3252 842 haec,
3298 794 3424 848 qua:
3482 778 3619 832 dixi-

2039 896 2180 943 mus,
2219 879 2500 936 faciemus,
2551 892 2661 929 non
2712 873 2874 930 modo
2925 872 3089 927 tutari
3125 887 3245 941 qua:
3296 881 3621 940 supersunt.

2041 969 2132 1022 sed
2198 970 2360 1021 etiam
2409 983 2529 1036 quae
2579 964 2791 1034 perdita
2845 974 2974 1019 sunt
3028 977 3358 1031 recuperare
3407 965 3624 1016 cretesti

2039 1059 2295 1127 praesidio
2329 1057 2652 1127 poterimus.
2681 1053 2937 1124 Alioquin
2970 1067 3165 1123 magno
3198 1051 3509 1106 discrimini
3542 1068 3630 1106 res

2041 1130 2254 1205 Italicas
2293 1164 2654 1218 exponemus.
2687 1145 2752 1198 Et
2779 1155 2836 1200 ut
2872 1161 2997 1199 cum
3032 1160 3094 1199 ea
3130 1143 3464 1213 disiunctiva
3497 1161 3631 1198 ora-

2041 1246 2242 1298 tionem
2277 1244 2585 1304 terminem,
2619 1257 2724 1312 qua
2758 1239 3142 1310 superioribus
3187 1239 3402 1302 diebus,
3432 1237 3625 1291 audita

2041 1348 2155 1390 tum
2205 1335 2439 1406 primum
2473 1334 2752 1390 Chalcidis
2803 1333 3090 1386 obsidione
3125 1333 3178 1386 in
3222 1329 3508 1400 pontiﬁcio
3537 1346 3624 1385 se-

2040 1440 2170 1484 natu
2203 1444 2331 1481 usus
2365 1427 2465 1491 fui,
2525 1435 2582 1480 ut
2622 1427 2801 1482 omnis
2841 1424 3014 1490 Italia,
3053 1422 3376 1493 compositis
3411 1436 3478 1476 ac
3528 1437 3624 1488 pa-

2041 1523 2176 1575 catis
2205 1520 2388 1584 rebus,
2432 1529 2487 1573 et
2515 1519 2668 1573 omni
2720 1517 3001 1571 simultate
3057 1515 3329 1586 deposita,
3375 1515 3621 1568 omnium

2041 1613 2252 1667 viribus
2306 1613 2358 1665 in
2410 1627 2577 1665 unttm
2638 1610 2872 1671 collatis.
2927 1610 3036 1662 Deo
3080 1607 3209 1676 Opt.
3264 1607 3405 1661 Max.
3458 1607 3620 1666 duce,

2041 1705 2343 1758 'l‘ut'corunt
2383 1703 2526 1757 vires
2577 1710 2830 1757 conteret
2889 1709 3054 1768 atque
3109 1700 3406 1770 inl'ringet;
3449 1708 3547 1752 aut
3577 1699 3622 1750 si

2042 1795 2188 1866 quod
2219 1793 2594 1864 duodeviginti
2619 1794 2730 1862 jam
2751 1794 2910 1847 annis
2929 1803 3052 1862 post
3068 1791 3310 1864 Byzantii
3341 1791 3622 1844 excidium

340 1903 500 1944 -tates
526 1893 829 1959 patiuntur.
863 1888 980 1942 Non
1014 1888 1176 1941 unius
1207 1887 1506 1943 alteriusve
1555 1887 1646 1943 hic
1669 1904 1808 1959 opus
1829 1902 1931 1944 est.
1970 1874 2009 1928 Β
2039 1889 2244 1955 experti
2294 1900 2506 1949 sumus,
2552 1871 2804 1938 inanibus
2831 1884 3096 1937 duntaxat
3145 1882 3328 1936 verbis
3365 1898 3430 1934 ac
3472 1881 3625 1936 vanis

303 1985 308 1990 '
363 1985 582 2036 llostem
604 1980 870 2034 habemus
891 1978 1273 2042 fortissimum,
1291 1979 1756 2048 potentissimum,
1784 1997 1935 2036 acer-

365 2078 588 2138 rimum,
622 2072 932 2128 cervicibus
978 2071 1177 2126 vestris
1218 2071 1618 2126 imminentem.
1657 2072 1802 2126 Satis
1847 2089 1938 2126 su-

363 2182 569 2237 perque
595 2165 795 2236 negotii
825 2163 1091 2240 omnibus
1113 2162 1277 2218 simul
1303 2164 1428 2217 erit.
1459 2162 1564 2218 Sed
1609 2179 1708 2218 nec
1737 2173 1942 2219 exterae

359 2260 800 2314 Christianorum
831 2271 1020 2328 gentes
1055 2256 1210 2311 nobis
1245 2255 1498 2324 deerunt,
1553 2257 1681 2312 dum
1725 2258 1826 2314 nos
1861 2259 1940 2311 vi-

361 2355 542 2407 derint
593 2342 754 2406 nobis
791 2351 923 2420 ipsis
958 2365 1067 2405 non
1097 2351 1308 2404 deesse.
1346 2349 1614 2412 Aderuut,
1652 2349 1937 2416 favebunt,

361 2445 643 2513 suppetias
676 2441 1079 2512 ferent.Neque
1108 2457 1206 2496 nos
1239 2441 1455 2497 deseret
1470 2441 1720 2498 Salvator
1749 2453 1940 2497 noster

356 2537 628 2591 Christus.
663 2536 840 2600 Jesus,
892 2535 986 2591 sed
1042 2535 1228 2590 audiet
1282 2550 1383 2591 nos
1427 2544 1590 2606 atque
1640 2533 1938 2601 exaudiet,

370 2629 531 2683 modo
565 2645 663 2683 nos
700 2629 898 2682 viderit
933 2627 1095 2697 digne
1135 2642 1218 2694 ea,
1251 2641 1374 2696 qua;
1407 2626 1623 2695 decent,
1653 2626 1934 2695 facientes,

375 2765 690 2778 *Ψ

2042 1976 2899 2048 pollicitationibusgvaeabimus,
2929 1975 3082 2031 brevi
3115 1975 3621 2044 tcntporeunivcrsa

2041 2071 2310 2126 ltalia.....
2337 2073 2430 2125 sed
2463 2085 2754 2140 compesco
2784 2068 3065 2132 labellum,
3091 2083 3194 2121 nec
3218 2067 3267 2120 id
3292 2066 3624 2136 exprimam,

2043 2164 2186 2233 quod
2236 2163 2426 2217 auditu
2459 2178 2682 2234 quoque
2709 2163 2890 2216 dirum
2920 2170 3085 2230 atque
3118 2159 3389 2214 horribile
3420 2173 3532 2214 est.

2113 2256 2291 2324 Quare
2327 2265 2386 2311 ut
2418 2257 2737 2326 gravissima
2775 2253 3116 2312 declinemus
3145 2254 3408 2326 pericula,
3456 2263 3626 2324 atque

2047 2360 2288 2422 optatam
2311 2350 2595 2404 victoriam
2625 2365 3055 2420 consequamur,
3089 2365 3187 2406 vos
3216 2364 3430 2414 omnes,
3469 2349 3629 2418 prin-

2046 2443 2198 2512 cipes
2247 2443 2543 2514 populique
2586 2443 2906 2507 Christiani,
2939 2443 3177 2498 ut'omni
3229 2442 3295 2498 ad
3351 2442 3406 2497 id
3439 2441 3632 2497 studio

2048 2537 2400 2603 ineumbatis,
2434 2535 2656 2607 quantis
2684 2536 2934 2592 maximis
2962 2550 3187 2605 possunt
3228 2536 3510 2606 precibus,
3531 2550 3633 2590 oro

2047 2636 2212 2698 atque
2235 2629 2479 2682 obtestor
2513 2629 2610 2697 (τι).

3281 2764 3612 2780 ---

368 2938 1626 3098 BESSABIONIS
1715 2940 1875 3096 S.
1953 2946 2130 3096 Β.
2213 2943 2397 3094 Ε.
2474 2941 3627 3130 CARDINALlS

1497 3397 1502 3400 _
1603 3217 2390 3350 EPI’STOL/E.

1146 3604 1194 3660 1.

367 3722 722 3783 Bessarionis,
749 3719 975 3787 episcopi
1028 3715 1234 3780 Sabini,
1287 3718 1581 3772 cardinalis
1632 3719 1834 3774 Nicani
1880 3738 1942 3775 ac

437 3791 760 3861 patriarch
793 3787 1395 3862 Constantinopolitaui,
1432 3791 1500 3862 ad
1540 3789 1770 3862 Paulum
1812 3808 1943 3862 pon-

433 3858 631 3929 ki/irem
663 3859 980 3924 maximum,
1013 3860 1079 3911 de
1110 3875 1290 3912 errore
1322 3858 1598 3914 Pascliutis
1633 3860 1736 3932 (2).

440 3979 558 4032 Non
593 3976 822 4031 dubium
870 3984 974 4038 est,
1013 3973 1331 4030 beatissime
1365 3975 1549 4037 Pater,
1599 3977 1650 4030 in
1691 3990 1942 4030 resurre-

365 4070 568 4126 ctionis
613 4069 880 4124 Paschate
944 4066 1282 4124 celebrando
1345 4081 1592 4122 errorem
1643 4067 1943 4136 aliquando

365 4157 636 4214 committi
677 4175 691 4210 :
741 4171 1138 4226 nonnunquam
1166 4165 1289 4210 octo
1331 4155 1570 4220 dierum,
1598 4159 1941 4227 quandoque

371 4251 536 4305 unius
575 4248 786 4305 mensis
824 4257 880 4302 et
913 4247 1170 4318 amplius,
1205 4258 1265 4302 ut
1304 4248 1411 4302 hoc
1453 4265 1597 4303 anno
1643 4249 1777 4304 1470
1810 4265 1942 4305 eve-

365 4342 519 4408 niet;
573 4343 676 4399 hoc
728 4352 908 4396 tamen
968 4355 1093 4396 raro
1152 4340 1374 4396 accidit.
1411 4341 1632 4398 Duabus
1662 4343 1730 4397 de
1761 4343 1944 4398 causis

360 4451 518 4490 error
563 4434 821 4501 exsistit;
879 4433 1050 4488 altera
1101 4449 1167 4488 ex
1223 4434 1619 4500 tonatiouibus,
1655 4437 1826 4491 altera
1873 4437 1942 4490 ab

362 4529 717 4600 tequiiioctio.
752 4523 887 4581 Nam
933 4527 1110 4582 sancti
1154 4527 1348 4583 Patres
1391 4528 1571 4583 nostri
1604 4529 1810 4584 Pascha
1847 4546 1944 4582 no-

361 4631 540 4675 strum
565 4619 835 4676 celebrari
860 4619 1152 4697 voluerunt
1178 4622 1375 4690 primo,
1405 4630 1529 4689 post
1548 4622 1940 4691 :equinoctium

363 4709 532 4777 veris,
566 4708 834 4770 secundo,
863 4709 1544 4779 postquartumdecimum
1575 4711 1720 4766 diem
1755 4711 1942 4781 primae

364 4804 507 4856 lunze
543 4811 663 4872 post
693 4801 1094 4872 :equinoctium
1142 4803 1410 4869 vernale;
1451 4785 1636 4868 tertio,
1673 4819 1781 4858 non
1815 4819 1940 4860 cum

358 4893 608 4960 Judaeis;
667 4903 902 4964 quarto,
957 4894 1048 4949 die
1107 4895 1391 4950 Dominico
1448 4906 1572 4966 post
1625 4897 1938 4953 Judazorum

360 4986 600 5042 Pascha.
649 4988 782 5054 Quae
823 4987 1008 5042 omnia
1061 4996 1120 5042 ut
1150 4989 1252 5043 rite
1311 5002 1603 5044 serventur
1643 5001 1943 5062 apertaque

362 5082 474 5136 sint
527 5092 584 5136 et
635 5083 853 5153 cognita
910 5081 994 5136 vel
1039 5081 1106 5135 iis
1134 5081 1228 5151 qui
1270 5082 1514 5137 scientiae
1554 5087 1940 5142 astronomiae

362 5192 472 5232 non
504 5185 636 5230 sunt
675 5175 860 5246 periti,
891 5174 1132 5230 tabulam
1171 5173 1491 5244 quamdam,
1523 5177 1639 5231 sive
1671 5192 1940 5232 canouem

358 5267 676 5333 ediderunt,
723 5266 778 5321 in
824 5280 936 5337 quo
968 5265 1200 5336 singulis
1243 5264 1405 5320 almis
1458 5266 1734 5336 reperitur
1763 5269 1942 5337 prima

435 5388 510 5459 (l)
543 5386 856 5456 Descriptor
883 5385 999 5440 ha:c
1031 5385 1264 5440 addidit.

501 5481 715 5543 Lector,
740 5479 1003 5546 judicium
1039 5495 1212 5532 meum
1243 5481 1487 5549 requiris.

501 5553 595 5606 llic
625 5552 969 5604 Demosthene
999 5565 1102 5604 non
1151 5552 1343 5616 minor,
1383 5550 1591 5606 Latinis

510 5623 666 5674 Haud
702 5632 776 5674 est
803 5621 1042 5691 inferior.
1072 5619 1211 5684 Quid
1241 5626 1349 5690 ipse
1372 5625 1396 5675 ?
1429 5620 1580 5687 Quod
1613 5635 1689 5676 :u.

515 5691 667 5744 Vivat
694 5691 970 5746 Nestoreae
991 5692 1117 5755 dies,
1147 5707 1420 5760 rogamus.

424 5780 499 5846 (2)
528 5783 740 5842 Zaretti,
782 5783 1002 5845 Cata‘ug.
1039 5783 1269 5834 bibliotb.
1318 5787 1368 5835 S.
1407 5784 1553 5834 Marci
1593 5786 1794 5845 Venet,
1829 5799 1880 5847 p.
1910 5786 2015 5836 196.

1975 3622 2017 3678 c
2055 3623 2176 3682 post
2225 3614 2617 3682 :equinoctium
2655 3615 2930 3684 Oppositio
2965 3618 3197 3682 lunaris,
3236 3636 3347 3688 quo
3381 3630 3630 3693 tempore

2049 3707 2216 3760 debet
2244 3722 2364 3762 esse
2400 3708 2607 3763 Pascha
2645 3708 2984 3775 Iudaeorum,
3038 3727 3100 3766 ac
3147 3712 3265 3769 dies
3309 3717 3632 3784 septimana:

2052 3801 2105 3854 in
2145 3815 2306 3869 quem
2357 3801 2504 3854 cadit
2549 3802 2816 3872 ejusmodi
2865 3805 3008 3857 luna:
3038 3806 3334 3874 oppositio,
3367 3823 3433 3862 ac
3464 3808 3627 3864 dein-

2048 3905 2179 3960 ceps
2224 3890 2342 3966 dies
2377 3893 2716 3959 Dominicus,
2766 3911 2876 3964 quo
2923 3895 3132 3951 Pascha
3187 3907 3437 3954 nostrum
3488 3901 3633 3956 cele-

2049 3983 2194 4036 brari
2238 3993 2474 4060 oportet,
2518 3985 2662 4055 quod
2704 4003 2803 4040 usu
2849 3989 3036 4042 evenit
3073 4004 3171 4059 per
3207 3991 3630 4048 calculationem

2051 4069 2115 4123 19
2168 4085 2440 4124 annorum
2493 4073 2814 4141 lunarium;
2867 4087 3082 4132 veteres
3142 4093 3268 4134 nam
3318 4085 3628 4137 astronomi

2050 4162 2235 4217 lunam
2261 4163 2326 4218 l9
2357 4179 2631 4219 annorum
2657 4167 2836 4232 spatio
2865 4168 2930 4245 ad
2967 4168 3110 4223 idem
3139 4173 3355 4242 signum
3387 4173 3632 4231 circnm-

2050 4255 2156 4326 agi,
2225 4257 2370 4312 unde
2418 4257 2653 4328 incepit,
2689 4261 3094 4317 existimarunt.
3131 4264 3334 4320 Nititur
3365 4279 3632 4338 praetcrea

2051 4347 2164 4401 hmc
2192 4347 2376 4402 tabula
2404 4350 2664 4419 opinione
2696 4351 2784 4404 illa
2813 4351 2879 4406 de
2908 4354 3263 4423 aequinoctio,
3294 4359 3442 4428 quod
3476 4359 3632 4414 scili-

2049 4450 2136 4495 cet
2177 4443 2401 4498 vernale
2437 4444 2825 4513 a~quinoclium
2869 4446 2974 4500 500
3022 4464 3294 4507 annorum
3332 4452 3628 4510 intervallo

2046 4532 2242 4587 eodem
2277 4535 2367 4588 die
2401 4535 2607 4591 mensis
2641 4535 2820 4594 Martii
2847 4539 2962 4594 fieri
2995 4542 3366 4613 contingeret,
3390 4560 3630 4614 quorum

2048 4636 2304 4679 neutrum
2334 4643 2522 4682 verum
2556 4638 2662 4685 est.
2690 4631 2801 4688 Nec
2830 4640 3012 4688 tamen
3046 4635 3383 4702 mirandum,
3407 4638 3456 4692 si
3490 4640 3629 4694 tanti

2047 4719 2150 4772 viri
2193 4719 2248 4773 in
2283 4721 2622 4807 cjuscemodi
2655 4739 2712 4779 re
2753 4724 2892 4794 lapsi
2922 4737 3091 4794 sunt;
3133 4743 3260 4783 nam
3285 4738 3343 4784 ct
3367 4731 3414 4785 si
3446 4743 3630 4786 astro-

2049 4816 2196 4870 nomi
2251 4827 2466 4874 veteres
2525 4835 2647 4874 eam
2693 4821 2983 4877 scientiam
3045 4827 3255 4893 Optime
3315 4829 3632 4894 tenuerint,

2051 4899 2232 4962 tamen
2263 4925 2370 4964 non
2400 4917 2702 4982 attigerunt
2738 4915 3023 4970 veritatem
3056 4931 3273 4972 omnem
3307 4928 3493 4974 motus
3513 4935 3628 4976 cce-

2049 4999 2225 5064 lestis,
2261 5017 2368 5056 non
2401 5018 2499 5058 sua
2528 5005 2748 5074 quidem
2781 5005 3091 5076 ignorantia
3119 5009 3360 5081 decepti,
3391 5013 3492 5068 sed
3531 5029 3628 5068 re-

2051 5107 2168 5144 rum
2199 5092 2504 5148 coeleSLium
2542 5105 2734 5149 natura
2764 5099 3030 5168 superati.
3059 5099 3416 5157 Astronomia
3448 5102 3624 5166 enim,

2046 5197 2170 5235 cum
2205 5198 2314 5238 non
2363 5185 2524 5254 plane
2557 5187 2844 5244 veritatem
2881 5203 3233 5262 assequatur,
3266 5193 3364 5250 sed
3396 5195 3628 5265 propius

2048 5274 2293 5342 accedat,
2323 5285 2382 5331 ut
2411 5277 2722 5348 philosOphi
2751 5278 3048 5348 aliirmaut,
3083 5298 3194 5353 quo
3225 5283 3412 5355 plures
3433 5284 3628 5344 obser-
