3880 6220
346 405 411 464 Π
1722 396 2125 460 ΕΡΙδὟΟἱΛΞ.

3438 408 3547 474 ἢῒθ

303 510 557 577 vationes
589 515 898 571 rtelcstium
934 524 1179 568 motuum
1225 512 1631 581 complectitur,
1663 529 1730 566 eo
1762 528 1858 565 Ilia‘

1978 525 2036 569 et
2072 515 2363 569 honestum
2403 524 2487 570 est
2550 516 2606 570 Si
2636 533 2769 571 vero
2801 518 3125 584 nitiiabitur,
3154 520 3231 573 illi
3269 536 3375 575 non
3407 530 3545 578 reci-

300 612 522 682 gisper
568 609 785 664 illorum
821 610 1287 679 comparationem
1328 604 1394 659 ad
1437 605 1723 662 veritatem
1759 617 1874 661 ten-

299 703 416 765 dit;
448 717 555 773 qua
588 701 660 755 de
700 715 863 755 causa
913 697 1114 768 posteri
1168 699 1399 767 propius
1431 712 1652 765 semper
1681 712 1866 751 acces-

301 802 514 857 serunt,
537 806 661 847 cum
680 792 864 861 plures
880 790 1175 845 habuerint
1193 788 1633 843 observationes.
1658 786 1868 841 Etenim

305 885 650 949 Ptolemaeus,
676 892 955 936 astrorum
1005 880 1237 936 scientia
1291 879 1722 941 eruditissimus,
1775 879 1867 947 qui

300 976 514 1043 primus
545 987 665 1027 eam
711 970 963 1026 absolute
992 970 1241 1036 tradidit,
1266 985 1461 1040 augem
1502 969 1635 1025 solis
1671 968 1869 1023 immo-

300 1065 464 1119 bilem
492 1078 609 1117 esse
637 1062 870 1129 putavit.
892 1075 1056 1130 quem
1084 1070 1267 1114 latrien
1298 1057 1635 1130 posteriores
1658 1057 1865 1113 movni

297 1156 579 1217 sentiunt,
632 1151 805 1208 veluti
858 1151 1074 1222 sphmra
1114 1167 1245 1206 anon
1301 1150 1534 1205 erratica
1593 1160 1865 1212 movetur,

296 1247 444 1317 quod
483 1261 673 1300 verum
708 1252 815 1299 est.
848 1241 1107 1298 Eamdem
1145 1254 1410 1313 praeterea
1441 1243 1711 1314 sphaeram
1746 1243 1869 1298 Pl;-

293 1340 521 1394 letnams
544 1354 655 1392 uno
672 1338 843 1406 gradu
871 1337 1074 1392 moveri
1102 1339 1177 1413 ait
1204 1338 1362 1392 annis
1386 1347 1603 1415 centum
1630 1337 1700 1392 ab
1721 1338 1869 1393 occi-

295 1430 459 1483 dente
500 1428 555 1482 in
590 1429 893 1492 orientem;
945 1429 1279 1497 posteriores
1317 1445 1451 1485 vero
1488 1428 1862 1499 paucioribus.

295 1520 441 1574 Idem
463 1531 511 1575 et
545 1520 599 1574 in
622 1537 679 1575 re
701 1521 769 1575 de
790 1537 896 1591 qua
924 1522 1133 1592 agitur;
1163 1523 1420 1592 quamvis
1443 1521 1655 1592 antiqui
1677 1520 1863 1576 lunam

293 1614 647 1683 incipientem
671 1614 851 1684 primo
871 1631 1041 1678 anno,
1065 1615 1215 1671 verbi
1232 1616 1427 1686 gratia,
1446 1632 1475 1669 a
1497 1617 1673 1684 primo
1695 1619 1864 1686 gradu

292 1705 519 1772 Arietis,
578 1717 767 1776 postea
817 1708 1034 1778 explem
1076 1708 1142 1765 l9
1175 1723 1325 1763 anno
1372 1710 1570 1764 iterum
1610 1709 1679 1764 ad
1717 1710 1862 1765 idem

292 1800 508 1869 signum
540 1801 741 1856 reverti
776 1802 1088 1870 putaverint
1114 1818 1128 1864 ;
1160 1817 1268 1857 non
1301 1810 1476 1857 tamen
1526 1816 1714 1857 verum
1740 1811 1858 1867 est;

1976 608 2153 677 pient,
2197 618 2252 661 et
2304 619 2567 679 sequetur
2619 611 2895 676 confusio,
2935 622 3017 670 ut.
3056 613 3180 667 aliis
3218 613 3549 673 Christianis

1972 698 2366 768 jejunautibus,
2397 701 2487 754 alii
2522 700 2872 766 paschalibus
2912 702 3128 771 gaudiis
3179 704 3497 774 indulgeant
3530 724 3545 769 ;

1974 804 2038 844 ac
2069 789 2344 855 homines,
2393 792 2496 845 etsi
2553 809 2657 845 non
2710 793 2969 848 catholici
3008 810 3224 859 omnes,
3277 808 3455 852 tamen
3515 815 3547 853 a

1973 876 2197 931 Christo
2229 879 2441 932 Domini
2485 881 2742 948 appellati
2779 882 2944 936 variis
2975 884 3174 939 diebus
3212 886 3421 940 Pascha
3453 903 3545 942 cv-

1973 966 2208 1023 lebrent.
2231 968 2487 1023 Mandare
2514 981 2797 1039 praeterea,
2829 981 2886 1025 ut
2908 972 3207 1029 Christiani
3231 976 3546 1033 lunationcs

1973 1068 2298 1126 sequantur,
2368 1074 2431 1113 ac
2468 1064 2648 1129 primo
2708 1064 2799 1116 die
2829 1062 3115 1118 Dominico
3145 1076 3267 1134 post
3312 1068 3543 1135 primam

1970 1147 2369 1217 oppositionem
2403 1148 2565 1213 lunae,
2601 1150 2797 1205 factum
2829 1160 2951 1221 post
2993 1155 3383 1223 aequinoctium
3418 1172 3545 1212 ver-

1972 1240 2112 1305 nale,
2149 1239 2355 1294 Pascha
2400 1240 2622 1307 faciant,
2654 1241 2872 1298 dillicile
2903 1244 3008 1300 erit
3036 1264 3070 1323 ;‘
3098 1248 3401 1316 praisertim
3452 1264 3554 1319 re;

1971 1344 2094 1383 rum
2123 1330 2429 1387 caelestium
2463 1332 2661 1403 ignari.
2694 1335 2956 1400 Quisnam
2990 1336 3044 1391 in
3083 1338 3220 1393 vicis
3251 1340 3542 1410 parvisQue

1969 1420 2208 1489 oppidis,
2257 1422 2348 1479 ubi
2394 1439 2505 1478 non
2558 1434 2647 1481 est
2696 1426 2991 1482 doctorum
3037 1429 3326 1485 hominum
3359 1434 3541 1502 copia,

1968 1512 2112 1566 scire
2149 1524 2332 1581 posset
2364 1516 2585 1584 quando
2615 1517 2722 1572 erit
2751 1520 3099 1577 novilunium
3123 1521 3148 1577 ?
3174 1522 3398 1593 quando
3442 1540 3542 1595 op-

1970 1599 2213 1668 positio?
2256 1604 2365 1657 Aut
2416 1605 2552 1674 quid
2584 1606 2854 1662 dillicilius
2889 1620 3065 1666 estet
3105 1613 3280 1683 magis
3324 1616 3542 1669 varium

1977 1690 2198 1758 quando
2228 1692 2302 1747 sit
2335 1696 2771 1764 aequinoctium?
2811 1697 3093 1757 Errabunt
3122 1717 3314 1761 omnes
3342 1713 3399 1759 et
3419 1704 3541 1760 dis-

1967 1776 2224 1843 sentient.
2256 1789 2523 1847 Praeterea
2551 1793 2643 1850 hic
2663 1810 2822 1851 error
2848 1799 2989 1854 nihil
3028 1801 3155 1856 mali
3187 1802 3382 1870 aﬂ'ert;
3414 1814 3569 1860 cum"

291 1906 422 1949 uam
465 1892 533 1945 76
574 1908 721 1946 anno
771 1892 949 1947 deem
984 1893 1036 1948 ei
1086 1909 1195 1948 una
1229 1894 1457 1951 omnino
1505 1906 1698 1965 quam,
1733 1910 1862 1965 pars
1896 1869 1936 1923 Β
1964 1881 2110 1932 enim
2139 1880 2190 1934 in
2215 1881 2480 1940 Pascbate
2501 1886 2835 1945 celebrando
2857 1899 3093 1961 quatuor
3113 1869 3537 1957 sintservanda,

288 1983 403 2040 dici
438 1984 503 2037 ad
538 1983 683 2039 idem
730 1984 1066 2056 principium
1115 1985 1517 2056 attingendum,
1555 1986 1627 2040 ita
1662 1996 1723 2041 ut
1755 1984 1863 2041 503

291 2075 453 2129 annis
484 2074 651 2130 unius
692 2075 803 2131 diei
852 2076 1034 2147 spatio
1088 2078 1161 2133 sit
1193 2076 1488 2143 adfutura;
1527 2077 1651 2133 inde
1695 2080 1860 2135 nimi—

286 2184 410 2222 rum
440 2183 601 2223 error
637 2171 878 2224 manavit
920 2169 989 2224 de
1024 2170 1291 2226 Paschate
1325 2183 1515 2226 nostro
1545 2188 1645 2241 per
1688 2182 1858 2226 totam

288 2275 682 2330 nonnunquam
736 2264 1123 2332 septimanam.
1176 2262 1429 2317 Facimus
1479 2277 1603 2317 nam
1653 2263 1859 2320 Pascha

294 2368 402 2405 una
433 2353 740 2423 septimana
767 2353 1001 2419 tardius,
1046 2370 1154 2425 qua
1190 2355 1246 2409 in
1282 2369 1341 2408 re
1367 2369 1528 2410 error
1557 2367 1640 2411 est
1669 2356 1760 2426 qui
1793 2342 1857 2410 ei

285 2459 459 2498 aureo
496 2459 725 2500 numero
764 2444 1048 2516 provenit;
1085 2460 1211 2500 nam
1250 2447 1565 2502 lunationes
1611 2447 1745 2501 istas
1772 2464 1860 2503 se-

285 2536 502 2605 quitur.
536 2535 616 2590 Ad
649 2536 766 2590 haec
796 2550 898 2592 nos
928 2537 1143 2607 agimus
1168 2552 1376 2592 annum
1414 2541 1719 2593 secundum
1752 2539 1861 2592 Ro-

288 2644 582 2683 manorum
642 2620 1103 2685 consuetudinem
1158 2630 1374 2687 dierum
1424 2631 1531 2686 365
1583 2648 1646 2687 ac
1694 2634 1860 2688 unius

283 2721 517 2791 quarti;
551 2722 622 2776 ita
682 2733 740 2778 ut
789 2733 1027 2792 quartus
1077 2739 1257 2780 annus
1311 2740 1531 2796 semper
1575 2710 1694 2782 dies
1755 2726 1859 2782 546

284 2814 762 2884 comprehendat;
801 2816 946 2873 unde
979 2815 1252 2874 bissextus
1284 2818 1602 2886 deducitur,
1636 2829 1692 2877 et
1728 2821 1857 2877 inde

281 2905 484 2960 solaris
520 2920 720 2974 annus,
762 2922 826 2962 ac
852 2922 1021 2967 verus
1049 2924 1161 2967 non
1192 2909 1264 2966 sit
1305 2918 1510 2977 tantus,
1555 2913 1651 2968 sed
1685 2915 1858 2985 major

282 2997 396 3052 500
427 2992 510 3051 vel
552 2996 657 3069 290
702 2998 865 3054 unius
909 2997 1024 3057 diei
1064 3010 1258 3072 parte;
1306 3013 1598 3072 propterea
1639 3004 1724 3059 vel
1754 3005 1858 3059 5υο

282 3104 512 3160 quoque
541 3105 709 3154 anno,
753 3091 838 3146 vel
886 3090 1015 3157 200,
1063 3101 1124 3148 ut
1162 3094 1415 3165 iuniores
1455 3097 1668 3151 acutius
1697 3097 1858 3151 intel-

1966 1980 2023 2024 ut
2049 1970 2260 2028 dictum
2297 1988 2383 2033 est
2412 1993 2426 2029 :
2468 1989 2526 2033 ut
2558 1980 2651 2035 liat
2692 1994 2817 2052 post
2845 1985 3241 2056 mquinoctium
3274 1991 3537 2056 vernale;

1966 2071 2088 2130 post
2120 2064 2359 2132 primum
2388 2067 2750 2139 plenilunium
2787 2083 2915 2143 post
2961 2076 3068 2130 tale
3094 2079 3497 2148 equinoctium
3526 2100 3537 2140 ς

1968 2168 2074 2207 non
2106 2168 2229 2210 cum
2258 2156 2463 2213 Juda‘is
2487 2175 2505 2227 ;
2529 2160 2618 2217 die
2642 2161 2927 2221 Dominico
2946 2178 3073 2236 post
3092 2169 3298 2224 Pascha
3325 2169 3540 2226 Judaeu-

1964 2260 2108 2299 rum.
2139 2245 2333 2303 Omnia
2368 2251 2503 2314 lizec,
2547 2262 2639 2308 aut
2678 2265 2827 2313 certe
2856 2260 3032 2328 magis
3076 2266 3387 2316 necessaria
3438 2279 3538 2332 per

1966 2337 2112 2393 hanc
2146 2338 2388 2395 tabulam
2415 2355 2729 2413 servantur,
2755 2356 2810 2402 et
2839 2352 3089 2415 quamvis
3117 2367 3369 2409 erremus
3393 2355 3538 2410 cele-

1950 2428 2171 2503 brando
2213 2432 2501 2499 Paschate,
2534 2450 2936 2508 nonnunquam
2989 2443 3201 2500 tardius
3251 2445 3533 2516 aliquibus

1959 2521 2188 2590 diebusj;
2220 2533 2402 2581 tamen
2447 2527 2538 2582 hic
2569 2544 2727 2585 error
2754 2531 2886 2588 facit
2929 2550 3030 2590 uos
3059 2535 3382 2609 diligentius
3410 2554 3533 2594 ser-

1960 2630 2091 2671 vare
2126 2617 2341 2672 tertiam
2391 2621 2769 2679 conditionem
2814 2640 2939 2694 qua:
2991 2625 3289 2684 admodum
3337 2643 3535 2685 neccs~

1960 2704 2100 2759 saria
2130 2715 2236 2771 est,
2268 2717 2326 2763 ut
2360 2708 2573 2766 scilicet
2612 2727 2720 2766 non
2769 2726 2894 2769 cum
2928 2714 3133 2772 Judreis
3163 2698 3530 2774 celebremus.

1961 2794 2138 2853 Tanto
2166 2798 2314 2854 enim
2344 2802 2518 2873 magis
2546 2802 2615 2858 ab
2659 2804 2771 2859 illis
2799 2805 3158 2874 discedimus,
3190 2821 3396 2880 quanto
3423 2821 3536 2865 tar-

1960 2886 2087 2941 dius
2135 2887 2371 2960 agimus.
2426 2892 2613 2963 Itaque
2660 2896 2799 2951 nihil
2853 2897 3255 2955 immutandum
3292 2903 3531 2969 videtur,

1896 2996 1903 3003 °
1959 2982 2030 3036 ob
2054 2996 2149 3039 eas
2177 2985 2438 3050 rationes,
2475 3002 2598 3057 quae
2631 3003 2799 3060 supra
2834 3005 3275 3049 commemoratae
3310 3007 3458 3051 sunt.

2712 3122 2777 3176 ll.

280 3183 559 3251 lexerunt,
596 3183 985 3255 :equinoctium
1013 3201 1123 3241 uno
1152 3186 1243 3242 die
1279 3188 1606 3255 retrocedit;
1648 3204 1714 3244 ex
1746 3205 1856 3260 quo

1973 3206 2046 3260 Ad
2088 3207 2317 3263 Paulum
2354 3200 2437 3266 Il.
2465 3212 2776 3284 Pontiﬁcem
2820 3216 3112 3273 Maximum
3160 3223 3212 3275 in
3245 3221 3437 3278 librum
3468 3226 3532 3278 de

280 3276 476 3330 evenit
524 3286 586 3332 ut
629 3278 680 3331 iu
715 3276 979 3333 Paschate
1010 3290 1198 3333 nostro
1229 3294 1387 3335 error
1430 3278 1503 3335 sit
1550 3279 1714 3336 unius
1756 3281 1858 3335 ali-

276 3366 508 3438 quando
538 3369 742 3425 mensis
765 3380 822 3425 et
852 3371 1110 3440 amplius,
1140 3385 1207 3426 ac
1235 3387 1424 3429 mense
1457 3383 1580 3442 post
1609 3375 1858 3431 celebre-

278 3475 414 3513 mus
444 3460 651 3516 Pascha
676 3477 838 3533 quam
871 3462 1220 3531 deberemus,
1252 3465 1717 3535 quemadmodum
1750 3468 1856 3523 hoc

275 3568 459 3618 anno,
513 3553 568 3608 id
618 3561 801 3609 tamen
848 3570 977 3611 raro
1019 3557 1247 3612 accidit.
1282 3558 1461 3633 Quare
1500 3560 1721 3627 planum
1772 3571 1858 3617 est

275 3647 443 3700 aurei
468 3647 684 3701 numeri
715 3661 782 3703 ac
822 3645 1165 3704 lunationum
1205 3650 1434 3705 istorum
1475 3651 1542 3704 19
1582 3667 1854 3712 annorum

275 3745 531 3792 veterem
608 3752 673 3792 ac
735 3741 1055 3810 perpetuam
1119 3740 1565 3799 observationem
1633 3759 1855 3799 causam

276 3845 410 3884 esse
445 3830 611 3902 hujus
658 3831 951 3887 inveterati
997 3834 1236 3901 erroris;
1290 3835 1497 3892 idcirco
1544 3835 1613 3890 ab
1659 3837 1749 3898 iis.
1798 3845 1858 3892 et

275 3942 480 3982 eorum
506 3924 592 3981 via
627 3941 692 3982 ac
722 3926 911 3997 regula
939 3926 1358 3987 discedendum.
1393 3930 1463 3985 At
1490 3929 1536 3984 si
1570 3931 1695 4000 quis
1729 3931 1857 3987 huic

277 4018 369 4075 rei
402 4029 527 4089 apte
556 4019 851 4075 consulere
882 4020 1033 4089 velit,
1064 4031 1281 4091 oportet
1315 4035 1373 4076 ut
1403 4023 1641 4079 calculet
1671 4023 1856 4079 denuo

275 4111 423 4166 istas
452 4111 782 4176 lunationes,
816 4127 1135 4183 novamque.
1157 4112 1397 4168 tabulam
1445 4114 1724 4173 conﬁciat.
1759 4131 1856 4184 per

278 4218 450 4274 quam
478 4217 635 4273 teque
668 4201 815 4279 ducti
844 4211 1009 4273 atque
1038 4203 1242 4259 indocti
1279 4205 1487 4259 Pascha
1532 4203 1853 4273 reperiant;

276 4297 384 4352 sed
414 4311 522 4350 non
559 4296 653 4349 diu
680 4294 788 4351 erit
831 4295 1003 4351 utilis.
1042 4295 1174 4351 Nam
1207 4306 1329 4367 post
1362 4310 1565 4352 annum
1592 4296 1696 4352 500
1728 4312 1855 4350 rur-

277 4407 381 4448 sus
418 4406 525 4447 uno
549 4391 641 4447 die
672 4389 900 4455 errabit,
926 4397 984 4445 et
1010 4389 1205 4445 eodem
1238 4389 1401 4445 modo
1426 4390 1708 4460 deinceps.
1739 4389 1858 4444 Erit

280 4495 554 4556 praeterea
593 4481 889 4538 admodum
941 4481 1181 4545 dilIicile,
1214 4491 1275 4534 ut
1322 4479 1650 4536 Christianis
1678 4482 1856 4535 omni-

280 4577 395 4630 bus
427 4577 691 4646 cujusque
734 4574 973 4629 nationis
1010 4581 1065 4628 et
1097 4586 1263 4649 sectae
1293 4574 1399 4629 hoc
1445 4576 1517 4629 sit
1548 4575 1849 4644 cognitum,

281 4669 396 4723 hoc
421 4683 545 4722 nam
575 4675 821 4736 tempore
848 4657 1029 4721 cuncti
1058 4664 1357 4721 Christiani
1385 4666 1624 4721 nationis
1649 4667 1852 4729 omnis,

278 4770 451 4817 sectze
502 4768 557 4814 et
612 4760 864 4820 haeresis,
921 4758 987 4812 de
1037 4756 1318 4814 Paschatis
1347 4758 1435 4813 die
1491 4759 1850 4820 conveniunt,

280 4854 594 4923 eodemque
637 4852 726 4906 die
779 4866 973 4906 omnes
1012 4851 1320 4916 celebrant,
1366 4849 1515 4920 quod
1559 4850 1851 4920 pulchrum

1863 5036 1949 5093 Vl.

2102 3285 2425 3346 processione
2453 3284 2685 3355 Spiritus
2725 3290 2896 3342 sancti
2934 3287 3254 3345 Prooemium
3288 3296 3387 3362 (l).

2374 3378 2560 3445 (Extat
2588 3393 2775 3449 supra,
2817 3381 2927 3435 col.
2957 3382 3111 3453 319.)

2703 3494 2788 3548 ill.

1960 3596 2043 3650 Ad
2074 3595 2302 3653 ercos.
2349 3599 2680 3655 Exhortatur
2711 3620 2796 3659 eos
2839 3607 2910 3660 ad
2952 3607 3307 3663 obedientiam
3350 3625 3535 3663 sacro-

2029 3669 2508 3749 s'gncmﬂomanw
2547 3672 2797 3749 Ecclesia;
2830 3685 2880 3729 et
2928 3680 3307 3745 susceptionem
3337 3682 3529 3749 synodi

2029 3737 2370 3817 florentium.
2409 3740 2475 3817 lt}
2525 3742 2588 3794 de
2632 3746 2886 3800 electione
2931 3766 3031 3802 sua
3059 3737 3115 3801 in
3161 3737 3529 3817 patriam/tam

2031 3806 2373 3879 Cpolitanum
2408 3810 2505 3882 (2).

2389 3907 2544 3975 (Vide
2578 3923 2764 3978 supra,
2796 3912 2904 3969 cnl.
2938 3913 3110 3982 447.):

2699 4026 2786 4081 Ν.

1957 4112 2374 4193 Aci-capitium,
2395 4118 2670 4193 canonicos
2710 4128 2760 4193 et
2793 4121 3096 4193 cupellnnos
3129 4130 3360 4185 ecclesia'
3394 4131 3535 4187 Duo-

2026 4184 2199 4270 decim.
2224 4186 2581 4270 apostolorum
2615 4190 2680 4243 de
2712 4184 2869 4249 Urbe:
2894 4221 2966 4234 -—
2991 4195 3083 4250 Eis
3108 4184 3538 4256 statutarcticon-

2028 4262 2322 4308 stitutiones
2358 4262 2539 4312 mittil.

1959 4345 2115 4417 (Vide
2154 4362 2319 4418 supra
2360 4349 2414 4403 in
2460 4349 2777 4424 Appendice
2823 4355 2890 4409 ad
2930 4357 3107 4413 Vitam
3142 4360 3532 4434 Bessarionis.)

2725 4466 2786 4517 V.

1886 4553 1928 4609 ί)
1956 4548 2405 4624 Ad_Cuillelmum
2434 4553 2705 4611 Fichelnm
2729 4603 2741 4624 ,
2777 4566 3040 4616 doctorem
3082 4562 3425 4623 Sorlronicum
3466 4599 3538 4610 -—-

2034 4620 2311 4700 Qrationes
2339 4627 2508 4700 _niit_tit
2534 4646 2571 4700 _a
2603 4645 2657 4682 se
2688 4620 2756 4683 ad
2790 4631 3049 4700 principes
3081 4634 3258 4690 Italiae
3293 4620 3532 4693 directus

2036 4693 2102 4764 de
2150 4694 2393 4762 periculis
2435 4696 2611 4750 Italia:
2654 4693 3047 4755 imminentibus
3100 4715 3150 4758 et
3200 4712 3531 4764 decernendo

2034 4762 2168 4815 bello
2205 4772 2389 4818 contra
2418 4766 2636 4821 Turcas.

2052 4854 2433 4924 (Pmntittitur
2462 4861 2808 4916 orationibus
2832 4867 3137 4932 praedictis.
3168 4869 3275 4923 col.
3304 4869 3457 4940 641.)

1266 5146 1343 5200 Ad
1368 5146 1719 5218 Pwdagognm
1751 5147 2035 5204 liberorum
2065 5151 2276 5208 Thalnae
2302 5154 2552 5224 despolte.

360 5273 723 5342 Εὖγενέστατε
778 5269 910 5339 ἄνερ
967 5270 1062 5323 καὶ
1137 5268 1295 5338 ἡμῶν
1351 5268 1573 5338 φίλτατε
1631 5270 1801 5338 φίλων
1838 5312 1853 5335 ,

286 5367 561 5434 ἐδεξάμην
608 5362 995 5433 καὶπρότερον
1027 5362 1120 5415 καὶ
1170 5360 1266 5413 νῦν
1296 5360 1388 5413 διὰ
1417 5361 1514 5415 τοῦ
1554 5361 1853 5432 Ἑρμητια-

284 5460 382 5515 νοῦ
443 5460 747 5529 γράμματα
797 5458 896 5527 τῆς
949 5454 1231 5524 εὐγενείας
1288 5471 1407 5519 σου,
1472 5454 1609 5525 πρὸς
1665 5454 1701 5510 ἃ
1753 5456 1855 5508 οὐκ

283 5551 691 5623 ἀπεκρινάμην,
744 5550 1030 5618 ἀναμένων
1060 5548 1146 5602 ἵνα
1189 5546 1418 5617 γένηταί
1462 5565 1547 5610 τις
1580 5548 1858 5601 ἀποκατά-

285 5657 474 5706 στασις
490 5645 570 5707 είς
589 5643 691 5713 τὴν
711 5642 972 5713 πρόνοιαν
998 5640 1106 5693 τῶν
1130 5638 1597 5693 αὐθεντοττούλων.
1638 5639 1854 5709 Ἐπειδὴ

284 5733 383 5788 οὖν
414 5736 510 5790 νῦν
561 5736 798 5805 ἐγένετο,
847 5734 944 5788 νῦν
993 5735 1087 5786 καὶ
1132 5735 1352 5804 γράφω.
1399 5732 1852 5804 Παραμυοεῖσθαι

355 5870 427 5939 (1)
453 5873 654 5924 Zanclti
687 5872 936 5951 Catalog.,
981 5884 1030 5935 ρ.
1057 5869 1133 5922 76.

2037 5274 2129 5330 Vir
2152 5277 2491 5336 nobilissime
2526 5288 2580 5337 et
2604 5283 2958 5355 amicissime,
2989 5290 3173 5360 accepi
3207 5299 3321 5346 tum
3352 5295 3527 5362 prius,

1963 5372 2078 5419 tum
2117 5381 2264 5422 nunc
2296 5384 2394 5439 per
2433 5369 2845 5429 Hermetianum
2875 5376 3090 5435 litteras
3126 5390 3271 5449 tuas,
3298 5383 3365 5438 ad
3396 5401 3532 5454 quas

1958 5473 2068 5511 non
2115 5462 2394 5528 respondi,
2428 5464 2687 5532 quoniam
2714 5456 3034 5537 ex<p'cclare
3063 5481 3389 5539 statueram.
3431 5478 3532 5533 do-

1956 5562 2060 5604 nec
2078 5553 2243 5607 rebus
2264 5554 2672 5611 adolescentum
2698 5560 3007 5630 principum
3030 5552 3344 5623 consultum
3367 5570 3526 5629 foret.

1956 5639 2113 5704 Quod
2144 5658 2270 5697 cum
2292 5645 2405 5717 jam
2438 5647 2639 5702 factum
2671 5651 2762 5715 sit,
2800 5668 2945 5708 nunc
2970 5657 3037 5710 ad
3062 5669 3119 5723 te
3151 5662 3355 5716 scribo.
3381 5662 3530 5718 Con—

1956 5735 2123 5789 solari
2158 5752 2254 5791 vos
2281 5747 2334 5791 et
2362 5739 2642 5811 principes
2673 5744 2739 5800 de
2777 5757 2953 5806 morte
2986 5752 3344 5811 acerbissima
3381 5757 3527 5814 beati

1990 5872 2064 5935 (σε)
2115 5874 2298 5925 Arcud.
2336 5876 2518 5941 Opmc.
2550 5892 2722 5933 aurea.
