3880 6220
289 255 390 323 681

291 372 540 440 φεύγωσι
573 375 667 427 καὶ
698 375 808 431 ἀπὸ
842 380 938 451 τὴν
965 382 1248 453 Φραγγέαν
1274 404 1287 420 ο
1325 390 1449 445 οὐδὲ

291 460 372 515 λει
403 463 691 531 ἄνθίωπον
722 470 856 523 ὀποῦ
884 472 974 525 τὸν
1005 475 1263 544 ὀνομάζει
1303 482 1534 537 ἄπιστον
1582 460 1681 540 καί
1722 460 1878 557 αἱρε-

295 556 472 648 τικδν,
546 560 641 611 καὶ
691 561 1100 636 ἀποστρέφεται
1150 588 1243 623 τον
1295 578 1527 643 φανερά.
1578 581 1697 648 Ἀφ’
1751 556 1877 639 ὅτου

298 647 433 719 γοῦν
470 649 653 705 τοῦτοι
684 653 734 704 οί
766 654 1059 721 ἀναγκαῖοι
1089 662 1184 727 οὓς
1233 666 1469 737 εἴπαμεν
1509 670 1573 722 νά
1603 647 1879 730 καταστα-

296 742 434 795 θῶσι
461 744 557 795 καὶ
594 745 767 817 στηθῇ
799 749 856 799 τὸ
900 746 1159 821 μερτικόν
1189 773 1319 823 των,
1351 759 1471 813 τότε
1500 762 1642 817 θέλει
1671 763 1874 822 εῐσθαι.

295 833 469 888 Τοῦτο
503 835 559 889 δὲ
587 836 730 891 θέλω
756 839 817 893 τὸ
848 843 944 896 καὶ
978 846 1162 912 τάξειν
1189 848 1299 917 ἐγὼ
1324 850 1427 905 ὲδὼ
1455 855 1548 908 καὶ
1587 856 1726 911 θέλω
1752 862 1879 925 τοὺς

296 930 685 997 καταστήσειν,
720 931 845 985 τότε
892 930 1076 990 θέλετε
1121 941 1250 993 ίδεῖν
1283 942 1344 995 τὸ
1376 944 1672 1000 ὑπόλοιπον
1709 950 1876 1004 πόσον

295 1012 436 1070 εἶναι
468 1021 563 1071 sui.
595 1020 765 1074 πόσον
794 1024 1062 1095 ἀπομένει
1096 1031 1203 1084 ἀπὸ
1233 1034 1301 1085 τὰ
1339 1041 1440 1097 ,ασ¹
1487 1036 1726 1109 φλωρία.
1758 1042 1872 1095 Καὶ

296 1108 420 1161 τότε
454 1110 487 1180 ἠ
528 1112 782 1180 εὐγένειά
834 1133 933 1180 σας
973 1119 1085 1174 ὅλοι
1113 1123 1335 1196 ἀντάμα
1371 1128 1556 1183 Θέλετε
1590 1134 1875 1188 ἀποκαταο

296 1200 520 1297 στήσειν
546 1203 632 1297 τίς
651 1207 715 1297 νά
746 1206 1019 1282 ἀπομείνῃ
1056 1214 1149 1266 καὶ
1174 1215 1227 1267 τί
1248 1220 1312 1270 νά
1340 1218 1440 1291 ἔχῃ
1463 1222 1490 1272 ὀ
1515 1224 1704 1288 καθεὶς
1739 1229 1878 1297 μετὰ

295 1287 508 1385 ponii):-
535 1294 835 1366 ἡμετέρας.
885 1300 1088 1370 Ἐμένα
1144 1301 1241 1360 οῦν
1291 1287 1543 1377 φαίνεταί
1596 1287 1750 1385 μου..
1791 1320 1875 1374 ὅτι

292 1377 597 1480 ὅσονᾼεῖναι
632 1386 881 1480 πλείονες
926 1394 1020 1446 καὶ
1058 1394 1434 1472 ἐλάφρώτεροι
1465 1377 1609 1460 ὀποῦ.
1639 1377 1870 1480 μέλλουν

296 1475 396 1570 νὰ-
421 1475 702 1545 ἁρκεθοῦν
739 1482 808 1550 μὲ
844 1483 1028 1552 ὀλίγον
1076 1488 1104 1539 ὀ
1158 1492 1372 1556 καθεὶς.
1433 1496 1574 1552 εἶναι
1606 1475 1663 1554 δέ
1701 1502 1877 1570 ἄλλως

297 1566 592 1635 χρήσιμοι,
626 1570 785 1624 τόσον
806 1573 951 1627 θέλει
986 1576 1163 1633 εἷσθαι
1188 1584 1427 1653 κάλλιον,
1459 1588 1594 1644 διότι
1628 1566 1878 1652 θέλουσιν

297 1657 449 1726 ἔχειν
497 1660 565 1714 τὰ
616 1666 803 1719 παιδία
862 1669 1085 1726 πλείονα
1131 1679 1463 1748 συντροφίαν
1511 1686 1609 1739 καὶ
1652 1687 1876 1744 πλείονα

296 1748 626 1821 δουλοσύνην
652 1758 745 1810 και)
787 1760 1012 1816 πλείονα
1060 1766 1250 1838 τιμήν.
1286 1769 1481 1839 Ὅμως
1529 1775 1691 1831 τοῦτο
1724 1780 1875 1834 θέλο-
1907 1748 1952 1808 Β

308 1859 419 1940 μεν
444 1844 503 1896 τὸ
533 1847 841 1940 σκέψασθαι
869 1854 1108 1926 ἀντάμα,
1139 1860 1235 1912 καὶ
1276 1860 1510 1933 θέλομεν
1539 1871 1789 1940 ποιήσειν
1812 1876 1875 1926 τὸ

296 1934 539 1993 κάλλιον.
588 1939 652 1992 ἸΙ
707 1943 959 2010 εὐγένειά
1013 1965 1105 2003 σου
1159 1948 1299 2007 εἷναι
1357 1958 1501 2010 κατά
1567 1934 1870 2036 τδυπαρδν

295 2025 490 2097 ὥσπερ
523 2028 808 2104 διοικητὴς
853 2037 966 2091 τῶν
1004 2041 1233 2095 παιδίων
1266 2044 1405 2113 μετὰ
1437 2048 1539 2102 τοῦ
1567 2025 1876 2122 Κριτοπού-

296 2119 416 2172 λου.
455 2116 609 2177 Εἶναι
638 2126 773 2193 γοῦν
805 2130 1019 2203 ἀνάγκη
1071 2135 1178 2203 πρὸ
1212 2137 1525 2195 πάντωννὰ
1559 2116 1874 2213 φροντίζετε

294 2214 398 2283 τὴν
426 2216 713 2273 παίδευσίν
740 2234 851 2274 των
892 2225 987 2278 καὶ
1026 2229 1093 2281 τά
1123 2229 1243 2299 ἢθη.
1265 2248 1396 2300 των,
1427 2235 1492 2287 νά
1523 2236 1705 2303 γίνουν
1734 2239 1877 2292 καλὰ

301 2309 401 2399 καὶ
449 2312 885 2382 πεπαιδευμένα.
916 2316 983 2370 ἂν
1027 2318 1209 2374 Θέλετε
1244 2323 1312 2376 νά
1356 2324 1520 2394 ἔχουν
1550 2328 1718 2399 τιμὴν
1751 2329 1874 2384 ὲδὼ.

300 2398 446 2453 Bibl
499 2401 596 2471 μὴ,
630 2403 819 2459 θέλουν
862 2410 927 2461 τὰ
976 2415 1415 2484 καταφρονήσειν
1450 2419 1545 2471 καὶ
1591 2419 1733 2472 αὐτὰ
1782 2421 1879 2473 καὶ

298 2493 432 2554 ἐτᾶς
458 2494 582 2559 ὲδὼ,
614 2497 711 2550 καὶ
734 2500 855 2553 οὐδὲ
879 2507 1137 2573 στριφεῖν
1161 2504 1348 2561 θέλουν
1376 2509 1443 2562 νά
1476 2510 1575 2573 σὰς
1601 2510 1766 2566 ίδοδν.
1791 2512 1876 2566 Ms

307 2585 406 2638 τὸν
448 2590 756 2661 μακαρίτην
790 2595 881 2645 τὸν
913 2596 1177 2668 αὐθέντην
1196 2600 1286 2652 τὸν
1313 2600 1525 2670 πατέρα
1556 2619 1682 2668 τους
1717 2606 1873 2657 ὲσυν-

296 2679 550 2750 τύχαμεν
574 2687 704 2754 περὶ
747 2686 939 2740 τούτου
968 2705 980 2719 ·
1015 2691 1108 2741 καὶ
1157 2693 1363 2755 ἐκεῖνος
1409 2693 1664 2749 ἐϐούλετο
1712 2697 1778 2750 νὰ
1811 2698 1877 2750 τὰ

300 2773 503 2847 ἐνδύσῃ
538 2777 633 2829 καὶ
666 2778 732 2831 νά
769 2783 972 2855 ποιήσῃ
997 2783 1063 2837 νά
1091 2784 1221 2849 ζοῦν
1257 2785 1545 2855 Φράγγικα
1572 2788 1874 2854 παντελῶς,

300 2866 480 2936 ἤγουν
537 2871 602 2921 νά
639 2873 994 2930 ἀκολουθοῦσι
1023 2879 1122 2945 τὴν
1170 2878 1471 2947 ἐκκλησίαν
1522 2882 1666 2934 κατὰ
1700 2883 1880 2937 πάντα

297 2961 457 3014 ὡσὰν
486 2962 706 3017 Λατῖνοι
745 2967 840 3018 καὶ
885 2966 1008 3038 οὐχὶ
1046 2968 1272 3034 άλλέως,
1306 2971 1372 3023 νά
1412 2972 1736 3027 ὲνδύνωνται
1768 2976 1879 3028 Λα-

1722 287 1764 344 Ε
1777 288 1812 345 Ρ
1822 288 2121 353 ῐέὀΤῦιέΈ.

1476 395 1629 459 τινάς
1658 400 1768 467 γάρ
1794 400 1879 452 θέ-

1986 403 2101 462 lloc
2136 422 2320 465 amem
2352 424 2430 479 tu,
2465 418 2550 471 vir
2581 417 2943 480 nobilissime,
2985 431 3090 471 una
3124 419 3409 477 nobiscum
3455 424 3555 479 de-

3441 308 3569 374 632’

1981 498 2179 566 libera,
2210 504 2336 580 quis
2368 507 2692 563 retinendus
2729 508 2802 564 sit
2838 518 2892 564 ct
2914 509 3045 574 quid
3081 510 3284 580 cuique
3311 515 3556 570 muneris

1983 592 2361 651 tribuendum.
2409 597 2487 654 Ac
2520 599 2652 654 mihi
2694 600 2917 670 quidem
2950 602 3191 667 videtur,
3221 620 3332 673 quo
3365 606 3558 675 plures

1981 684 2092 737 sint
2139 689 2192 737 ct
2234 696 2459 754 propter
2508 690 2753 745 minutos
2805 690 3023 748 labores
3066 693 3268 748 minori
3304 695 3557 751 contenti

1981 778 2281 847 stipendio,
2312 780 2413 837 hoc
2446 782 2728 851 pulchrius
2761 783 2900 851 fore,
2938 786 3198 855 quoniam
3238 788 3394 857 pueri
3432 789 3556 858 plus

1984 871 2270 927 habebunt
2315 874 2600 939 comitum,
2651 872 3035 931 ministrorum
3065 886 3126 932 et
3158 879 3407 935 honoris.
3444 879 3553 934 Sed

1981 962 2087 1018 hoc
2110 979 2215 1018 una
2237 962 2670 1021 deliberabimus
2687 973 2744 1020 et
2762 982 2925 1035 quam
2952 967 3069 1022 ﬁeri
3095 976 3275 1038 poteSt
3298 969 3557 1039 pulchen

1981 1058 2119 1110 rime
2168 1057 2546 1113 instituemus.
2596 1057 2819 1112 lnterim
2858 1067 2914 1112 tu
2960 1074 3108 1114 nunc
3155 1060 3377 1130 quidem
3427 1077 3552 1117 cum

1978 1148 2268 1217 Critopulo
2322 1162 2414 1203 res
2461 1163 2764 1219 puerorum
2816 1148 3165 1205 administra.
3220 1151 3408 1220 Itaque
3460 1168 3554 1206 ne-

1979 1253 2133 1294 cesse
2182 1250 2267 1293 est
2313 1238 2680 1307 anteomnia,
2723 1254 2916 1295 eorum
2950 1240 3265 1296 educationi
3296 1254 3351 1298 et
3387 1247 3555 1299 mori-

1983 1331 2084 1385 bus
2112 1331 2486 1399 prospiciatis,
2517 1341 2577 1386 ut
2607 1332 2806 1387 urbani
2853 1342 2910 1387 et
2938 1332 3145 1388 eruditi
3185 1336 3337 1399 liant,
3382 1335 3425 1389 si
3459 1350 3554 1388 eos

1981 1420 2073 1475 hic
2100 1422 2155 1474 in
2187 1421 2369 1490 aliquo
2399 1421 2611 1477 honore
2638 1437 2763 1477 esse
2791 1422 2982 1478 vultis.
3016 1422 3172 1490 Quod
3210 1424 3313 1477 nisi
3352 1424 3467 1487 ﬁat,
3498 1434 3554 1477 et

1983 1512 2085 1580 ipsi
2113 1512 2422 1585 etjuvenes
2447 1512 2539 1568 hic
2566 1513 2940 1584 negligemini,
2975 1529 3078 1571 nec
3110 1514 3218 1571 ulla
3248 1516 3415 1571 vestri
3447 1516 3556 1572 exis

1981 1601 2226 1656 stimatio
2258 1602 2385 1656 erit.
2411 1599 2485 1655 De
2512 1616 2619 1671 qua
2648 1618 2709 1657 re
2734 1618 2860 1657 cum
2891 1602 3067 1658 beatae
3098 1604 3377 1658 memoriae
3406 1605 3526 1674 prin
3545 1634 3565 1659 τ

1981 1693 2126 1763 cipe,
2164 1691 2385 1747 illorum
2421 1701 2597 1763 patre,
2635 1694 2950 1750 collocutus
2980 1709 3125 1762 sum,
3165 1695 3450 1765 voluitque
3481 1695 3549 1762 is,

1982 1796 2042 1841 ut
2066 1786 2292 1839 omnino
2320 1799 2504 1840 mores
2533 1784 2869 1840 Francorum
2903 1784 3252 1840 imitarentur
3277 1796 3334 1841 et
3363 1787 3556 1841 indue-

1981 1887 2125 1943 rent,
2163 1877 2269 1931 hoc
2294 1884 2378 1931 est
2408 1886 2463 1931 ut
2498 1876 2761 1931 Ecclesiae
2788 1877 3122 1931 interessent
3152 1875 3313 1945 plane
3334 1877 3550 1938 eodem.

1979 1983 2087 2039 quo
2118 1968 2322 2034 Latini,
2357 1967 2538 2031 modo,
2572 1974 2632 2021 ut
2655 1965 2849 2021 Latino
2884 1966 3211 2021 vestimento
3239 1976 3551 2032 uterentur,

1988 2070 2310 2115 reverenter
2361 2060 2665 2114 salutarent
2711 2074 2927 2130 papam,
2964 2058 3274 2117 cardinales
3319 2068 3375 2113 et
3432 2058 3560 2113 reli-

1979 2167 2118 2221 quos
2146 2152 2443 2221 primores,
2481 2151 2693 2206 detecto
2726 2150 2925 2220 capite,
2955 2160 3015 2204 ut
3037 2151 3301 2205 honorem
3326 2150 3557 2205 exhibe-

1979 2253 2107 2300 rent
2150 2244 2535 2310 salutantibus,
2589 2252 2670 2309 ut,
2721 2243 2765 2296 si
2812 2241 3038 2298 adirent
3088 2243 3423 2297 cardinalem
3473 2244 3557 2297 vel

1979 2336 2149 2391 alium
2209 2334 2443 2388 similem
2510 2333 2834 2403 principem,
2901 2348 3011 2387 non
3067 2334 3407 2396 assiderent,
3462 2334 3573 2387 sed-

1981 2425 2139 2481 llexis
2187 2424 2419 2496 genibus
2450 2423 2906 2494 procumberent,
2955 2424 3133 2477 donec
3178 2423 3247 2477 ab
3282 2424 3374 2476 illo
3399 2423 3560 2492 jube-

1981 2522 2180 2567 rentur
2210 2526 2456 2582 surgere.
2496 2511 2749 2580 Dixitque
2784 2511 2979 2566 beatus
3024 2510 3115 2565 ille
3157 2511 3263 2575 vir,
3311 2526 3453 2578 saepe
3499 2526 3558 2565 se

1983 2601 2053 2657 iis
2079 2602 2379 2672 imperasse
2430 2610 2490 2656 ut
2520 2617 2586 2656 ne
2620 2599 2991 2655 considerent.
3027 2597 3158 2664 Qua:
3186 2598 3350 2669 igitur
3374 2598 3597 2652 omnia.
3674 2590 3687 2605 ‘

1984 2693 2142 2749 vobis
2170 2693 2521 2760 commendo,
2562 2688 2620 2747 ut
2663 2691 2936 2747 moneatis
2975 2690 3254 2760 principes
3290 2699 3348 2745 et
3387 2690 3559 2759 probe

1982 2800 2081 2842 eos
2118 2786 2389 2843 educetis.
2424 2787 2698 2842 Praeterea
2727 2801 2873 2841 curae
2922 2783 3078 2839 vobis
3107 2792 3247 2850 esto,
3284 2790 3346 2837 ut
3378 2781 3559 2837 inces-

1984 2895 2078 2937 sus
2108 2895 2301 2935 eorum
2342 2879 2527 2950 gravis
2559 2880 2631 2934 sit
2667 2886 2724 2933 et
2764 2875 3107 2948 magniﬁcus,
3157 2889 3338 2931 sermo
3375 2875 3571 2930 eonsi-'

1986 2973 2229 3037 deratus,
2254 2987 2359 3027 vox
2386 2968 2635 3026 modesta
2666 2980 2721 3024 et
2743 2970 2978 3040 placida,
2998 2966 3181 3024 vultus
3208 2966 3569 3023 verecundus

296 3055 552 3119 τινικῶς,
587 3057 653 3109 vi
690 3056 918 3128 μάθουν,
947 3061 1014 3114 vi
1061 3066 1381 3130 γονατίζουν
1424 3069 1551 3131 τοὺς
1588 3070 1881 3140 ὑπερέχονε

1988 3078 2130 3118 neve
2165 3063 2274 3118 huc
2326 3062 2458 3118 illuc
2508 3077 2697 3133 vagus.
2732 3062 2872 3133 Erga
2903 3076 3096 3116 omnes
3135 3076 3325 3117 comes
3352 3070 3409 3116 et
3437 3060 3567 3117 olli'

297 3163 411 3210 τας
439 3150 536 3201 καὶ
570 3149 806 3203 πάππαν
838 3153 933 3206 καὶ
969 3155 1350 3225 καρδιναλίους
1380 3159 1477 3212 καὶ
1524 3162 1650 3224 τοὺς
1682 3163 1875 3227 ἄλλους

296 3241 594 3305 αὐθέντας,
627 3244 694 3296 νά
742 3244 1239 3310 ἁποσκεπάξωνται
1282 3249 1343 3302 τὸ
1378 3252 1578 3321 κεφάλι
1623 3268 1771 3320 τους,
1814 3258 1881 3310 νὰ

293 3329 513 3397 τιμῶσι
542 3331 670 3394 τοὺς
698 3333 1067 3402 χαιρετῶντας
1102 3338 1321 3405 αὐτοὺς,
1374 3341 1502 3394 ὅταν
1532 3343 1780 3410 ὑπάιόυν
1814 3349 1879 3400 νά

300 3420 459 3474 ῑδοῦν
490 3422 865 3493 καρδινάλινῆ
897 3426 1060 3478 ἄλλον
1086 3429 1273 3497 ὅμοιον
1300 3431 1589 3502 αὐθέντην,
1619 3435 1685 3487 νά
1713 3436 1881 3505 μηδὲν

297 3513 567 3570 καθίσουν
627 3517 830 3583 ποσῶς,
880 3520 995 3590 άμὴ
1048 3521 1113 3574 νά
1169 3522 1489 3590 γονατίζουν
1544 3527 1638 3578 καὶ
1686 3527 1880 3581 άπέκει

298 3611 441 3662 ὅταν
471 3609 597 3671 τοὺς
626 3610 755 3680 εἴπῃ
789 3613 994 3673 ἐκεῖνος
1025 3614 1093 3667 νά
1120 3615 1497 3683 σηκωθοῦσιν.·
1534 3617 1592 3670 '0
1616 3616 1671 3670 δὲ
1700 3636 1878 3681 μακα-

302 3702 467 3771 ρίτης
515 3704 722 3764 ἐκεῖνος
773 3702 963 3770 ἔλεγεν
1013 3705 1093 3758 ὅτι
1146 3707 1239 3759 κα)⁸
1292 3709 1549 3771 πολλάκις
1595 3711 1791 3774 αὐτοὺς
1821 3712 1883 3765 τὸ

298 3792 431 3848 εἷπε
462 3795 527 3847 νά
560 3795 725 3864 μηδὲν
769 3795 1096 3853 καθίσωσιν.
1121 3800 1271 3851 Auri
1299 3796 1394 3854 οὖν
1429 3802 1526 3854 ὅλα
1573 3802 1883 3871 ἑνθυμᾶσθέ

298 3904 382 3939 τα
410 3887 477 3939 νά
533 3888 654 3951 τοὺς
685 3889 1048 3957 νουθετήσετε
1107 3891 1200 3943 καὶ
1254 3892 1320 3944 vi
1377 3893 1506 3954 τοὺς
1562 3894 1881 3947 παιδεύσετε

286 3976 473 4053 μάλα.
510 3978 631 4031 Ἔτι
676 3981 939 4049 ποιήσετε
974 3980 1056 4033 ὅτι
1105 3982 1165 4035 τὸ
1197 3981 1451 4053 βάδισμά
1479 4001 1605 4048 τους
1645 3986 1711 4040 νά
1742 3982 1884 4039 εἶναι

303 4068 512 4136 σεμνὸν
544 4071 639 4121 καὶ
668 4071 872 4139 τίμιον,
920 4073 951 4142 ἡ
980 4073 1168 4143 ὁμιλία
1192 4092 1318 4138 τους
1358 4077 1752 4148 χρησιμωτάτη
1790 4079 1883 4132 xai

302 4162 351 4232 ἡ
386 4163 535 4232 φωνή
574 4180 700 4226 τους
725 4166 791 4217 νά
822 4160 963 4243 εἶναι
992 4166 1191 4235 μετρία
1216 4168 1310 4219 καὶ
1340 4168 1546 4237 ὴρέμη,
1575 4169 1635 4222 τὸ
1664 4169 1885 4239 βλέμμα

300 4269 440 4315 τους
468 4255 857 4322 προσεκτικδν,
884 4255 948 4308 νά
977 4256 1144 4325 μηδὲν
1173 4256 1450 4327 χάσκωσιν
1473 4258 1672 4312 ὲδῶθεν
1695 4263 1885 4314 κάκεῖ·

303 4344 427 4398 θεν.
464 4346 559 4409 ’Δς
611 4346 808 4416 τιμοῦν
858 4349 1087 4413 πάντας,
1137 4350 1202 4413 ἂς
1251 4351 1501 4419 ἀγαποῦν
1551 4353 1785 4416 πάντας,
1819 4352 1885 4416 ἂς

1988 3151 2125 3206 ciosi
2159 3161 2345 3218 sunto,
2383 3151 2643 3207 omnibus
2671 3163 2783 3207 tum
2820 3152 2939 3207 suis
2984 3161 3098 3207 tum
3142 3151 3338 3207 alienis
3372 3151 3584 3207 blandi-e

1987 3254 2045 3297 et
2070 3243 2338 3312 aﬂabiles,
2368 3246 2593 3301 minime
2619 3246 2867 3315 gloriosi,
2893 3244 2989 3301 sed
3021 3245 3264 3301 demisso
3291 3254 3347 3300 et
3370 3244 3580 3301 sedato

1989 3335 2195 3388 animo.
2216 3335 2361 3390 Nihil
2390 3335 2775 3406 superbiuuto,
2796 3335 2943 3401 quod
2974 3334 3322 3404 imperatoris
3352 3335 3559 3404 posteri

1988 3424 2120 3489 sint,
2157 3425 2251 3479 sed
2283 3426 2580 3495 cogitanto,
2618 3442 2741 3481 sese
2764 3428 2939 3497 patria
2964 3427 3196 3497 eiectus,
3243 3425 3432 3492 orbos,
3466 3426 3576 3478 hom

1988 3517 2179 3585 spites,
2208 3518 2489 3574 mendicos
2508 3534 2647 3585 esse,
2674 3519 2770 3589 qui
2792 3520 3025 3575 aliorum
3055 3517 3334 3574 beneﬁciis
3359 3527 3555 3589 egeant

1990 3607 2056 3661 ad
2090 3609 2260 3663 vitam
2283 3610 2721 3675 sustentandam,
2762 3625 2891 3675 nec,
2924 3610 3029 3665 nisi
3060 3610 3319 3664 virtutem
3351 3607 3572 3677 colant,,

1989 3699 2291 3765 prudentes
2305 3715 2369 3756 ac
2384 3700 2617 3757 modesti
2631 3703 2765 3768 sint,
2780 3716 2974 3758 omnes
2988 3701 3288 3759 honoriﬁce
3304 3701 3559 3761 habeant.

1990 3792 2059 3846 ab
2075 3792 2515 3848 aliishonorillce
2534 3795 2782 3850 habitum
2802 3795 2894 3863 iri,
2912 3796 3007 3850 sed
3029 3795 3085 3849 in
3102 3794 3349 3850 omnium
3375 3804 3574 3850 ventu-.

1991 3899 2085 3939 ros
2111 3899 2234 3939 esse
2271 3884 2556 3939 invidiam.
2588 3886 2727 3953 Quae.
2749 3887 2931 3941 omnia
2965 3894 3046 3952 tu,
3076 3886 3159 3941 vir
3191 3886 3560 3948 nobilissime.

1991 3993 2115 4032 cum
2143 3976 2428 4048 Critopulo
2468 3979 2778 4044 considera,
2809 3978 3257 4050 quandoquidem
3303 3980 3353 4035 id
3381 3979 3564 4034 oneris

1996 4067 2089 4123 tibi
2122 4067 2436 4136 impositum
2455 4078 2559 4124 est.
2588 4070 2854 4124 Praeterea
2887 4085 3112 4139 operam
3141 4069 3307 4125 danto
3340 4069 3569 4125 litteris.

1995 4168 2055 4212 ut
2073 4174 2400 4230 progressus
2416 4159 2641 4227 faciant,
2659 4174 2819 4223 neve,
2839 4159 2983 4226 quod
3004 4154 3431 4229 principes'sint,
3456 4157 3569 4212 illis

1993 4266 2186 4309 carere
2200 4268 2258 4307 se
2278 4268 2438 4321 posse
2454 4252 2829 4307 existimauto.
2852 4251 3123 4307 Nobilitas
3143 4267 3265 4321 qua:
3284 4262 3436 4307 caret
3451 4252 3567 4304 vir-

1995 4355 2136 4411 tute,
2187 4345 2348 4400 nihili
2400 4353 2485 4399 est
2520 4345 2577 4400 in
2612 4345 2873 4400 omnibus
2919 4344 3290 4415 principibus,
3349 4343 3561 4398 etiamsi

306 4439 715 4507 συντυχαίνωσι
750 4440 958 4504 πάντας
989 4442 1087 4495 καὶ
1112 4443 1241 4504 τοὺς
1267 4442 1475 4506 ὲδικούς
1503 4458 1609 4497 των
1632 4445 1728 4498 καὶ
1759 4445 1881 4508 τοὺς

1997 4452 2190 4507 magna
2221 4452 2386 4507 regna
2419 4444 2477 4492 ct
2512 4436 2654 4490 bona
2679 4435 2945 4500 habeant,
2970 4434 3173 4490 nedum
3219 4434 3274 4488 in
3306 4433 3433 4500 illis,
3467 4435 3558 4504 qui

307 4528 499 4593 ξένους
544 4529 686 4599 μετά
740 4531 929 4603 τιμῆς.
983 4532 1071 4587 Νὰ
1114 4533 1222 4604 μὴν
1271 4531 1412 4587 εἶναι
1464 4536 1791 4600 ἁλαζοκικοὶ,
1822 4536 1887 4599 ἂς

305 4614 456 4670 εἶναι
486 4620 733 4673 ταπεινοὶ
764 4621 861 4672 καὶ
896 4620 1115 4691 ἦρεμοι.
1164 4623 1273 4675 Καὶ
1318 4623 1485 4694 μηδὲν
1524 4624 1888 4694 ἐνθυμοῦνται

295 4710 399 4777 ,ὅτι
433 4707 576 4764 εἶναι
632 4711 895 4781 βασιλέως
929 4713 1211 4780 ἀπόγονοι,
1249 4716 1363 4785 ἁμὴ
1411 4716 1475 4777 ἂς
1525 4716 1889 4786 ἐνθυμοῦνται

309 4803 402 4854 ίτι
432 4799 570 4855 εἶναι
604 4802 895 4873 διωγμένοι
926 4803 1033 4856 ἀπὸ
1059 4803 1148 4858 τὸν
1167 4804 1330 4857 τόπον
1360 4822 1491 4872 των,
1524 4806 1776 4877 ὀρφανοὶ,
1803 4805 1889 4870 ξέο

312 4910 421 4958 νοι,
451 4893 780 4965 ὁλόπτωχοι,
825 4896 906 4948 ὅτι
959 4891 1099 4947 εἶναι
1129 4897 1287 4965 χρεία
1341 4898 1405 4950 νά
1457 4897 1587 4962 ζοῦν
1627 4896 1734 4951 ἀπὸ
1766 4897 1891 4961 ξένα

314 4987 501 5057 κέρεα,
531 4988 626 5041 καὶ
655 4988 737 5040 ὅτι
788 4987 854 5041 ἂν
885 4988 973 5041 ὁὲν
1014 4987 1214 5058 ἔχωσιν
1245 4990 1466 5058 ἀρετὴν,
1521 4989 1587 5041 ἂν
1625 4989 1723 5055 ,δὲν
1752 4984 1892 5041 εἶναι

321 5079 601 5149 φρόνιμοι,
636 5076 703 5131 ἃν
731 5079 819 5132 δὲν
850 5063 990 5131 εἶναι
1021 5080 1291 5144 ταπεινοὶ,
1322 5079 1387 5132 ἂν
1417 5079 1504 5133 δὲν
1534 5080 1735 5150 τιμῶσι
1760 5080 1895 5134 πάν-

296 5184 445 5241 4τας,
473 5168 593 5222 οὐδὲ
625 5172 749 5232 τοὺς
780 5170 967 5224 θέλουν
990 5171 1252 5241 τιμήσειν
1275 5171 1323 5224 οἱ
1352 5170 1526 5238 ἄλλοι,
1559 5171 1679 5242 ἁμὴ
1707 5170 1894 5225 θέλουν

323 5262 452 5324 τοὺς
487 5262 937 5332 ἀποστρέφεσθαι
982 5263 1214 5325 πάντας.
1248 5262 1399 5317 Αὐτὰ
1434 5258 1527 5316 οῦν
1556 5263 1652 5316 ὅλα
1683 5263 1896 5334 φροντί-

327 5352 451 5408 σετέ
476 5370 543 5406 τα
565 5354 706 5406 καλὰ
736 5355 769 5426 η
800 5353 1050 5423 εὐγένειά
1076 5371 1169 5408 σου
1196 5354 1333 5425 μετὰ
1360 5353 1451 5407 καὶ
1473 5353 1569 5407 τοῦ
1592 5353 1898 5425 Κριτοπού-

323 5447 442 5513 λου,
472 5446 664 5516 ἐπειδὴ
692 5447 752 5500 τ’)
783 5449 987 5519 γομάρι
1015 5448 1208 5501 ἀπάνω
1236 5463 1334 5510 σας
1364 5444 1528 5501 εἷναι.
1576 5446 1717 5518 Πρὸς
1764 5447 1895 5499 τού-

329 5556 442 5602 τοις
469 5537 536 5602 ἃς
568 5537 959 5609 ἐπιμελοῦνται
983 5539 1048 5593 νά
1075 5539 1284 5609 μάθουν
1308 5540 1639 5612 γράμματα,
1669 5540 1738 5596 νά
1766 5558 1899 5610 προ-

332 5631 550 5701 κόψουν,
587 5632 653 5685 νά
687 5632 794 5702 μὴν
822 5631 1182 5701 ἐνθυμοῦνται
1211 5635 1291 5687 ὅτι
1326 5627 1468 5685 εἶναι
1500 5632 1793 5703 εὐγενικοί.
1833 5631 1895 5685 'll

334 5726 580 5795 εὐγένεια
634 5729 801 5796 χωρὶς
844 5728 1049 5795 ἀρετῆς
1096 5727 1186 5782 ὁὲν
1241 5723 1377 5781 εἶναι
1409 5728 1628 5792 rimas;
1684 5729 1775 5780 καὶ
1821 5728 1898 5789 εἰς

1994 4527 2161 4581 rebus
2182 4526 2444 4579 omnibus
2476 4525 2655 4579 orbati
2690 4532 2841 4579 sunt.
2873 4523 3055 4589 Quare
3092 4527 3319 4579 necesse
3353 4534 3438 4579 est
3470 4539 3566 4578 eos
3600 4518 3607 4523 “

1992 4620 2205 4675 litteras
2233 4618 2443 4683 colere,
2472 4618 2800 4672 obedientes
2849 4604 3411 4687 Obtemperantesque
3443 4632 3568 4671 esse

1993 4712 2118 4778 tibi,
2150 4720 2207 4767 et
2230 4711 2476 4776 medico,
2506 4726 2699 4765 eorum
2732 4711 2826 4780 qui
2857 4708 3159 4764 valetudini
3197 4708 3483 4780 prospicit,
3511 4719 3569 4763 et

1996 4808 2261 4877 magistro
2332 4804 2610 4875 dictisque
2701 4804 2904 4859 vestris
2959 4802 3208 4858 studiose
3277 4803 3570 4858 audientes

1995 4910 2180 4955 sunto.
2217 4899 2452 4969 Insuper
2484 4899 2683 4968 singuli
2719 4899 2941 4953 brevem
2981 4899 3222 4967 aliquam
3258 4896 3567 4951 orationem

1997 4993 2279 5049 memoriae
2323 4991 2646 5056 mandanto,
2704 5006 2810 5060 qua
2872 5005 3066 5061 papam
3114 4990 3271 5043 ﬂexis
3332 4986 3575 5057 genibus

1996 5099 2051 5143 et
2083 5086 2233 5140 nudo
2260 5084 2442 5154 capite
2471 5084 2735 5149 salutent,
2764 5098 2889 5138 cum
2942 5083 3050 5136 huc
3082 5074 3336 5135 venerint
3367 5097 3381 5135 :
3418 5079 3569 5150 quod

1997 5187 2232 5233 cavento
2276 5192 2347 5232 ne
2394 5176 2557 5231 aliter
2590 5175 2815 5230 faciant.
2866 5174 2921 5229 Si
2972 5174 3189 5244 publice
3221 5169 3571 5242 ambulantes

1997 5269 2066 5323 ab
2105 5268 2423 5323 hominibus
2449 5266 2766 5322 salutantur
2787 5264 3104 5334 aperiendis
3134 5262 3433 5332 capitibus,
3463 5259 3581 5328 ipsi.

1998 5375 2222 5432 quoque
2250 5366 2417 5429 caput
2445 5367 2543 5412 aut
2572 5358 2733 5428 plane
2760 5366 2856 5411 aut
2888 5356 3012 5425 plus
3052 5348 3304 5409 minusve
3335 5367 3437 5423 pro
3474 5364 3577 5406 cu-

1994 5452 2172 5523 jusvis
2194 5448 2514 5504 conditione
2543 5449 2856 5518 aperiunto.
2889 5447 3160 5502 Similiter
3198 5446 3243 5499 si
3274 5442 3440 5499 alieni
3471 5442 3575 5497 ho-

1965 5528 1969 5533 ’
2004 5540 2181 5597 norati
2213 5540 2465 5595 homines
2496 5555 2593 5594 eos
2622 5539 2797 5593 visum
2822 5538 3071 5602 veniunt,
3102 5536 3268 5607 digne
3292 5536 3400 5611 hos
3426 5535 3574 5589 cxci~

2003 5633 2232 5701 piuuto,
2295 5638 2462 5697 caput
2515 5628 2807 5698 aperiunto
2862 5637 2917 5683 et
2978 5643 3078 5697 pro
3128 5642 3225 5681 sua
3294 5640 3577 5695 quemque
3665 5636 3680 5659 ο

2007 5722 2271 5795 dignitate
2317 5722 2574 5777 habento.
2616 5723 2937 5791 Loquitntor
2975 5736 3143 5791 pauca
3194 5719 3439 5788 quidem,
3476 5718 3601 5773 sed.
