3880 6220
248 302 352 366 689

1670 304 1764 364 ΕΡ
1775 306 1789 363 l
1802 304 2078 366 STOLE.

3409 302 3521 369 690

248 416 691 489 άπορῤίπτοντος
719 431 733 447 δ
767 416 927 488 μήτοι
971 433 1034 486 γε
1083 416 1203 483 σοῦ,
1263 418 1430 489 μήπω
1478 418 1666 490 μηδὲν·
1701 421 1831 490 περὶ

1970 421 2161 477 lienem
2198 420 2400 493 ipsum,
2438 419 2706 493 ejusmodi
2749 419 2954 485 virum,
2983 433 3109 475 eum
3159 417 3214 473 in
3245 418 3520 475 Aristote-

249 514 363 568 τῶν
397 528 463 582 γε
500 508 763 564 τοιούτων
794 494 1193 582 ἡὶιριόωκότος.

322 690 392 746 Εἴ
410 708 465 745 τι
496 684 592 746 οῦν
623 689 751 761 ἐμοὶ
779 690 965 761 πείθη,
994 690 1089 745 καὶ
1128 691 1393 747 Πλάτωνα
1453 692 1551 746 καὶ
1591 693 1836 764 Ἀριστο-

251 783 385 853 τέλη
416 781 788 853 σοφωτάτους,
834 782 1162 855 ἡγούμενος,
1210 784 1334 837 κατ’
1367 784 1509 854 ἴχνος
1537 801 1597 838 τε
1628 786 1838 849 τούτοις

254 878 547 947 ιπόμενος,
614 875 877 944 ἑκάτερον
942 877 1189 947 ¹ἡγεμόνα
1250 895 1310 931 τε
1369 878 1572 934 σαυτοῦ
1641 879 1799 933 ποιοῦ
1824 921 1840 946 ,

257 966 423 1037 σχολῇ
482 983 543 1020 τε
596 966 694 1019 καὶ
745 965 978 1037 μελέτῃ,
1042 966 1389 1030 διδασκάλοις
1453 984 1513 1020 τε
1569 963 1649 1029 οἷς
1690 967 1844 1032 ἄξιον

255 1055 582 1128 χρώμενος,
645 1054 841 1126 πρῶτα
899 1056 1002 1126 μὲν
1053 1059 1292 1113 συνεῖναι
1337 1057 1431 1110 τοῦ
1496 1057 1692 1128 βάθους
1737 1058 1844 1110 τῶν

258 1153 355 1205 ύτυ
384 1149 567 1204 αὐτῶν
618 1149 927 1218 εἰρημένων
980 1148 1287 1203 σπούδασον
1319 1166 1331 1181 ο
1381 1151 1502 1203 οὐδὲ
1539 1149 1649 1221 γάρ
1708 1152 1844 1204 πᾶσι

255 1244 371 1306 τοῖς
394 1241 742 1312 βουλομένοις
767 1239 1015 1310 εὔληπτα
1048 1240 1268 1309 λέγουσι
1304 1240 1381 1295 τὼ
1412 1242 1573 1313 ἄνδρε
1606 1257 1623 1275 ·
1653 1243 1845 1296 ἔπειτα

258 1336 355 1390 καὶ
384 1336 438 1389 εί
461 1351 515 1387 τι
551 1332 941 1403 διαφέρεσθον,
982 1334 1082 1386 οὐκ
1138 1333 1400 1404 ἀμαθίας,
1459 1334 1662 1401 ἄπαγε,
1709 1332 1846 1387 ἀλλά

257 1427 359 1494 τῆς
389 1425 634 1497 μεγάλης
662 1441 723 1477 τε
743 1425 930 1478 αὑτοῖν
959 1425 1085 1494 περὶ
1116 1425 1310 1493 λόγους
1335 1424 1619 1495 δυνάμεως
1662 1442 1721 1477 τε
1756 1424 1847 1476 καὶ

259 1517 447 1583 ἕξεως,
485 1518 580 1569 καὶ
607 1516 708 1586 τῆς
730 1516 841 1570 τῶν
898 1516 1255 1586 ζητημάτων,
1313 1515 1403 1569 διὰ
1452 1517 1515 1568 τδ
1542 1514 1740 1585 ἄδηλόν
1787 1531 1846 1567 τε

258 1608 440 1664 αὐτῶν
473 1610 567 1665 καὶ
607 1607 683 1679 μὴ
717 1607 912 1678 σαφὲς,
952 1609 1040 1662 ἐπ’
1072 1609 1365 1679 ἀμφότερα
1392 1608 1589 1680 ῥοπῆς,
1619 1602 1848 1677 σημεῖον

259 1701 606 1770 ποιούμενος,
638 1698 921 1769 θαύμασον
955 1702 1054 1770 μὲν
1085 1700 1184 1771 τὴν
1214 1700 1439 1753 ἐκείνων
1489 1698 1708 1768 σοφίαν,
1740 1700 1849 1767 ἁμ-

1940 515 2046 569 lem
2082 514 2206 571 talia
2237 515 2498 585 proiecit;
2531 515 2732 570 nedum
2760 524 2832 582 te,
2867 515 2961 584 qui
2992 513 3045 567 iit
3077 512 3146 568 iis
3177 510 3344 580 rebus
3381 528 3527 567 non-
3547 505 3559 518 ’

1941 605 2073 660 dum
2102 606 2405 676 quidquam
2433 606 2789 661 accuravisti.

2013 696 2068 750 Si
2105 697 2237 767 quid
2278 712 2410 768 ergo
2450 698 2583 751 mihi
2615 697 2817 762 credis,
2852 695 3140 752 Platonem
3195 701 3252 749 tu
3298 705 3355 749 et
3404 691 3528 746 Ari-

1941 787 2196 843 stotelem
2240 789 2680 858 sapientissimos
2711 799 2934 859 putans,
2965 797 3022 843 et
3050 787 3246 841 horum
3280 785 3527 858 vestigiis

1945 878 2204 935 insistens
2224 918 2241 945 ,
2274 879 2354 934 tui
2384 888 2682 950 utrumque
2729 880 2925 935 ducem
2954 878 3146 934 facito.
3176 878 3386 933 Tumet
3410 879 3526 934 otio

1944 981 2000 1026 et
2021 971 2404 1036 meditatione,
2435 982 2488 1025 et
2527 972 2803 1039 magistris
2845 987 3001 1033 usus,
3031 972 3234 1041 quibus
3282 987 3379 1041 par
3416 982 3525 1035 est,

1946 1062 2185 1132 primum
2216 1062 2439 1131 quidem
2468 1064 2523 1118 in
2564 1064 2615 1118 id
2644 1064 2927 1128 incumbe,
2962 1074 3023 1120 ut
3050 1080 3246 1139 eorum
3301 1048 3426 1135 qua:
3456 1064 3527 1119 ab

1945 1155 2218 1211 ambobus
2243 1157 2353 1212 illis
2382 1156 2528 1214 dicta
2559 1167 2689 1212 sunt
2717 1157 3053 1228 profundum
3081 1173 3305 1213 sensum
3343 1157 3530 1226 perci-

1948 1246 2083 1317 pias.
2118 1246 2305 1316 Neque
2334 1247 2481 1302 enim
2519 1248 2723 1303 volenti
2757 1251 2959 1318 cuique
2994 1249 3403 1317 comprehensa
3447 1248 3529 1303 fa-

1947 1340 2073 1396 cilia
2114 1339 2308 1399 dicunt
2339 1340 2443 1395 viri
2469 1341 2546 1395 illi
2575 1342 2708 1397 duo.
2739 1341 2947 1397 Deinde
2980 1352 3037 1397 et
3064 1342 3110 1397 si
3141 1340 3272 1412 quid
3312 1341 3529 1396 dissen-

1950 1431 2114 1496 tiunt,
2135 1446 2245 1486 non
2271 1431 2596 1502 ignorantia:
2620 1433 2935 1505 (apagesis),
2963 1432 3056 1488 sed
3083 1449 3277 1488 eorum
3304 1448 3532 1488 summae

1948 1522 2246 1589 facultatis,
2268 1532 2322 1578 et
2354 1522 2554 1579 habilis
2581 1524 2647 1578 ad
2687 1525 3083 1594 disputandum
3112 1526 3341 1596 ingenii,
3362 1541 3530 1595 argu-

1951 1622 2195 1669 mentum
2229 1613 2285 1669 id
2309 1630 2432 1670 esse
2460 1624 2731 1681 statuens,
2756 1628 2812 1671 et
2839 1619 2989 1689 quod
3026 1619 3132 1672 illze
3168 1618 3526 1689 qumstiones,

1951 1708 2023 1763 ob
2071 1722 2162 1763 res
2194 1707 2440 1764 incertas
2494 1719 2552 1765 et
2604 1710 2895 1777 obscuras,
2933 1713 3096 1782 paulo
3146 1722 3426 1767 momento
3476 1711 3531 1766 iu

261 1799 386 1862 φοίν
419 1793 474 1845 δὲ
501 1792 731 1863 χάριτας
753 1791 1030 1862 ὁμολόγει,
1054 1784 1131 1846 ὧν
1162 1792 1295 1863 ἡμῖν
1321 1791 1546 1860 ἀγαθῶν
1574 1792 1842 1860 γεγένην-

1970 1802 2233 1864 uramque
2263 1806 2478 1866 partem
2509 1798 2649 1853 trahi
2674 1801 2906 1871 possint,
2940 1802 3162 1856 illorum
3199 1801 3527 1869 sapientiam

259 1901 323 1936 τ)
354 1884 542 1947 αἴτιοι.
590 1882 748 1938 Οῦτω
796 1885 907 1953 γὰρ
963 1883 1140 1937 ποιῶν
1189 1882 1374 1952 σαυτῷ
1421 1899 1481 1935 τε
1533 1883 1602 1936 τὰ
1654 1882 1847 1953 βελτίω

263 1976 624 2047 βουλεύσεις,
689 1977 813 2048 ἐμοί
870 1994 929 2029 τε
990 1978 1198 2048 χαριῇ,
1259 1976 1355 2029 καὶ⁸
1427 1976 1563 2028 πᾶσι
1618 1977 1733 2037 τοῖς
1784 1968 1843 2026 εὖ

262 2066 579 2138 φρονοῦσιν.
613 2066 704 2131 Ὠς
727 2066 824 2122 νῦν
856 2084 923 2135 γε
978 2067 1290 2137 χαριεῖσθαι
1348 2056 1608 2136 νομίζων,
1640 2064 1846 2134 σφόδρα

263 2159 549 2231 ιλύπησας
586 2176 603 2194 ’
637 2161 700 2213 τὸ
735 2161 855 2229 μὲν,
892 2160 978 2213 ὅτι
1010 2159 1209 2228 ἄνδρας
1243 2159 1500 2225 ἀναξίους
1529 2156 1851 2228 ύᾶρίξεσθαι

268 2249 445 2317 οὕτως
497 2251 963 2324 άπερικαλύπτως
1008 2251 1357 2321 ὲλοιδόρησας
1385 2264 1399 2282 ⁸
1431 2248 1577 2313 156',
1614 2251 1696 2304 ὅτι
1758 2249 1853 2304 καὶ

274 2346 473 2402 σαυτὸν
498 2346 712 2411 ἔδειξας
742 2346 817 2416 μὴ
844 2346 988 2399 πάνυ
1025 2361 1110 2397 τοι
1135 2344 1201 2397 τά
1225 2344 1457 2397 ἐκείνων
1511 2341 1850 2411 ἠσκημένον.

1954 1885 2251 1952 admirare,
2300 1898 2355 1940 et
2402 1902 2639 1957 quorum
2688 1889 2722 1943 ii
2752 1890 2913 1944 nobis
2962 1890 3232 1945 bonorum
3281 1900 3537 1945 auctores

1954 1979 2199 2047 fuerunt,
2222 1979 2294 2035 ob
2326 1994 2391 2035 ea
2420 1980 2535 2051 ipsa
2569 1981 2839 2036 ambobus
2862 1982 3064 2051 gratias
3090 1981 3254 2036 habe.
3290 1981 3366 2036 ita
3387 1981 3536 2036 enim

1956 2070 2055 2125 tibi
2081 2070 2305 2141 quidem
2337 2071 2539 2126 melius
2561 2072 2930 2136 consulueris,
2958 2073 3091 2126 mihi
3118 2059 3300 2127 autem
3334 2082 3389 2127 et
3414 2087 3538 2126 om-

1956 2163 2123 2217 nibus
2156 2178 2305 2218 sana:
2343 2164 2545 2219 mentis
2571 2164 2887 2219 hominibus
2910 2175 3121 2235 gratum
3158 2164 3377 2221 feceris.
3401 2164 3536 2219 Nam

1958 2270 2107 2310 nunc
2155 2255 2404 2325 quidem,
2440 2256 2884 2328 gralilicaturum
2936 2266 2988 2312 te
3022 2258 3346 2321 arbitratus,
3375 2256 3539 2312 valde

1960 2345 2229 2401 molestus
2255 2345 2445 2414 luisti;
2484 2356 2597 2401 tum
2632 2348 2759 2417 quia
2784 2348 3211 2403 immerentibus
3243 2349 3324 2403 sic
3356 2348 3534 2419 palam

269 2449 330 2496 et
355 2449 548 2510 aperte
576 2437 948 2503 maledixisti;
981 2448 1095 2491 tum
1124 2438 1270 2507 quod
1300 2443 1357 2490 et
1421 2436 1656 2506 teipsum
1730 2435 1784 2489 in
1853 2436 2074 2494 illorum
2116 2439 2338 2510 scriptis
2395 2455 2507 2496 non
2559 2439 2787 2494 omnino
2830 2452 3115 2495 versatum
3166 2457 3288 2496 esse
3344 2440 3538 2512 prodi-

266 2536 427 2592 disti.

344 2629 617 2700 Θεόδωρόν
639 2645 699 2682 τε
724 2628 794 2682 τὰ
828 2627 1023 2699 βελτίω
1055 2627 1227 2683 ποιῶν
1251 2626 1385 2699 τίμα
1442 2644 1530 2693 τε,
1572 2625 1669 2681 καὶ
1710 2623 1857 2679 διδα-

271 2720 466 2790 σκάλῳ
496 2721 625 2790 περὶ
658 2719 837 2774 πάντα
864 2720 1002 2790 χρῶ.
1037 2720 1194 2772 Ἔστι
1224 2720 1334 2792 γὰρ
1363 2715 1481 2780 οἷος
1508 2717 1604 2772 καὶ
1654 2715 1714 2769 σι
1764 2717 1861 2768 καὶ

271 2814 513 2876 πολλοὺς
544 2813 764 2882 ἑτέρους
819 2812 1052 2881 ὠφελεῖν
1111 2811 1395 2866 δύνασθαι.
1459 2810 1590 2880 Ἐμὲ
1643 2809 1719 2873 δὲ,
1773 2808 1862 2862 ἵνα

274 2909 358 2978 μὴ
378 2907 473 2960 καὶ
497 2902 656 2968 αὖθις
690 2905 986 2977 πλανηθεὶς
1018 2904 1176 2976 δόξῃς
1221 2920 1311 2974 μοι
1341 2901 1570 2957 τοιαῦτα
1631 2903 1712 2965 είς
1750 2917 1863 2953 τοι-

2038 2620 2393 2678 Tlieodorum
2431 2620 2561 2677 item
2592 2612 2794 2677 melius
2827 2623 3059 2677 meritus
3084 2622 3224 2687 cole,
3253 2636 3432 2692 eoque
3470 2623 3536 2680 ad

1965 2715 2149 2771 omnia
2178 2710 2437 2786 magistro
2472 2727 2645 2770 utere.
2679 2715 2778 2771 Est
2802 2716 2950 2771 enim
2982 2716 3029 2771 is
3051 2716 3347 2790 ejusmodi,
3391 2725 3452 2774 ut
3484 2726 3543 2774 et

1966 2817 2019 2865 te
2050 2807 2223 2880 possit
2271 2806 2329 2863 et
2366 2808 2503 2863 alios
2540 2808 2756 2877 iuvare.
2802 2808 2958 2875 Quod
2996 2808 3062 2863 ad
3100 2824 3186 2864 me
3208 2808 3426 2875 attinet,
3466 2825 3539 2867 ne

1965 2919 2067 2975 per
2095 2916 2345 2958 errorem
2376 2916 2595 2958 .rursus
2640 2901 2949 2967 existimes,
2985 2901 3108 2956 talia
3142 2902 3195 2956 in
3232 2902 3370 2959 tales
3399 2902 3546 2959 viros

270 2996 472 3060 ούτονς
504 2996 702 3065 ολέγων
767 2995 970 3064 ἄνδρας
1030 2993 1382 3065 χαρίζεσθαι,
1439 2991 1702 3061 φιλοῦντα
1761 2989 1859 3060 μὲν

1970 2995 2243 3051 dicentem
2267 3002 2319 3048 te
2371 2992 2507 3048 mihi
2539 2994 2861 3061 gratiﬁcari,
2890 2993 3029 3049 scito
3056 3008 3142 3049 me
3181 3002 3237 3049 et
3267 3002 3544 3050 amantem

272 3087 390 3140 ῐσθι
423 3080 705 3151 Πλάτωνα,
730 3083 991 3154 φιλοῦντα
1019 3084 1066 3136 δ’
1105 3082 1475 3154 Ἀριστοτέλη,
1524 3081 1622 3135 καὶ
1647 3078 1724 3143 ὡς
1770 3095 1859 3132 σο-

1971 3086 2235 3149 Platonis,
2274 3091 2330 3141 et
2378 3094 2652 3139 amantem
2704 3084 3017 3139 Aristotelis
3047 3094 3103 3139 et
3132 3084 3300 3141 hosce
3345 3085 3542 3141 ambos

274 3180 520 3250 φωτάτω
541 3179 836 3249 σεϐόμενον
860 3176 1129 3248 ἑκατέρω.
1166 3175 1431 3247 amemus
1493 3190 1553 3228 τε
1613 3175 1711 3243 τῆς
1772 3189 1859 3242 με·

1970 3188 2233 3248 tanquam
2269 3175 2716 3247 sapientissimus
2748 3183 3108 3230 venerantem
3144 3190 3160 3230 :
3192 3175 3247 3232 in
3275 3175 3545 3232 Plethoue

270 3272 567 3342 γαλονοίας
596 3272 691 3326 καὶ
712 3271 940 3342 εὐφυΐας
968 3271 1272 3338 ἀγάμενον,
1308 3268 1406 3336 τῆς
1433 3264 1704 3336 τοσαύτης
1731 3264 1859 3334 πρὸς

1970 3275 2135 3327 etiam
2173 3285 2434 3341 magnum
2458 3268 2738 3340 ingenium
2767 3279 2823 3325 ct
2857 3268 3177 3339 prteclaram
3207 3268 3446 3326 indolem
3473 3269 3548 3324 ita

286 3365 649 3437 Ἀριστοτέλη
693 3368 875 3435 μάχης
906 3379 968 3419 τε
1027 3364 1123 3417 καὶ
1169 3360 1423 3424 δυσνοίας
1475 3360 1549 3431 μὴ
1601 3360 1859 3413 ἐπαινεῖν.

1970 3363 2157 3418 mirari
2195 3378 2303 3426 me,
2344 3370 2396 3416 ut
2450 3360 2716 3415 adversus
2759 3360 3106 3415 Aristotelem
3154 3361 3400 3415 animum
3441 3369 3549 3414 tam

270 3457 590 3525 Βουλοίμην
613 3459 725 3526 γὰρ
754 3455 820 3509 ἂν
849 3454 1059 3509 ἐκεῖνόν
1076 3470 1135 3506 τε
1189 3454 1244 3505 Ἀ
1256 3451 1580 3522 ριστοτὲλει,
1630 3447 1759 3512 τούς
1810 3464 1859 3501 τε

1971 3468 2300 3526 pugnacem,
2335 3460 2446 3507 tam
2470 3452 2826 3518 malevolum,
2845 3452 3071 3507 minime
3105 3452 3346 3507 laudent.
3372 3451 3547 3508 Velini

269 3524 612 3614 alidussite
637 3524 752 3603 τοῖν
776 3550 924 3603 δυοῖν
954 3549 1236 3619 μεγίστοιν
1295 3545 1609 3615 φιλοσόφοιν
1634 3540 1859 3606 τούτοιν,

1972 3524 2175 3615 quippe
2205 3553 2260 3598 et
2287 3542 2440 3598 illum
2460 3541 2769 3609 Aristoteli,
2796 3552 2853 3597 et
2877 3524 3015 3597 alios
3044 3541 3270 3612 quosvis
3298 3557 3392 3595 seu
3413 3541 3550 3595 duo-

273 3644 398 3696 εἴτε
433 3641 585 3711 αὐτῷ
649 3641 924 3712 Πλήθωνι,
984 3641 1080 3694 καὶ
1135 3638 1344 3701 ὁποῖοις
1393 3637 1593 3707 δήποτε
1668 3634 1868 3698 ἄλλοις,

278 3736 430 3805 μετά
455 3734 730 3803 τοταύτης
780 3750 845 3802 γε
898 3733 1146 3804 άπαντᾷν
1195 3729 1511 3792 εὐλαϐείας,
1560 3726 1681 3798 μεθ’
1741 3727 1872 3794 ὅσης

288 3826 681 3897 Ἀριστοτέλης
731 3827 956 3880 ἀντεῖπε
1010 3827 1124 3888 τοῖς
1181 3824 1290 3895 πρὸ
1340 3821 1503 3877 αὐτοῦ
1532 3835 1551 3854 ο
1586 3820 1643 3885 ὃς
1692 3819 1873 3888 λόγοις

276 3925 394 3983 ἀεὶ.
423 3926 515 3978 καὶ
540 3922 615 3988 ὥς
644 3922 740 3977 ἐπὶ
768 3923 829 3976 τδ
858 3922 994 3977 πολῦ
1026 3920 1139 3994 (ll)
1169 3921 1615 3993 παραιτούμενος
1652 3919 1781 3982 τούς
1815 3934 1874 3972 τε

1972 3639 2077 3693 bus
2104 3635 2560 3707 pliilosOphorum
2588 3634 2955 3706 principibus,
2979 3634 3096 3690 sive
3126 3634 3227 3704 ipsi
3266 3632 3549 3695 Pletlioni,

1975 3731 2092 3786 sive
2148 3729 2271 3784 aliis
2322 3729 2772 3800 quibuscunque,
2829 3736 2979 3784 tanta
3021 3729 3265 3783 adhibita
3295 3727 3553 3782 cautione

1975 3835 2334 3886 concurrere,
2367 3830 2574 3890 quanta
2596 3819 2923 3875 Aristoteles
2954 3819 3026 3875 iis
3050 3819 3309 3889 quiante
3341 3833 3401 3872 se
3435 3815 3555 3872 l‘ue-

1979 3921 2108 3969 runt
2151 3912 2506 3969 contradixit.
2547 3911 2758 3982 Nempe
2805 3912 2852 3967 is
2912 3910 3188 3966 rationum
3225 3910 3274 3964 vi
3313 3926 3553 3980 semper,

276 4015 612 4080 ἀκούοντας,
649 4014 744 4079 οῦς
773 4032 831 4069 τε
859 4014 1098 4081 εὐθύνει,
1126 4013 1452 4074 ἀποδεικνὺς
1490 4011 1551 4065 τὸ
1584 4011 1859 4081 προκείμε⁴

1976 4014 2032 4061 et
2062 4004 2226 4075 petita
2259 4005 2584 4076 plerumque
2601 4005 2787 4073 venia,
2816 4004 2932 4060 sive
2956 4005 3025 4058 ab
3045 4003 3415 4067 auditoribus,
3440 4004 3555 4059 sive

279 4126 401 4174 νον,
427 4108 534 4162 τῶν
565 4108 844 4178 λοιδοριῶν
870 4106 1163 4178 ἀπέσχετοο
1190 4107 1279 4158 ὅτε
1309 4104 1365 4158 δὲ
1394 4104 1489 4158 καὶ
1520 4103 1859 4173 σφοδρότεροι

1979 4094 2047 4149 ab
2088 4095 2153 4149 iis
2192 4109 2331 4164 quos
2363 4094 2743 4164 reprehendit,
2782 4109 2899 4149 rem
2939 4094 3020 4150 sic
3048 4093 3393 4149 demonstrat
3436 4104 3497 4148 ut
3524 4109 3555 4147 a

287 4201 816 4273 κατενφέρεται,καὶ
872 4201 992 4256 τότε
1066 4199 1325 4266 φυλάττει
1374 4198 1435 4251 ἰδ
1501 4199 1740 4267 μέτριον.
1797 4197 1859 4250 Td

1979 4186 2244 4240 conviciis
2274 4184 2568 4241 abstineat.
2604 4186 2748 4253 Quin
2778 4196 2835 4241 et
2861 4186 2951 4241 ubi
2994 4186 3377 4242 vehementius
3406 4186 3562 4240 inve-

281 4288 348 4344 ὁὶ
380 4294 515 4360 εἴδη,
565 4293 721 4362 φησὶ,
756 4293 995 4361 χαιρέτω
1047 4290 1181 4355 (12).
1245 4290 1629 4361 Τερετίσματὰ
1676 4290 1787 4360 (15)
1818 4308 1859 4341 τι

1981 4278 2150 4343 hitur,
2183 4286 2298 4333 tum
2354 4293 2578 4349 quoque
2629 4279 2850 4333 modqu
2912 4288 3116 4334 servat.
3202 4277 3408 4333 Forma:
3463 4294 3569 4330 (ιιι-ι

284 4384 403 4454 γάρ
436 4386 544 4438 εἱσι
574 4399 590 4415 ⁶
628 4384 725 4438 καὶ
754 4384 803 4437 εί
839 4385 1000 4451 εἰσὶν,
1032 4385 1186 4437 οὐδὲν
1227 4385 1363 4452 πρὶς
1412 4384 1507 4436 τὸν
1556 4383 1734 4450 λόγον.
1766 4383 1859 4434 Kal

1979 4376 2104 4432 tem,
2136 4368 2335 4437 inquit,
2371 4368 2602 4422 valeant.
2642 4367 2786 4423 Nam
2823 4378 2872 4423 et
2927 4371 3205 4441 argutiam
3250 4384 3327 4423 ea;
3384 4376 3557 4423 sunt:

284 4474 468 4537 αὖθις.
493 4476 590 4544 οὐχ
620 4476 832 4545 ἥψαντο
853 4475 1207 4543 διαλεκτικῆς
1231 4476 1280 4528 οἱ
1312 4476 1526 4545 ἄνδρες,
1555 4493 1620 4528 πε
1633 4475 1684 4546 ρί
1709 4493 1859 4528 τινωε.

1980 4468 2031 4513 et
2066 4460 2114 4514 εἰ
2140 4468 2285 4521 sunt,
2318 4460 2450 4515 nihil
2478 4465 2548 4513 ad
2580 4476 2712 4514 rem.
2747 4460 2810 4514 Et
2842 4477 3033 4515 rursus
3061 4461 3130 4516 de
3168 4460 3293 4515 aliis
3330 4460 3563 4530 quibus-

283 4567 465 4621 ἄλλων
495 4567 690 4633 λέγων,
731 4560 896 4631 Οὗτος
919 4568 948 4620 ὁ
969 4567 1080 4620 τῶν
1099 4567 1381 4637 λοιδοριῶν
1414 4565 1579 4620 αὐτοῦ
1610 4564 1871 4634 κολοφὼν.

375 4742 567 4812 Ἡμεῖς
613 4743 672 4797 δὲ
731 4742 1123 4813 ἀνθρωπίσκοι,
1176 4741 1209 4813 ἢ
1260 4742 1484 4813 πίθηκοί
1546 4758 1694 4804 τινες
1742 4742 1875 4813 προς

289 4839 539 4898 ἐκείνους
591 4836 778 4907 ἥρωας
839 4834 991 4898 ὅντες
1056 4834 1402 4905 τολμήσομεν
1468 4820 1687 4898 αὐτοὺς,
1722 4834 1875 4904 φεῦι

278 4933 538 5005 ,ἀμαθεῖς
573 4932 778 5002 λέγειν,
834 4934 930 4986 καὶ
967 4931 1039 4987 τὰ
1089 4931 1150 4997 ἐξ
1204 4932 1431 5002 ἀμαθῶν
1461 4931 1573 5004 (14)
1606 4932 1878 4987 σκώπτειν

297 5028 504 5099 μᾶλλον
536 5026 568 5097 ἢ
605 5024 874 5096 κωμῳδία
909 5026 1034 5088 τοὺς
1065 5026 1192 5093 περὶ
1212 5025 1436 5079 Κλέωνά
1463 5042 1524 5079 τε
1556 5025 1647 5079 καὶ
1675 5025 1876 5095 Ὑπέρ-

294 5120 495 5183 6ολον;
525 5119 669 5182 τίνες
700 5118 851 5181 ὄντες
887 5133 902 5184 ;
940 5116 1101 5169 ποίαν
1132 5116 1356 5185 γνῶσιν,
1388 5117 1548 5170 ποίαν
1575 5117 1684 5171 τῶν
1709 5117 1879 5171 ὄντων

295 5208 514 5279 ἔχοντες
546 5208 911 5277 ὲπιστήμην;
967 5206 1167 5277 Μωρῐα
1210 5206 1385 5262 ταῦτα
1426 5209 1521 5262 καὶ
1568 5208 1736 5279 μανία
1801 5206 1879 5277 τῷ

296 5302 412 5354 δντι
433 5301 632 5370 σαφής.
663 5300 817 5371 Μηδὲ
856 5299 962 5369 γὰρ
987 5301 1121 5363 οἷον,
1146 5293 1191 5353 ὣ
1221 5300 1490 5371 βέλτιστε,
1516 5301 1590 5364 ὡς
1618 5300 1742 5354 εῐτι
1764 5300 1878 5373 (15)

299 5391 572 5463 Πλήθωνι,
605 5393 755 5464 σοφῷ
783 5408 842 5444 τε
863 5393 957 5444 καὶ
976 5393 1210 5464 γενναίῳ
1241 5392 1418 5463 ἀνδρὶ,
1449 5392 1560 5445 εἴτε
1594 5391 1874 5463 Πλωτίνῳ,

376 5552 489 5619 (ιι)
524 5550 599 5612 ὡς
630 5549 883 5604 ἐπιπολὺ.
914 5550 1038 5605 cod.
1070 5550 1231 5605 50.54.

378 5617 490 5694 (l2)
529 5621 648 5675 Vide
685 5620 958 5676 Aristotcl.
992 5622 1164 5676 lib.t:
1202 5622 1338 5690 Περὶ
1365 5617 1635 5691 φυσικῆς
1662 5619 1880 5689 ἀκροά-

305 5710 428 5751 σεω
470 5732 483 5745 .

385 5713 929 5837 (Ιςῦγῐέρετίσματα,
983 5762 1289 5818 ricadarum
1342 5774 1569 5829 nullus,
1629 5765 1876 5819 cantiun-

1978 4553 2102 4607 tlam
2134 4551 2457 4607 hominibus
2488 4552 2746 4622 loquens,
2780 4550 2899 4618 ιιιι,
2948 4552 3144 4624 inquit,
3177 4553 3282 4607 viri
3322 4553 3563 4608 dialecti-

1976 4661 2093 4699 cam
2120 4660 2223 4699 non
2248 4646 2559 4713 attigerunt.
2580 4645 2681 4700 llic
2700 4654 2785 4700 est
2805 4645 2857 4701 ei
2880 4645 3258 4701 conviciorum
3287 4645 3556 4699 cumulus.

2046 4736 2159 4791 Nos
2175 4752 2305 4792 vero
2323 4738 2666 4808 homunculi,
2684 4748 2739 4793 et
2758 4738 2980 4808 quidam
2997 4738 3145 4793 velut
3159 4738 3435 4807 simii‘pra:
3454 4737 3562 4791 illis

1979 4828 2244 4884 heroibus
2277 4828 2548 4896 indoctos,
2574 4806 2690 4885 .heu
2716 4830 2730 4883 l
2759 4806 3032 4901 appellare
3067 4845 3164 4884 eos
3210 4806 3562 4893 audebimus,

1978 4929 2037 4978 et
2049 4921 2298 4976 convicia
2314 4920 2382 4976 de
2408 4921 2655 4990 plaustro
2682 4921 2998 4992 ingeremus
3012 4921 3269 4976 licentius
3284 4936 3448 4990 quam
3472 4935 3566 4974 co-

1980 5016 2189 5072 moedia
2214 5017 2332 5082 ipsa
2362 5013 2416 5068 in
2446 5011 2705 5068 Cleonem
2742 5024 2801 5068 et
2831 5013 3239 5084 Hyperbolum?
3266 5012 3564 5082 Ecquinam

1981 5119 2105 5164 veto
2159 5106 2306 5163 nos?
2337 5105 2452 5173 Qua
2478 5106 2816 5175 cognitione,
2855 5121 2961 5176 qua
2987 5122 3168 5160 rerum
3202 5106 3430 5162 scientia
3481 5106 3567 5161 in-

1980 5200 2213 5258 structi?
2253 5200 2378 5256 iisse
2406 5201 2589 5271 reipsa
2619 5200 2853 5256 stultitia
2884 5210 2990 5269 est,
3032 5202 3297 5273 furorque
3326 5201 3560 5258 manife-

1980 5304 2119 5351 stus.
2149 5292 2292 5350 Cave
2331 5294 2481 5348 enim
2523 5292 2742 5358 credas,
2774 5310 2807 5349 o
2843 5293 3009 5360 boue,
3059 5295 3188 5364 quia
3240 5295 3564 5350 hominibus

1980 5387 2261 5444 Platonem
2288 5394 2343 5440 et
2378 5385 2727 5440 Aristotelem
2780 5385 3118 5456 spirantibus
3146 5402 3242 5443 seu
3289 5385 3560 5463 Plcthoni,

1982 5549 2134 5605 cultv.

2054 5622 2168 5690 (14)
2200 5620 2343 5687 Lego
2374 5618 2622 5690 διμοιξῶνἴ

2053 5688 2167 5761 (l5)
2199 5693 2333 5752 εἴτε,
2368 5694 2494 5744 cod.
2528 5688 2667 5761 50ρι
2700 5704 2722 5761 :A
2747 5688 3023 5761 Pletltouis
3064 5691 3382 5746 utentionem
3406 5688 3567 5746 aditi-

1984 5771 2091 5817 mm
2123 5759 2248 5833 puto
2281 5762 2342 5814 ab
2374 5761 2547 5831 inepto
2584 5759 2852 5816 Plu/iouis
2879 5760 3239 5827 admiratorc._
