  <div class='ocr_page' id='page_1' title='image "/cluster/home/n/w/nwhite01/storage/ocr_20150623/161/hvd.32044073502700/462.png"; bbox 0 0 3880 6220; ppageno 0'>
   <div class='ocr_carea' id='block_1_1' title="bbox 266 305 370 369">
    <p class='ocr_par' dir='ltr' id='par_1_1' title="bbox 266 305 370 369">
     <span class='ocr_line' id='line_1_1' title="bbox 266 305 370 369; baseline 0 -1"><span class='ocrx_word' id='word_1_1' title='bbox 266 305 370 369; x_wconf 78' lang='lat'><strong>689</strong></span> 
     </span>
    </p>
   </div>
   <div class='ocr_carea' id='block_1_2' title="bbox 1689 309 2097 371">
    <p class='ocr_par' dir='ltr' id='par_1_2' title="bbox 1689 309 2097 371">
     <span class='ocr_line' id='line_1_2' title="bbox 1689 309 2097 371; baseline 0.01 -4"><span class='ocrx_word' id='word_1_2' title='bbox 1689 309 1734 367; x_wconf 86' lang='lat' dir='ltr'><strong>E</strong></span> <span class='ocrx_word' id='word_1_3' title='bbox 1743 310 1783 368; x_wconf 87' lang='grc' dir='ltr'><strong>Ρ</strong></span> <span class='ocrx_word' id='word_1_4' title='bbox 1795 310 1808 367; x_wconf 90' lang='lat' dir='ltr'><strong>l</strong></span> <span class='ocrx_word' id='word_1_5' title='bbox 1822 309 2008 370; x_wconf 83' lang='lat' dir='ltr'><strong>STOL</strong></span> <span class='ocrx_word' id='word_1_6' title='bbox 2018 310 2097 371; x_wconf 62' lang='lat' dir='ltr'><strong>.‘E.</strong></span> 
     </span>
    </p>
   </div>
   <div class='ocr_carea' id='block_1_3' title="bbox 3429 308 3539 374">
    <p class='ocr_par' dir='ltr' id='par_1_3' title="bbox 3429 308 3539 374">
     <span class='ocr_line' id='line_1_3' title="bbox 3429 308 3539 374; baseline 0.009 -1"><span class='ocrx_word' id='word_1_7' title='bbox 3429 308 3539 374; x_wconf 86' lang='lat'><strong>690</strong></span> 
     </span>
    </p>
   </div>
   <div class='ocr_carea' id='block_1_4' title="bbox 267 420 1879 498">
    <p class='ocr_par' dir='ltr' id='par_1_4' title="bbox 267 420 1850 494">
     <span class='ocr_line' id='line_1_4' title="bbox 267 420 1850 494; baseline 0 -17"><span class='ocrx_word' id='word_1_8' title='bbox 267 421 710 492; x_wconf 78' lang='grc' dir='ltr'>ἁπορῤίπτοντος</span> <span class='ocrx_word' id='word_1_9' title='bbox 739 437 752 450; x_wconf 87' lang='grc'><strong>·</strong></span> <span class='ocrx_word' id='word_1_10' title='bbox 787 420 947 492; x_wconf 74' lang='grc' dir='ltr'>μήτοι</span> <span class='ocrx_word' id='word_1_11' title='bbox 991 437 1053 489; x_wconf 90' lang='grc' dir='ltr'><strong>γε</strong></span> <span class='ocrx_word' id='word_1_12' title='bbox 1102 420 1221 487; x_wconf 81' lang='grc' dir='ltr'>σοῦ,</span> <span class='ocrx_word' id='word_1_13' title='bbox 1283 423 1449 492; x_wconf 81' lang='grc' dir='ltr'>μήπω</span> <span class='ocrx_word' id='word_1_14' title='bbox 1498 423 1684 494; x_wconf 62' lang='grc' dir='ltr'>μηδὲν</span> <span class='ocrx_word' id='word_1_15' title='bbox 1721 426 1850 494; x_wconf 73' lang='grc' dir='ltr'>περὶ</span> 
     </span>
    </p>
   </div>
   <div class='ocr_carea' id='block_1_5' title="bbox 1989 420 3538 498">
    <p class='ocr_par' dir='ltr' id='par_1_5' title="bbox 1989 423 3538 498">
     <span class='ocr_line' id='line_1_5' title="bbox 1989 423 3538 498; baseline -0.001 -18"><span class='ocrx_word' id='word_1_16' title='bbox 1989 426 2180 481; x_wconf 83' lang='lat' dir='ltr'><strong>honem</strong></span> <span class='ocrx_word' id='word_1_17' title='bbox 2218 425 2419 497; x_wconf 89' lang='lat' dir='ltr'><strong>ipsum,</strong></span> <span class='ocrx_word' id='word_1_18' title='bbox 2457 425 2725 498; x_wconf 85' lang='lat' dir='ltr'><strong>ejusmodi</strong></span> <span class='ocrx_word' id='word_1_19' title='bbox 2768 425 2972 490; x_wconf 91' lang='lat' dir='ltr'><strong>virum,</strong></span> <span class='ocrx_word' id='word_1_20' title='bbox 3002 439 3128 479; x_wconf 92' lang='lat' dir='ltr'><strong>eum</strong></span> <span class='ocrx_word' id='word_1_21' title='bbox 3178 423 3232 478; x_wconf 93' lang='lat' dir='ltr'><strong>in</strong></span> <span class='ocrx_word' id='word_1_22' title='bbox 3265 425 3538 480; x_wconf 80' lang='lat' dir='ltr'><strong>Aristote-</strong></span> 
     </span>
    </p>
   </div>
   <div class='ocr_carea' id='block_1_6' title="bbox 269 503 1212 586">
    <p class='ocr_par' dir='ltr' id='par_1_6' title="bbox 269 503 1212 586">
     <span class='ocr_line' id='line_1_6' title="bbox 269 503 1212 586; baseline -0.003 -15"><span class='ocrx_word' id='word_1_23' title='bbox 269 518 382 571; x_wconf 81' lang='grc' dir='ltr'><strong>τῶν</strong></span> <span class='ocrx_word' id='word_1_24' title='bbox 417 531 481 585; x_wconf 91' lang='grc' dir='ltr'><strong>γε</strong></span> <span class='ocrx_word' id='word_1_25' title='bbox 519 512 782 568; x_wconf 83' lang='grc' dir='ltr'>τοιούτων</span> <span class='ocrx_word' id='word_1_26' title='bbox 813 503 1212 586; x_wconf 76' lang='grc' dir='ltr'>ἠκριϐωκότος.</span> 
     </span>
    </p>
   </div>
   <div class='ocr_carea' id='block_1_7' title="bbox 343 689 1855 768">
    <p class='ocr_par' dir='ltr' id='par_1_7' title="bbox 343 689 1855 768">
     <span class='ocr_line' id='line_1_7' title="bbox 343 689 1855 768; baseline -0.001 -19"><span class='ocrx_word' id='word_1_27' title='bbox 343 693 411 749; x_wconf 81' lang='grc' dir='ltr'><strong>Εἴ</strong></span> <span class='ocrx_word' id='word_1_28' title='bbox 428 713 482 748; x_wconf 92' lang='grc' dir='ltr'><strong>τι</strong></span> <span class='ocrx_word' id='word_1_29' title='bbox 515 689 610 750; x_wconf 76' lang='grc' dir='ltr'>οὖν</span> <span class='ocrx_word' id='word_1_30' title='bbox 643 694 768 764; x_wconf 80' lang='grc' dir='ltr'>ἐμοὶ</span> <span class='ocrx_word' id='word_1_31' title='bbox 799 695 984 764; x_wconf 87' lang='grc' dir='ltr'>πείοη,</span> <span class='ocrx_word' id='word_1_32' title='bbox 1013 695 1108 748; x_wconf 73' lang='grc' dir='ltr'><strong>καὶ</strong></span> <span class='ocrx_word' id='word_1_33' title='bbox 1148 695 1412 750; x_wconf 80' lang='grc' dir='ltr'>Πλάτωνα</span> <span class='ocrx_word' id='word_1_34' title='bbox 1472 697 1570 749; x_wconf 76' lang='grc' dir='ltr'><strong>καὶ</strong></span> <span class='ocrx_word' id='word_1_35' title='bbox 1611 698 1855 768; x_wconf 77' lang='grc' dir='ltr'>Ἀριστο-</span> 
     </span>
    </p>
   </div>
   <div class='ocr_carea' id='block_1_8' title="bbox 272 785 1857 858">
    <p class='ocr_par' dir='ltr' id='par_1_8' title="bbox 272 785 1857 858">
     <span class='ocr_line' id='line_1_8' title="bbox 272 785 1857 858; baseline 0 -18"><span class='ocrx_word' id='word_1_36' title='bbox 272 788 404 856; x_wconf 82' lang='grc' dir='ltr'>τέλη</span> <span class='ocrx_word' id='word_1_37' title='bbox 435 785 806 857; x_wconf 78' lang='grc' dir='ltr'><strong>σοφωτάτους,</strong></span> <span class='ocrx_word' id='word_1_38' title='bbox 853 786 1180 856; x_wconf 73' lang='grc' dir='ltr'>ἡγούμενος,</span> <span class='ocrx_word' id='word_1_39' title='bbox 1230 789 1353 841; x_wconf 87' lang='grc' dir='ltr'>κατ’</span> <span class='ocrx_word' id='word_1_40' title='bbox 1386 789 1527 858; x_wconf 72' lang='grc' dir='ltr'>ἴχνος</span> <span class='ocrx_word' id='word_1_41' title='bbox 1556 805 1616 842; x_wconf 85' lang='grc' dir='ltr'><strong>τε</strong></span> <span class='ocrx_word' id='word_1_42' title='bbox 1648 790 1857 852; x_wconf 84' lang='grc' dir='ltr'>τούτοις</span> 
     </span>
    </p>
   </div>
   <div class='ocr_carea' id='block_1_9' title="bbox 274 879 1858 950">
    <p class='ocr_par' dir='ltr' id='par_1_9' title="bbox 274 879 1858 950">
     <span class='ocr_line' id='line_1_9' title="bbox 274 879 1858 950; baseline 0.002 -17"><span class='ocrx_word' id='word_1_43' title='bbox 274 881 565 949; x_wconf 62' lang='grc' dir='ltr'>ἑπόμενος,</span> <span class='ocrx_word' id='word_1_44' title='bbox 634 879 896 948; x_wconf 84' lang='grc' dir='ltr'>ἑκάτερον</span> <span class='ocrx_word' id='word_1_45' title='bbox 961 882 1208 950; x_wconf 76' lang='grc' dir='ltr'><strong>ἡγεμόνα</strong></span> <span class='ocrx_word' id='word_1_46' title='bbox 1269 899 1328 935; x_wconf 85' lang='grc' dir='ltr'><strong>τε</strong></span> <span class='ocrx_word' id='word_1_47' title='bbox 1389 883 1591 938; x_wconf 77' lang='grc' dir='ltr'><strong>σαυτοῦ</strong></span> <span class='ocrx_word' id='word_1_48' title='bbox 1661 883 1858 950; x_wconf 83' lang='grc' dir='ltr'>ποιοῦ,</span> 
     </span>
    </p>
   </div>
   <div class='ocr_carea' id='block_1_10' title="bbox 277 968 1862 1041">
    <p class='ocr_par' dir='ltr' id='par_1_10' title="bbox 277 968 1862 1041">
     <span class='ocr_line' id='line_1_10' title="bbox 277 968 1862 1041; baseline 0 -18"><span class='ocrx_word' id='word_1_49' title='bbox 277 970 441 1041; x_wconf 75' lang='grc' dir='ltr'>σχολῇ</span> <span class='ocrx_word' id='word_1_50' title='bbox 502 987 562 1023; x_wconf 88' lang='grc' dir='ltr'><strong>τε</strong></span> <span class='ocrx_word' id='word_1_51' title='bbox 615 971 713 1022; x_wconf 79' lang='grc' dir='ltr'><strong>καὶ</strong></span> <span class='ocrx_word' id='word_1_52' title='bbox 764 970 997 1040; x_wconf 77' lang='grc' dir='ltr'>μελέτῃ,</span> <span class='ocrx_word' id='word_1_53' title='bbox 1061 971 1407 1034; x_wconf 69' lang='grc' dir='ltr'>διδασκάλοις</span> <span class='ocrx_word' id='word_1_54' title='bbox 1472 989 1531 1023; x_wconf 91' lang='grc' dir='ltr'><strong>τε</strong></span> <span class='ocrx_word' id='word_1_55' title='bbox 1588 968 1667 1033; x_wconf 81' lang='grc' dir='ltr'>οἷς</span> <span class='ocrx_word' id='word_1_56' title='bbox 1710 972 1862 1036; x_wconf 77' lang='grc' dir='ltr'>ἄξιον</span> 
     </span>
    </p>
   </div>
   <div class='ocr_carea' id='block_1_11' title="bbox 275 1059 1863 1132">
    <p class='ocr_par' dir='ltr' id='par_1_11' title="bbox 275 1059 1863 1132">
     <span class='ocr_line' id='line_1_11' title="bbox 275 1059 1863 1132; baseline 0.003 -22"><span class='ocrx_word' id='word_1_57' title='bbox 275 1059 600 1131; x_wconf 78' lang='grc' dir='ltr'>χρώμενος,</span> <span class='ocrx_word' id='word_1_58' title='bbox 664 1059 860 1130; x_wconf 74' lang='grc' dir='ltr'>πρῶτα</span> <span class='ocrx_word' id='word_1_59' title='bbox 919 1060 1020 1129; x_wconf 82' lang='grc' dir='ltr'><strong>μὲν</strong></span> <span class='ocrx_word' id='word_1_60' title='bbox 1072 1063 1310 1116; x_wconf 81' lang='grc' dir='ltr'>συνεῖναι</span> <span class='ocrx_word' id='word_1_61' title='bbox 1357 1062 1449 1114; x_wconf 70' lang='grc' dir='ltr'>τοῦ</span> <span class='ocrx_word' id='word_1_62' title='bbox 1515 1063 1711 1132; x_wconf 83' lang='grc' dir='ltr'>βάθους</span> <span class='ocrx_word' id='word_1_63' title='bbox 1756 1063 1863 1114; x_wconf 84' lang='grc' dir='ltr'>τῶν</span> 
     </span>
    </p>
   </div>
   <div class='ocr_carea' id='block_1_12' title="bbox 278 1152 1863 1226">
    <p class='ocr_par' dir='ltr' id='par_1_12' title="bbox 278 1152 1863 1226">
     <span class='ocr_line' id='line_1_12' title="bbox 278 1152 1863 1226; baseline 0 -18"><span class='ocrx_word' id='word_1_64' title='bbox 278 1157 373 1208; x_wconf 77' lang='grc' dir='ltr'>ύπιι</span> <span class='ocrx_word' id='word_1_65' title='bbox 403 1153 586 1208; x_wconf 75' lang='grc' dir='ltr'>αὐτῶν</span> <span class='ocrx_word' id='word_1_66' title='bbox 637 1153 946 1222; x_wconf 71' lang='grc' dir='ltr'><strong>εἰρημένων</strong></span> <span class='ocrx_word' id='word_1_67' title='bbox 999 1152 1305 1206; x_wconf 79' lang='grc' dir='ltr'><strong>σπούδασον</strong></span> <span class='ocrx_word' id='word_1_68' title='bbox 1338 1171 1350 1184; x_wconf 77' lang='grc' dir='ltr'><strong><em>ο</em></strong></span> <span class='ocrx_word' id='word_1_69' title='bbox 1400 1155 1520 1207; x_wconf 73' lang='grc' dir='ltr'>οὐδὲ</span> <span class='ocrx_word' id='word_1_70' title='bbox 1557 1155 1667 1226; x_wconf 79' lang='grc' dir='ltr'>γὰρ</span> <span class='ocrx_word' id='word_1_71' title='bbox 1727 1157 1863 1208; x_wconf 74' lang='grc' dir='ltr'>πᾶσι</span> 
     </span>
    </p>
   </div>
   <div class='ocr_carea' id='block_1_13' title="bbox 275 1243 1863 1317">
    <p class='ocr_par' dir='ltr' id='par_1_13' title="bbox 275 1243 1863 1317">
     <span class='ocr_line' id='line_1_13' title="bbox 275 1243 1863 1317; baseline 0.001 -19"><span class='ocrx_word' id='word_1_72' title='bbox 275 1248 390 1310; x_wconf 81' lang='grc' dir='ltr'>τοῖς</span> <span class='ocrx_word' id='word_1_73' title='bbox 414 1245 761 1315; x_wconf 74' lang='grc' dir='ltr'><strong>βουλομένοις</strong></span> <span class='ocrx_word' id='word_1_74' title='bbox 786 1243 1033 1313; x_wconf 73' lang='grc' dir='ltr'>εὔληπτα</span> <span class='ocrx_word' id='word_1_75' title='bbox 1068 1245 1287 1313; x_wconf 79' lang='grc' dir='ltr'>λέγουσι</span> <span class='ocrx_word' id='word_1_76' title='bbox 1323 1245 1400 1299; x_wconf 87' lang='grc' dir='ltr'>τὼ</span> <span class='ocrx_word' id='word_1_77' title='bbox 1431 1246 1591 1317; x_wconf 79' lang='grc' dir='ltr'>ἄνδρε</span> <span class='ocrx_word' id='word_1_78' title='bbox 1625 1262 1642 1280; x_wconf 77' lang='grc' dir='ltr'><strong><em>ο</em></strong></span> <span class='ocrx_word' id='word_1_79' title='bbox 1672 1248 1863 1300; x_wconf 76' lang='grc' dir='ltr'>ἔπειτα</span> 
     </span>
    </p>
   </div>
   <div class='ocr_carea' id='block_1_14' title="bbox 277 1336 1864 1408">
    <p class='ocr_par' dir='ltr' id='par_1_14' title="bbox 277 1336 1864 1408">
     <span class='ocr_line' id='line_1_14' title="bbox 277 1336 1864 1408; baseline -0.001 -15"><span class='ocrx_word' id='word_1_80' title='bbox 277 1340 374 1393; x_wconf 75' lang='grc' dir='ltr'><strong>καὶ</strong></span> <span class='ocrx_word' id='word_1_81' title='bbox 403 1341 456 1392; x_wconf 80' lang='grc' dir='ltr'><strong>εί</strong></span> <span class='ocrx_word' id='word_1_82' title='bbox 480 1355 533 1390; x_wconf 88' lang='grc' dir='ltr'><strong>τι</strong></span> <span class='ocrx_word' id='word_1_83' title='bbox 571 1336 960 1407; x_wconf 81' lang='grc' dir='ltr'>διαφέρεσθον,</span> <span class='ocrx_word' id='word_1_84' title='bbox 1001 1338 1100 1390; x_wconf 66' lang='grc' dir='ltr'>οὐκ</span> <span class='ocrx_word' id='word_1_85' title='bbox 1157 1337 1418 1408; x_wconf 80' lang='grc' dir='ltr'>ἀμαθίας,</span> <span class='ocrx_word' id='word_1_86' title='bbox 1478 1338 1680 1404; x_wconf 75' lang='grc' dir='ltr'>ἄπαγε,</span> <span class='ocrx_word' id='word_1_87' title='bbox 1728 1337 1864 1391; x_wconf 76' lang='grc' dir='ltr'>ἀλλὰ</span> 
     </span>
    </p>
   </div>
   <div class='ocr_carea' id='block_1_15' title="bbox 276 1429 1865 1500">
    <p class='ocr_par' dir='ltr' id='par_1_15' title="bbox 276 1429 1865 1500">
     <span class='ocr_line' id='line_1_15' title="bbox 276 1429 1865 1500; baseline -0.001 -18"><span class='ocrx_word' id='word_1_88' title='bbox 276 1431 378 1497; x_wconf 74' lang='grc' dir='ltr'>τῆς</span> <span class='ocrx_word' id='word_1_89' title='bbox 408 1429 653 1500; x_wconf 72' lang='grc' dir='ltr'>μεγάλης</span> <span class='ocrx_word' id='word_1_90' title='bbox 681 1446 741 1481; x_wconf 90' lang='grc' dir='ltr'><strong>τε</strong></span> <span class='ocrx_word' id='word_1_91' title='bbox 762 1429 948 1481; x_wconf 75' lang='grc' dir='ltr'>αὑτοῖν</span> <span class='ocrx_word' id='word_1_92' title='bbox 979 1429 1104 1498; x_wconf 71' lang='grc' dir='ltr'>περὶ</span> <span class='ocrx_word' id='word_1_93' title='bbox 1135 1429 1328 1496; x_wconf 81' lang='grc' dir='ltr'>λόγους</span> <span class='ocrx_word' id='word_1_94' title='bbox 1355 1429 1636 1498; x_wconf 73' lang='grc' dir='ltr'>δυνᾶμεὼς</span> <span class='ocrx_word' id='word_1_95' title='bbox 1682 1447 1739 1481; x_wconf 89' lang='grc' dir='ltr'><strong>τε</strong></span> <span class='ocrx_word' id='word_1_96' title='bbox 1775 1429 1865 1480; x_wconf 58' lang='grc' dir='ltr'><strong>καὶ</strong></span> 
     </span>
    </p>
   </div>
   <div class='ocr_carea' id='block_1_16' title="bbox 277 1519 1864 1590">
    <p class='ocr_par' dir='ltr' id='par_1_16' title="bbox 277 1519 1864 1590">
     <span class='ocr_line' id='line_1_16' title="bbox 277 1519 1864 1590; baseline -0.002 -15"><span class='ocrx_word' id='word_1_97' title='bbox 277 1521 466 1586; x_wconf 78' lang='grc' dir='ltr'>ἕξεως,</span> <span class='ocrx_word' id='word_1_98' title='bbox 504 1522 598 1573; x_wconf 73' lang='grc' dir='ltr'><strong>καὶ</strong></span> <span class='ocrx_word' id='word_1_99' title='bbox 626 1521 726 1589; x_wconf 81' lang='grc' dir='ltr'><strong>τῆς</strong></span> <span class='ocrx_word' id='word_1_100' title='bbox 749 1520 858 1573; x_wconf 81' lang='grc' dir='ltr'><strong>τῶν</strong></span> <span class='ocrx_word' id='word_1_101' title='bbox 916 1521 1273 1589; x_wconf 71' lang='grc' dir='ltr'><strong>ζητημάτων,</strong></span> <span class='ocrx_word' id='word_1_102' title='bbox 1332 1519 1421 1574; x_wconf 79' lang='grc' dir='ltr'>διὰ</span> <span class='ocrx_word' id='word_1_103' title='bbox 1471 1521 1532 1572; x_wconf 87' lang='grc' dir='ltr'><strong>τδ</strong></span> <span class='ocrx_word' id='word_1_104' title='bbox 1561 1519 1758 1590; x_wconf 77' lang='grc' dir='ltr'>ἄδηλόν</span> <span class='ocrx_word' id='word_1_105' title='bbox 1805 1536 1864 1572; x_wconf 87' lang='grc' dir='ltr'><strong>τε</strong></span> 
     </span>
    </p>
   </div>
   <div class='ocr_carea' id='block_1_17' title="bbox 277 1607 1866 1684">
    <p class='ocr_par' dir='ltr' id='par_1_17' title="bbox 277 1607 1866 1684">
     <span class='ocr_line' id='line_1_17' title="bbox 277 1607 1866 1684; baseline -0.001 -18"><span class='ocrx_word' id='word_1_106' title='bbox 277 1613 458 1667; x_wconf 74' lang='grc' dir='ltr'>αὐτῶν</span> <span class='ocrx_word' id='word_1_107' title='bbox 491 1615 584 1668; x_wconf 63' lang='grc' dir='ltr'><strong>καὶ</strong></span> <span class='ocrx_word' id='word_1_108' title='bbox 626 1612 702 1682; x_wconf 80' lang='grc' dir='ltr'>μὴ</span> <span class='ocrx_word' id='word_1_109' title='bbox 736 1611 930 1681; x_wconf 82' lang='grc' dir='ltr'>σαφὲς,</span> <span class='ocrx_word' id='word_1_110' title='bbox 971 1613 1058 1666; x_wconf 78' lang='grc' dir='ltr'>ἐπ’</span> <span class='ocrx_word' id='word_1_111' title='bbox 1091 1614 1383 1683; x_wconf 67' lang='grc' dir='ltr'>ἀμφότερα</span> <span class='ocrx_word' id='word_1_112' title='bbox 1412 1613 1608 1684; x_wconf 63' lang='grc' dir='ltr'>ῥοπῆς,</span> <span class='ocrx_word' id='word_1_113' title='bbox 1638 1607 1866 1681; x_wconf 80' lang='grc' dir='ltr'>σημεῖον</span> 
     </span>
    </p>
   </div>
   <div class='ocr_carea' id='block_1_18' title="bbox 277 1703 1866 1774">
    <p class='ocr_par' dir='ltr' id='par_1_18' title="bbox 277 1703 1866 1774">
     <span class='ocr_line' id='line_1_18' title="bbox 277 1703 1866 1774; baseline -0.001 -18"><span class='ocrx_word' id='word_1_114' title='bbox 277 1705 624 1773; x_wconf 82' lang='grc' dir='ltr'>ποιούμενος,</span> <span class='ocrx_word' id='word_1_115' title='bbox 657 1703 940 1772; x_wconf 79' lang='grc' dir='ltr'>θαύμασον</span> <span class='ocrx_word' id='word_1_116' title='bbox 974 1707 1072 1774; x_wconf 84' lang='grc' dir='ltr'><strong>μὲν</strong></span> <span class='ocrx_word' id='word_1_117' title='bbox 1105 1704 1202 1774; x_wconf 79' lang='grc' dir='ltr'>τὴν</span> <span class='ocrx_word' id='word_1_118' title='bbox 1234 1705 1456 1757; x_wconf 69' lang='grc' dir='ltr'>ἐκείνων</span> <span class='ocrx_word' id='word_1_119' title='bbox 1508 1703 1726 1772; x_wconf 81' lang='grc' dir='ltr'>σοφίαν,</span> <span class='ocrx_word' id='word_1_120' title='bbox 1759 1705 1866 1771; x_wconf 77' lang='grc' dir='ltr'>ἁμ-</span> 
     </span>
    </p>
   </div>
   <div class='ocr_carea' id='block_1_19' title="bbox 1961 512 3577 590">
    <p class='ocr_par' dir='ltr' id='par_1_19' title="bbox 1961 512 3577 590">
     <span class='ocr_line' id='line_1_19' title="bbox 1961 512 3577 590; baseline -0.002 -16"><span class='ocrx_word' id='word_1_121' title='bbox 1961 520 2064 574; x_wconf 88' lang='lat' dir='ltr'><strong>lem</strong></span> <span class='ocrx_word' id='word_1_122' title='bbox 2102 520 2225 576; x_wconf 88' lang='lat' dir='ltr'><strong>talia</strong></span> <span class='ocrx_word' id='word_1_123' title='bbox 2256 520 2517 590; x_wconf 75' lang='lat' dir='ltr'><strong>proiecit;</strong></span> <span class='ocrx_word' id='word_1_124' title='bbox 2550 521 2750 575; x_wconf 97' lang='lat' dir='ltr'><strong>nedum</strong></span> <span class='ocrx_word' id='word_1_125' title='bbox 2779 531 2852 587; x_wconf 89' lang='lat' dir='ltr'><strong>te,</strong></span> <span class='ocrx_word' id='word_1_126' title='bbox 2886 520 2980 589; x_wconf 90' lang='lat' dir='ltr'><strong>qui</strong></span> <span class='ocrx_word' id='word_1_127' title='bbox 3011 519 3064 573; x_wconf 89' lang='lat' dir='ltr'><strong>in</strong></span> <span class='ocrx_word' id='word_1_128' title='bbox 3096 518 3164 573; x_wconf 90' lang='lat' dir='ltr'><strong>iis</strong></span> <span class='ocrx_word' id='word_1_129' title='bbox 3196 517 3362 572; x_wconf 79' lang='lat' dir='ltr'><strong>rebus</strong></span> <span class='ocrx_word' id='word_1_130' title='bbox 3400 512 3577 572; x_wconf 77' lang='lat' dir='ltr'><strong>non-&#39;</strong></span> 
     </span>
    </p>
   </div>
   <div class='ocr_carea' id='block_1_20' title="bbox 1961 611 2807 680">
    <p class='ocr_par' dir='ltr' id='par_1_20' title="bbox 1961 611 2807 680">
     <span class='ocr_line' id='line_1_20' title="bbox 1961 611 2807 680; baseline -0.001 -16"><span class='ocrx_word' id='word_1_131' title='bbox 1961 611 2092 664; x_wconf 90' lang='lat' dir='ltr'><strong>dum</strong></span> <span class='ocrx_word' id='word_1_132' title='bbox 2121 611 2424 680; x_wconf 74' lang='lat' dir='ltr'><strong>quidquam</strong></span> <span class='ocrx_word' id='word_1_133' title='bbox 2453 611 2807 666; x_wconf 88' lang='lat' dir='ltr'><strong>accuravisti.</strong></span> 
     </span>
    </p>
   </div>
   <div class='ocr_carea' id='block_1_21' title="bbox 2033 697 3546 772">
    <p class='ocr_par' dir='ltr' id='par_1_21' title="bbox 2033 697 3546 772">
     <span class='ocr_line' id='line_1_21' title="bbox 2033 697 3546 772; baseline -0.002 -18"><span class='ocrx_word' id='word_1_134' title='bbox 2033 702 2086 754; x_wconf 90' lang='lat' dir='ltr'><strong>Si</strong></span> <span class='ocrx_word' id='word_1_135' title='bbox 2125 702 2256 770; x_wconf 88' lang='lat' dir='ltr'><strong>quid</strong></span> <span class='ocrx_word' id='word_1_136' title='bbox 2297 717 2428 772; x_wconf 81' lang='lat' dir='ltr'><strong>ergo</strong></span> <span class='ocrx_word' id='word_1_137' title='bbox 2470 703 2600 756; x_wconf 88' lang='lat' dir='ltr'><strong>mihi</strong></span> <span class='ocrx_word' id='word_1_138' title='bbox 2634 703 2836 766; x_wconf 87' lang='lat' dir='ltr'><strong>credis,</strong></span> <span class='ocrx_word' id='word_1_139' title='bbox 2871 701 3158 756; x_wconf 77' lang='lat' dir='ltr'><strong>Platonem</strong></span> <span class='ocrx_word' id='word_1_140' title='bbox 3214 707 3270 754; x_wconf 86' lang='grc' dir='ltr'><strong>ιιι</strong></span> <span class='ocrx_word' id='word_1_141' title='bbox 3317 711 3373 754; x_wconf 92' lang='lat' dir='ltr'><strong>et</strong></span> <span class='ocrx_word' id='word_1_142' title='bbox 3422 697 3546 752; x_wconf 79' lang='lat' dir='ltr'><strong>Art-</strong></span> 
     </span>
    </p>
   </div>
   <div class='ocr_carea' id='block_1_22' title="bbox 1961 791 3545 864">
    <p class='ocr_par' dir='ltr' id='par_1_22' title="bbox 1961 791 3545 864">
     <span class='ocr_line' id='line_1_22' title="bbox 1961 791 3545 864; baseline 0 -18"><span class='ocrx_word' id='word_1_143' title='bbox 1961 792 2214 846; x_wconf 80' lang='lat' dir='ltr'><strong>stotelem</strong></span> <span class='ocrx_word' id='word_1_144' title='bbox 2259 794 2699 863; x_wconf 73' lang='lat' dir='ltr'><strong>sapientissimos</strong></span> <span class='ocrx_word' id='word_1_145' title='bbox 2731 804 2952 864; x_wconf 90' lang='lat' dir='ltr'><strong>putans,</strong></span> <span class='ocrx_word' id='word_1_146' title='bbox 2984 802 3041 847; x_wconf 89' lang='lat' dir='ltr'><strong>et</strong></span> <span class='ocrx_word' id='word_1_147' title='bbox 3069 792 3264 846; x_wconf 89' lang='lat' dir='ltr'><strong>horum</strong></span> <span class='ocrx_word' id='word_1_148' title='bbox 3299 791 3545 863; x_wconf 76' lang='lat' dir='ltr'><strong>vestigiis</strong></span> 
     </span>
    </p>
   </div>
   <div class='ocr_carea' id='block_1_23' title="bbox 1965 883 3544 954">
    <p class='ocr_par' dir='ltr' id='par_1_23' title="bbox 1965 883 3544 954">
     <span class='ocr_line' id='line_1_23' title="bbox 1965 883 3544 954; baseline 0.001 -18"><span class='ocrx_word' id='word_1_149' title='bbox 1965 883 2222 939; x_wconf 77' lang='lat' dir='ltr'><strong>insistens</strong></span> <span class='ocrx_word' id='word_1_150' title='bbox 2243 923 2259 948; x_wconf 93' lang='lat'><strong>,</strong></span> <span class='ocrx_word' id='word_1_151' title='bbox 2293 884 2372 938; x_wconf 92' lang='lat' dir='ltr'><strong>tui</strong></span> <span class='ocrx_word' id='word_1_152' title='bbox 2403 893 2700 954; x_wconf 89' lang='lat' dir='ltr'><strong>utrumque</strong></span> <span class='ocrx_word' id='word_1_153' title='bbox 2748 885 2943 940; x_wconf 89' lang='lat' dir='ltr'><strong>ducem</strong></span> <span class='ocrx_word' id='word_1_154' title='bbox 2974 884 3164 939; x_wconf 79' lang='lat' dir='ltr'><strong>facito.</strong></span> <span class='ocrx_word' id='word_1_155' title='bbox 3195 884 3404 938; x_wconf 87' lang='lat' dir='ltr'><strong>Tmnet</strong></span> <span class='ocrx_word' id='word_1_156' title='bbox 3429 885 3544 938; x_wconf 85' lang='lat' dir='ltr'><strong>otio</strong></span> 
     </span>
    </p>
   </div>
   <div class='ocr_carea' id='block_1_24' title="bbox 1963 977 3543 1046">
    <p class='ocr_par' dir='ltr' id='par_1_24' title="bbox 1963 977 3543 1046">
     <span class='ocr_line' id='line_1_24' title="bbox 1963 977 3543 1046; baseline 0 -16"><span class='ocrx_word' id='word_1_157' title='bbox 1963 985 2018 1030; x_wconf 92' lang='lat' dir='ltr'><strong>et</strong></span> <span class='ocrx_word' id='word_1_158' title='bbox 2043 977 2423 1041; x_wconf 71' lang='lat' dir='ltr'><strong>meditatione,</strong></span> <span class='ocrx_word' id='word_1_159' title='bbox 2454 988 2507 1031; x_wconf 91' lang='lat' dir='ltr'><strong>ct</strong></span> <span class='ocrx_word' id='word_1_160' title='bbox 2546 978 2821 1043; x_wconf 72' lang='lat' dir='ltr'><strong>magiStris</strong></span> <span class='ocrx_word' id='word_1_161' title='bbox 2865 993 3020 1037; x_wconf 88' lang='lat' dir='ltr'><strong>usus.</strong></span> <span class='ocrx_word' id='word_1_162' title='bbox 3050 977 3252 1045; x_wconf 88' lang='lat' dir='ltr'><strong>quibus</strong></span> <span class='ocrx_word' id='word_1_163' title='bbox 3301 992 3397 1046; x_wconf 86' lang='lat' dir='ltr'><strong>par</strong></span> <span class='ocrx_word' id='word_1_164' title='bbox 3435 987 3543 1040; x_wconf 88' lang='lat' dir='ltr'><strong>est,</strong></span> 
     </span>
    </p>
   </div>
   <div class='ocr_carea' id='block_1_25' title="bbox 1965 1057 3545 1139">
    <p class='ocr_par' dir='ltr' id='par_1_25' title="bbox 1965 1057 3545 1139">
     <span class='ocr_line' id='line_1_25' title="bbox 1965 1057 3545 1139; baseline 0.002 -19"><span class='ocrx_word' id='word_1_165' title='bbox 1965 1067 2203 1136; x_wconf 87' lang='lat' dir='ltr'><strong>primum</strong></span> <span class='ocrx_word' id='word_1_166' title='bbox 2235 1067 2457 1136; x_wconf 84' lang='lat' dir='ltr'><strong>quidem</strong></span> <span class='ocrx_word' id='word_1_167' title='bbox 2487 1069 2540 1123; x_wconf 91' lang='lat' dir='ltr'><strong>in</strong></span> <span class='ocrx_word' id='word_1_168' title='bbox 2582 1070 2634 1123; x_wconf 92' lang='lat' dir='ltr'><strong>id</strong></span> <span class='ocrx_word' id='word_1_169' title='bbox 2663 1070 2946 1134; x_wconf 87' lang='lat' dir='ltr'><strong>incumbe,</strong></span> <span class='ocrx_word' id='word_1_170' title='bbox 2981 1079 3041 1124; x_wconf 91' lang='lat' dir='ltr'><strong>ut</strong></span> <span class='ocrx_word' id='word_1_171' title='bbox 3070 1086 3264 1124; x_wconf 89' lang='lat' dir='ltr'><strong>eorum</strong></span> <span class='ocrx_word' id='word_1_172' title='bbox 3321 1057 3444 1139; x_wconf 66' lang='lat' dir='ltr'><strong>qum</strong></span> <span class='ocrx_word' id='word_1_173' title='bbox 3475 1071 3545 1123; x_wconf 80' lang='lat' dir='ltr'><strong>ab</strong></span> 
     </span>
    </p>
   </div>
   <div class='ocr_carea' id='block_1_26' title="bbox 1964 1160 3548 1233">
    <p class='ocr_par' dir='ltr' id='par_1_26' title="bbox 1964 1160 3548 1233">
     <span class='ocr_line' id='line_1_26' title="bbox 1964 1160 3548 1233; baseline 0.002 -20"><span class='ocrx_word' id='word_1_174' title='bbox 1964 1160 2236 1215; x_wconf 88' lang='lat' dir='ltr'><strong>ambobus</strong></span> <span class='ocrx_word' id='word_1_175' title='bbox 2262 1162 2372 1216; x_wconf 89' lang='lat' dir='ltr'><strong>illis</strong></span> <span class='ocrx_word' id='word_1_176' title='bbox 2401 1162 2546 1218; x_wconf 86' lang='lat' dir='ltr'><strong>dicta</strong></span> <span class='ocrx_word' id='word_1_177' title='bbox 2579 1173 2708 1216; x_wconf 89' lang='lat' dir='ltr'><strong>sunt</strong></span> <span class='ocrx_word' id='word_1_178' title='bbox 2736 1162 3071 1233; x_wconf 77' lang='lat' dir='ltr'><strong>profundum</strong></span> <span class='ocrx_word' id='word_1_179' title='bbox 3100 1179 3323 1218; x_wconf 85' lang='lat' dir='ltr'><strong>sensum</strong></span> <span class='ocrx_word' id='word_1_180' title='bbox 3363 1163 3548 1232; x_wconf 86' lang='lat' dir='ltr'><strong>perci-</strong></span> 
     </span>
    </p>
   </div>
   <div class='ocr_carea' id='block_1_27' title="bbox 1967 1251 3547 1323">
    <p class='ocr_par' dir='ltr' id='par_1_27' title="bbox 1967 1251 3547 1323">
     <span class='ocr_line' id='line_1_27' title="bbox 1967 1251 3547 1323; baseline 0.003 -20"><span class='ocrx_word' id='word_1_181' title='bbox 1967 1252 2101 1320; x_wconf 89' lang='lat' dir='ltr'><strong>pias.</strong></span> <span class='ocrx_word' id='word_1_182' title='bbox 2137 1251 2324 1321; x_wconf 79' lang='lat' dir='ltr'><strong>Neque</strong></span> <span class='ocrx_word' id='word_1_183' title='bbox 2353 1253 2500 1307; x_wconf 91' lang='lat' dir='ltr'><strong>enim</strong></span> <span class='ocrx_word' id='word_1_184' title='bbox 2538 1254 2741 1308; x_wconf 88' lang='lat' dir='ltr'><strong>volenti</strong></span> <span class='ocrx_word' id='word_1_185' title='bbox 2776 1256 2976 1323; x_wconf 81' lang='lat' dir='ltr'><strong>cuique</strong></span> <span class='ocrx_word' id='word_1_186' title='bbox 3013 1255 3421 1322; x_wconf 85' lang='lat' dir='ltr'><strong>comprehensu</strong></span> <span class='ocrx_word' id='word_1_187' title='bbox 3466 1254 3547 1308; x_wconf 80' lang='lat' dir='ltr'><strong>fa-</strong></span> 
     </span>
    </p>
   </div>
   <div class='ocr_carea' id='block_1_28' title="bbox 1966 1345 3547 1416">
    <p class='ocr_par' dir='ltr' id='par_1_28' title="bbox 1966 1345 3547 1416">
     <span class='ocr_line' id='line_1_28' title="bbox 1966 1345 3547 1416; baseline -0.001 -17"><span class='ocrx_word' id='word_1_188' title='bbox 1966 1345 2092 1400; x_wconf 88' lang='lat' dir='ltr'><strong>cilia</strong></span> <span class='ocrx_word' id='word_1_189' title='bbox 2133 1345 2326 1403; x_wconf 85' lang='lat' dir='ltr'><strong>dicunt</strong></span> <span class='ocrx_word' id='word_1_190' title='bbox 2358 1345 2462 1400; x_wconf 88' lang='lat' dir='ltr'><strong>viri</strong></span> <span class='ocrx_word' id='word_1_191' title='bbox 2487 1347 2563 1400; x_wconf 91' lang='lat' dir='ltr'><strong>illi</strong></span> <span class='ocrx_word' id='word_1_192' title='bbox 2595 1347 2726 1402; x_wconf 87' lang='lat' dir='ltr'><strong>duo.</strong></span> <span class='ocrx_word' id='word_1_193' title='bbox 2758 1347 2965 1402; x_wconf 79' lang='lat' dir='ltr'><strong>Deinde</strong></span> <span class='ocrx_word' id='word_1_194' title='bbox 2999 1358 3055 1402; x_wconf 92' lang='lat' dir='ltr'><strong>et</strong></span> <span class='ocrx_word' id='word_1_195' title='bbox 3083 1348 3129 1402; x_wconf 90' lang='lat' dir='ltr'><strong>si</strong></span> <span class='ocrx_word' id='word_1_196' title='bbox 3160 1345 3290 1416; x_wconf 87' lang='lat' dir='ltr'><strong>quid</strong></span> <span class='ocrx_word' id='word_1_197' title='bbox 3332 1347 3547 1401; x_wconf 88' lang='lat' dir='ltr'><strong>dissen-</strong></span> 
     </span>
    </p>
   </div>
   <div class='ocr_carea' id='block_1_29' title="bbox 1969 1436 3550 1509">
    <p class='ocr_par' dir='ltr' id='par_1_29' title="bbox 1969 1436 3550 1509">
     <span class='ocr_line' id='line_1_29' title="bbox 1969 1436 3550 1509; baseline 0.001 -19"><span class='ocrx_word' id='word_1_198' title='bbox 1969 1437 2132 1500; x_wconf 89' lang='lat' dir='ltr'><strong>tiunt,</strong></span> <span class='ocrx_word' id='word_1_199' title='bbox 2153 1451 2263 1490; x_wconf 92' lang='lat' dir='ltr'><strong>non</strong></span> <span class='ocrx_word' id='word_1_200' title='bbox 2291 1436 2614 1506; x_wconf 74' lang='lat' dir='ltr'><strong>ignorantia:</strong></span> <span class='ocrx_word' id='word_1_201' title='bbox 2639 1439 2953 1509; x_wconf 77' lang='lat' dir='ltr'><strong>(apagesis),</strong></span> <span class='ocrx_word' id='word_1_202' title='bbox 2982 1438 3074 1492; x_wconf 84' lang='lat' dir='ltr'><strong>sed</strong></span> <span class='ocrx_word' id='word_1_203' title='bbox 3101 1455 3295 1492; x_wconf 85' lang='lat' dir='ltr'><strong>eorum</strong></span> <span class='ocrx_word' id='word_1_204' title='bbox 3323 1454 3550 1493; x_wconf 67' lang='lat' dir='ltr'><strong>summae</strong></span> 
     </span>
    </p>
   </div>
   <div class='ocr_carea' id='block_1_30' title="bbox 1968 1527 3548 1600">
    <p class='ocr_par' dir='ltr' id='par_1_30' title="bbox 1968 1527 3548 1600">
     <span class='ocr_line' id='line_1_30' title="bbox 1968 1527 3548 1600; baseline 0 -19"><span class='ocrx_word' id='word_1_205' title='bbox 1968 1527 2264 1594; x_wconf 79' lang='lat' dir='ltr'><strong>facultatis,</strong></span> <span class='ocrx_word' id='word_1_206' title='bbox 2287 1538 2340 1582; x_wconf 92' lang='lat' dir='ltr'><strong>et</strong></span> <span class='ocrx_word' id='word_1_207' title='bbox 2374 1528 2572 1583; x_wconf 84' lang='lat' dir='ltr'><strong>habilis</strong></span> <span class='ocrx_word' id='word_1_208' title='bbox 2600 1530 2665 1583; x_wconf 92' lang='lat' dir='ltr'><strong>ad</strong></span> <span class='ocrx_word' id='word_1_209' title='bbox 2706 1531 3100 1599; x_wconf 86' lang='lat' dir='ltr'><strong>disputandum</strong></span> <span class='ocrx_word' id='word_1_210' title='bbox 3131 1531 3359 1600; x_wconf 83' lang='lat' dir='ltr'><strong>ingenii.</strong></span> <span class='ocrx_word' id='word_1_211' title='bbox 3381 1547 3548 1600; x_wconf 72' lang='lat' dir='ltr'><strong>argu-</strong></span> 
     </span>
    </p>
   </div>
   <div class='ocr_carea' id='block_1_31' title="bbox 1969 1619 3544 1694">
    <p class='ocr_par' dir='ltr' id='par_1_31' title="bbox 1969 1619 3544 1694">
     <span class='ocr_line' id='line_1_31' title="bbox 1969 1619 3544 1694; baseline 0.003 -23"><span class='ocrx_word' id='word_1_212' title='bbox 1969 1629 2214 1674; x_wconf 90' lang='lat' dir='ltr'><strong>mentum</strong></span> <span class='ocrx_word' id='word_1_213' title='bbox 2249 1619 2302 1674; x_wconf 91' lang='lat' dir='ltr'><strong>id</strong></span> <span class='ocrx_word' id='word_1_214' title='bbox 2328 1635 2450 1674; x_wconf 89' lang='lat' dir='ltr'><strong>esse</strong></span> <span class='ocrx_word' id='word_1_215' title='bbox 2479 1629 2748 1685; x_wconf 85' lang='lat' dir='ltr'><strong>statuens,</strong></span> <span class='ocrx_word' id='word_1_216' title='bbox 2774 1633 2829 1676; x_wconf 93' lang='lat' dir='ltr'><strong>et</strong></span> <span class='ocrx_word' id='word_1_217' title='bbox 2857 1625 3008 1693; x_wconf 81' lang='lat' dir='ltr'><strong>quod</strong></span> <span class='ocrx_word' id='word_1_218' title='bbox 3045 1625 3150 1677; x_wconf 77' lang='lat' dir='ltr'><strong>illze</strong></span> <span class='ocrx_word' id='word_1_219' title='bbox 3187 1624 3544 1694; x_wconf 72' lang='lat' dir='ltr'><strong>quaestiones,</strong></span> 
     </span>
    </p>
   </div>
   <div class='ocr_carea' id='block_1_32' title="bbox 1970 1713 3548 1787">
    <p class='ocr_par' dir='ltr' id='par_1_32' title="bbox 1970 1713 3548 1787">
     <span class='ocr_line' id='line_1_32' title="bbox 1970 1713 3548 1787; baseline 0.003 -20"><span class='ocrx_word' id='word_1_220' title='bbox 1970 1714 2041 1767; x_wconf 91' lang='lat' dir='ltr'><strong>ob</strong></span> <span class='ocrx_word' id='word_1_221' title='bbox 2090 1728 2180 1768; x_wconf 89' lang='lat' dir='ltr'><strong>res</strong></span> <span class='ocrx_word' id='word_1_222' title='bbox 2214 1713 2458 1769; x_wconf 86' lang='lat' dir='ltr'><strong>incertas</strong></span> <span class='ocrx_word' id='word_1_223' title='bbox 2513 1725 2570 1770; x_wconf 93' lang='lat' dir='ltr'><strong>et</strong></span> <span class='ocrx_word' id='word_1_224' title='bbox 2623 1715 2913 1781; x_wconf 83' lang='lat' dir='ltr'><strong>obscuras,</strong></span> <span class='ocrx_word' id='word_1_225' title='bbox 2952 1719 3114 1787; x_wconf 81' lang='lat' dir='ltr'><strong>paulo</strong></span> <span class='ocrx_word' id='word_1_226' title='bbox 3165 1728 3444 1772; x_wconf 81' lang='lat' dir='ltr'><strong>momento</strong></span> <span class='ocrx_word' id='word_1_227' title='bbox 3495 1716 3548 1771; x_wconf 91' lang='lat' dir='ltr'><strong>iu</strong></span> 
     </span>
    </p>
   </div>
   <div class='ocr_carea' id='block_1_33' title="bbox 279 1789 1879 1875">
    <p class='ocr_par' dir='ltr' id='par_1_33' title="bbox 279 1789 1859 1866">
     <span class='ocr_line' id='line_1_33' title="bbox 279 1789 1859 1866; baseline -0.003 -16"><span class='ocrx_word' id='word_1_228' title='bbox 279 1803 405 1865; x_wconf 83' lang='grc' dir='ltr'>φοῖν</span> <span class='ocrx_word' id='word_1_229' title='bbox 438 1797 492 1848; x_wconf 82' lang='grc' dir='ltr'><strong>δὲ</strong></span> <span class='ocrx_word' id='word_1_230' title='bbox 520 1796 750 1866; x_wconf 81' lang='grc' dir='ltr'>χάριτας</span> <span class='ocrx_word' id='word_1_231' title='bbox 771 1795 1048 1865; x_wconf 82' lang='grc' dir='ltr'>ὁμολόγει,</span> <span class='ocrx_word' id='word_1_232' title='bbox 1073 1789 1149 1850; x_wconf 83' lang='grc' dir='ltr'>ὧν</span> <span class='ocrx_word' id='word_1_233' title='bbox 1181 1797 1313 1866; x_wconf 77' lang='grc' dir='ltr'>ἡμῖν</span> <span class='ocrx_word' id='word_1_234' title='bbox 1341 1797 1564 1864; x_wconf 79' lang='grc' dir='ltr'>ἀγαθῶν</span> <span class='ocrx_word' id='word_1_235' title='bbox 1593 1797 1859 1864; x_wconf 78' lang='grc' dir='ltr'>γεγένην-</span> 
     </span>
    </p>
   </div>
   <div class='ocr_carea' id='block_1_34' title="bbox 1989 1789 3545 1875">
    <p class='ocr_par' dir='ltr' id='par_1_34' title="bbox 1989 1804 3545 1875">
     <span class='ocr_line' id='line_1_34' title="bbox 1989 1804 3545 1875; baseline 0.004 -23"><span class='ocrx_word' id='word_1_236' title='bbox 1989 1808 2251 1869; x_wconf 75' lang='lat' dir='ltr'><strong>ttramque</strong></span> <span class='ocrx_word' id='word_1_237' title='bbox 2282 1813 2496 1870; x_wconf 89' lang='lat' dir='ltr'><strong>partem</strong></span> <span class='ocrx_word' id='word_1_238' title='bbox 2528 1804 2667 1856; x_wconf 84' lang='lat' dir='ltr'><strong>trahi</strong></span> <span class='ocrx_word' id='word_1_239' title='bbox 2693 1806 2923 1875; x_wconf 79' lang='lat' dir='ltr'><strong>possint,</strong></span> <span class='ocrx_word' id='word_1_240' title='bbox 2959 1808 3180 1860; x_wconf 86' lang='lat' dir='ltr'><strong>illorum</strong></span> <span class='ocrx_word' id='word_1_241' title='bbox 3218 1807 3545 1874; x_wconf 71' lang='lat' dir='ltr'><strong>sapientiam</strong></span> 
     </span>
    </p>
   </div>
   <div class='ocr_carea' id='block_1_35' title="bbox 278 1886 1865 1957">
    <p class='ocr_par' dir='ltr' id='par_1_35' title="bbox 278 1886 1865 1957">
     <span class='ocr_line' id='line_1_35' title="bbox 278 1886 1865 1957; baseline -0.001 -17"><span class='ocrx_word' id='word_1_242' title='bbox 278 1905 341 1940; x_wconf 71' lang='grc' dir='ltr'>τ)</span> <span class='ocrx_word' id='word_1_243' title='bbox 373 1888 558 1951; x_wconf 75' lang='grc' dir='ltr'>αἴτιοι.</span> <span class='ocrx_word' id='word_1_244' title='bbox 609 1886 766 1942; x_wconf 75' lang='grc' dir='ltr'>Οὕτω</span> <span class='ocrx_word' id='word_1_245' title='bbox 815 1889 925 1957; x_wconf 79' lang='grc' dir='ltr'><strong>γὰρ</strong></span> <span class='ocrx_word' id='word_1_246' title='bbox 983 1887 1158 1941; x_wconf 79' lang='grc' dir='ltr'>ποιῶν</span> <span class='ocrx_word' id='word_1_247' title='bbox 1208 1887 1392 1956; x_wconf 82' lang='grc' dir='ltr'>σαυτῷ</span> <span class='ocrx_word' id='word_1_248' title='bbox 1440 1904 1499 1939; x_wconf 90' lang='grc' dir='ltr'><strong>τε</strong></span> <span class='ocrx_word' id='word_1_249' title='bbox 1552 1888 1620 1940; x_wconf 75' lang='grc' dir='ltr'>τὰ</span> <span class='ocrx_word' id='word_1_250' title='bbox 1672 1887 1865 1957; x_wconf 82' lang='grc' dir='ltr'>βελτίω</span> 
     </span>
    </p>
   </div>
   <div class='ocr_carea' id='block_1_36' title="bbox 282 1974 1860 2052">
    <p class='ocr_par' dir='ltr' id='par_1_36' title="bbox 282 1974 1860 2052">
     <span class='ocr_line' id='line_1_36' title="bbox 282 1974 1860 2052; baseline -0.003 -18"><span class='ocrx_word' id='word_1_251' title='bbox 282 1981 641 2050; x_wconf 79' lang='grc' dir='ltr'>βουλεύσεις,</span> <span class='ocrx_word' id='word_1_252' title='bbox 708 1982 831 2051; x_wconf 78' lang='grc' dir='ltr'>ἐμοί</span> <span class='ocrx_word' id='word_1_253' title='bbox 888 1999 946 2033; x_wconf 86' lang='grc' dir='ltr'><strong>τε</strong></span> <span class='ocrx_word' id='word_1_254' title='bbox 1009 1983 1216 2052; x_wconf 83' lang='grc' dir='ltr'>χαριῇ,</span> <span class='ocrx_word' id='word_1_255' title='bbox 1278 1981 1373 2032; x_wconf 67' lang='grc' dir='ltr'><strong>καὶ</strong></span> <span class='ocrx_word' id='word_1_256' title='bbox 1447 1981 1581 2032; x_wconf 82' lang='grc' dir='ltr'>πᾶσι</span> <span class='ocrx_word' id='word_1_257' title='bbox 1637 1982 1751 2041; x_wconf 86' lang='grc' dir='ltr'>τοῖς</span> <span class='ocrx_word' id='word_1_258' title='bbox 1803 1974 1860 2030; x_wconf 78' lang='grc' dir='ltr'><strong>εὖ</strong></span> 
     </span>
    </p>
   </div>
   <div class='ocr_carea' id='block_1_37' title="bbox 282 2060 1864 2141">
    <p class='ocr_par' dir='ltr' id='par_1_37' title="bbox 282 2060 1864 2141">
     <span class='ocr_line' id='line_1_37' title="bbox 282 2060 1864 2141; baseline -0.002 -17"><span class='ocrx_word' id='word_1_259' title='bbox 282 2071 596 2141; x_wconf 79' lang='grc' dir='ltr'>φρονοῦσιν.</span> <span class='ocrx_word' id='word_1_260' title='bbox 631 2071 722 2135; x_wconf 83' lang='grc' dir='ltr'>Ὧς</span> <span class='ocrx_word' id='word_1_261' title='bbox 746 2071 842 2125; x_wconf 78' lang='grc' dir='ltr'>νῦν</span> <span class='ocrx_word' id='word_1_262' title='bbox 876 2089 940 2139; x_wconf 89' lang='grc' dir='ltr'><strong>γε</strong></span> <span class='ocrx_word' id='word_1_263' title='bbox 997 2072 1308 2141; x_wconf 82' lang='grc' dir='ltr'>χαριεῖσθαι</span> <span class='ocrx_word' id='word_1_264' title='bbox 1365 2060 1626 2140; x_wconf 76' lang='grc' dir='ltr'>νομίζων,</span> <span class='ocrx_word' id='word_1_265' title='bbox 1659 2069 1864 2138; x_wconf 66' lang='grc' dir='ltr'>σφόδρα</span> 
     </span>
    </p>
   </div>
   <div class='ocr_carea' id='block_1_38' title="bbox 282 2162 1869 2235">
    <p class='ocr_par' dir='ltr' id='par_1_38' title="bbox 282 2162 1869 2235">
     <span class='ocr_line' id='line_1_38' title="bbox 282 2162 1869 2235; baseline -0.001 -19"><span class='ocrx_word' id='word_1_266' title='bbox 282 2163 567 2235; x_wconf 81' lang='grc' dir='ltr'>ὲλύπησας</span> <span class='ocrx_word' id='word_1_267' title='bbox 605 2181 621 2197; x_wconf 78' lang='grc' dir='ltr'><strong><em>ο</em></strong></span> <span class='ocrx_word' id='word_1_268' title='bbox 656 2165 717 2217; x_wconf 83' lang='grc' dir='ltr'>τὸ</span> <span class='ocrx_word' id='word_1_269' title='bbox 753 2165 873 2232; x_wconf 76' lang='grc' dir='ltr'>μὲν,</span> <span class='ocrx_word' id='word_1_270' title='bbox 911 2165 996 2216; x_wconf 83' lang='grc' dir='ltr'>ὅτι</span> <span class='ocrx_word' id='word_1_271' title='bbox 1029 2164 1226 2232; x_wconf 82' lang='grc' dir='ltr'>ἄνδρας</span> <span class='ocrx_word' id='word_1_272' title='bbox 1262 2163 1518 2228; x_wconf 76' lang='grc' dir='ltr'>ἀναξίους</span> <span class='ocrx_word' id='word_1_273' title='bbox 1547 2162 1869 2231; x_wconf 74' lang='grc' dir='ltr'>ὑϐρίζεσθαι</span> 
     </span>
    </p>
   </div>
   <div class='ocr_carea' id='block_1_39' title="bbox 287 2253 1870 2327">
    <p class='ocr_par' dir='ltr' id='par_1_39' title="bbox 287 2253 1870 2327">
     <span class='ocr_line' id='line_1_39' title="bbox 287 2253 1870 2327; baseline -0.002 -20"><span class='ocrx_word' id='word_1_274' title='bbox 287 2253 463 2320; x_wconf 75' lang='grc' dir='ltr'>οὕτως</span> <span class='ocrx_word' id='word_1_275' title='bbox 517 2255 981 2327; x_wconf 87' lang='grc' dir='ltr'>ἀπερικαλύπτως</span> <span class='ocrx_word' id='word_1_276' title='bbox 1027 2256 1375 2325; x_wconf 77' lang='grc' dir='ltr'>ὲλοιδὸρησας</span> <span class='ocrx_word' id='word_1_277' title='bbox 1404 2269 1417 2286; x_wconf 85' lang='grc'>⁶</span> <span class='ocrx_word' id='word_1_278' title='bbox 1450 2254 1594 2317; x_wconf 62' lang='lat'><strong>1:56&#39;,</strong></span> <span class='ocrx_word' id='word_1_279' title='bbox 1632 2256 1714 2308; x_wconf 87' lang='grc' dir='ltr'>ὅτι</span> <span class='ocrx_word' id='word_1_280' title='bbox 1777 2254 1870 2308; x_wconf 77' lang='grc' dir='ltr'><strong>καὶ</strong></span> 
     </span>
    </p>
   </div>
   <div class='ocr_carea' id='block_1_40' title="bbox 294 2346 1868 2419">
    <p class='ocr_par' dir='ltr' id='par_1_40' title="bbox 294 2346 1868 2419">
     <span class='ocr_line' id='line_1_40' title="bbox 294 2346 1868 2419; baseline -0.002 -17"><span class='ocrx_word' id='word_1_281' title='bbox 294 2350 490 2404; x_wconf 75' lang='grc' dir='ltr'>σαυτὸν</span> <span class='ocrx_word' id='word_1_282' title='bbox 516 2349 730 2415; x_wconf 74' lang='grc' dir='ltr'>ἔδειξας</span> <span class='ocrx_word' id='word_1_283' title='bbox 761 2351 834 2419; x_wconf 83' lang='grc' dir='ltr'>μὴ</span> <span class='ocrx_word' id='word_1_284' title='bbox 863 2350 1006 2403; x_wconf 81' lang='grc' dir='ltr'>πάνυ</span> <span class='ocrx_word' id='word_1_285' title='bbox 1045 2365 1128 2401; x_wconf 89' lang='grc' dir='ltr'><strong>τοι</strong></span> <span class='ocrx_word' id='word_1_286' title='bbox 1153 2349 1219 2401; x_wconf 79' lang='grc' dir='ltr'>τὰ</span> <span class='ocrx_word' id='word_1_287' title='bbox 1245 2348 1475 2400; x_wconf 71' lang='grc' dir='ltr'>ἐκείνων</span> <span class='ocrx_word' id='word_1_288' title='bbox 1530 2346 1868 2416; x_wconf 73' lang='grc' dir='ltr'>ησκημένον.</span> 
     </span>
    </p>
   </div>
   <div class='ocr_carea' id='block_1_41' title="bbox 1973 1890 3554 1962">
    <p class='ocr_par' dir='ltr' id='par_1_41' title="bbox 1973 1890 3554 1962">
     <span class='ocr_line' id='line_1_41' title="bbox 1973 1890 3554 1962; baseline 0.004 -20"><span class='ocrx_word' id='word_1_289' title='bbox 1973 1890 2270 1956; x_wconf 84' lang='lat' dir='ltr'><strong>admirare,</strong></span> <span class='ocrx_word' id='word_1_290' title='bbox 2319 1903 2374 1945; x_wconf 90' lang='lat' dir='ltr'><strong>et</strong></span> <span class='ocrx_word' id='word_1_291' title='bbox 2421 1907 2657 1962; x_wconf 90' lang='lat' dir='ltr'><strong>quorum</strong></span> <span class='ocrx_word' id='word_1_292' title='bbox 2706 1895 2740 1947; x_wconf 91' lang='lat' dir='ltr'><strong>ii</strong></span> <span class='ocrx_word' id='word_1_293' title='bbox 2771 1896 2931 1949; x_wconf 89' lang='lat' dir='ltr'><strong>nobis</strong></span> <span class='ocrx_word' id='word_1_294' title='bbox 2980 1896 3250 1950; x_wconf 78' lang='lat' dir='ltr'><strong>bonorum</strong></span> <span class='ocrx_word' id='word_1_295' title='bbox 3299 1906 3554 1951; x_wconf 77' lang='lat' dir='ltr'><strong>auctores</strong></span> 
     </span>
    </p>
   </div>
   <div class='ocr_carea' id='block_1_42' title="bbox 1973 1984 3553 2055">
    <p class='ocr_par' dir='ltr' id='par_1_42' title="bbox 1973 1984 3553 2055">
     <span class='ocr_line' id='line_1_42' title="bbox 1973 1984 3553 2055; baseline 0.001 -17"><span class='ocrx_word' id='word_1_296' title='bbox 1973 1984 2216 2051; x_wconf 77' lang='lat' dir='ltr'><strong>fuerunt,</strong></span> <span class='ocrx_word' id='word_1_297' title='bbox 2241 1985 2312 2040; x_wconf 87' lang='lat' dir='ltr'><strong>ob</strong></span> <span class='ocrx_word' id='word_1_298' title='bbox 2345 2000 2409 2040; x_wconf 89' lang='lat' dir='ltr'><strong>ea</strong></span> <span class='ocrx_word' id='word_1_299' title='bbox 2439 1986 2553 2055; x_wconf 86' lang='lat' dir='ltr'><strong>ipsa</strong></span> <span class='ocrx_word' id='word_1_300' title='bbox 2588 1986 2856 2040; x_wconf 85' lang='lat' dir='ltr'><strong>ambobus</strong></span> <span class='ocrx_word' id='word_1_301' title='bbox 2882 1988 3082 2055; x_wconf 79' lang='lat' dir='ltr'><strong>gratias</strong></span> <span class='ocrx_word' id='word_1_302' title='bbox 3109 1987 3272 2041; x_wconf 88' lang='lat' dir='ltr'><strong>habe.</strong></span> <span class='ocrx_word' id='word_1_303' title='bbox 3309 1987 3384 2041; x_wconf 87' lang='lat' dir='ltr'><strong>lta</strong></span> <span class='ocrx_word' id='word_1_304' title='bbox 3405 1987 3553 2040; x_wconf 91' lang='lat' dir='ltr'><strong>enim</strong></span> 
     </span>
    </p>
   </div>
   <div class='ocr_carea' id='block_1_43' title="bbox 1975 2065 3555 2146">
    <p class='ocr_par' dir='ltr' id='par_1_43' title="bbox 1975 2065 3555 2146">
     <span class='ocr_line' id='line_1_43' title="bbox 1975 2065 3555 2146; baseline -0.001 -16"><span class='ocrx_word' id='word_1_305' title='bbox 1975 2075 2072 2130; x_wconf 89' lang='lat' dir='ltr'><strong>tibi</strong></span> <span class='ocrx_word' id='word_1_306' title='bbox 2099 2075 2324 2146; x_wconf 89' lang='lat' dir='ltr'><strong>quidem</strong></span> <span class='ocrx_word' id='word_1_307' title='bbox 2357 2077 2557 2131; x_wconf 83' lang='lat' dir='ltr'><strong>melius</strong></span> <span class='ocrx_word' id='word_1_308' title='bbox 2580 2078 2947 2140; x_wconf 86' lang='lat' dir='ltr'><strong>consulueris,</strong></span> <span class='ocrx_word' id='word_1_309' title='bbox 2976 2079 3110 2131; x_wconf 90' lang='lat' dir='ltr'><strong>mihi</strong></span> <span class='ocrx_word' id='word_1_310' title='bbox 3137 2065 3318 2132; x_wconf 80' lang='lat' dir='ltr'><strong>autem</strong></span> <span class='ocrx_word' id='word_1_311' title='bbox 3353 2087 3406 2133; x_wconf 87' lang='lat' dir='ltr'><strong>ct</strong></span> <span class='ocrx_word' id='word_1_312' title='bbox 3433 2093 3555 2130; x_wconf 88' lang='lat' dir='ltr'><strong>om-</strong></span> 
     </span>
    </p>
   </div>
   <div class='ocr_carea' id='block_1_44' title="bbox 1973 2168 3553 2240">
    <p class='ocr_par' dir='ltr' id='par_1_44' title="bbox 1973 2168 3553 2240">
     <span class='ocr_line' id='line_1_44' title="bbox 1973 2168 3553 2240; baseline 0.001 -20"><span class='ocrx_word' id='word_1_313' title='bbox 1973 2168 2141 2222; x_wconf 87' lang='lat' dir='ltr'><strong>nibus</strong></span> <span class='ocrx_word' id='word_1_314' title='bbox 2175 2183 2324 2222; x_wconf 73' lang='lat' dir='ltr'><strong>sanae</strong></span> <span class='ocrx_word' id='word_1_315' title='bbox 2363 2170 2562 2224; x_wconf 87' lang='lat' dir='ltr'><strong>mentis</strong></span> <span class='ocrx_word' id='word_1_316' title='bbox 2589 2170 2905 2223; x_wconf 84' lang='lat' dir='ltr'><strong>hominibus</strong></span> <span class='ocrx_word' id='word_1_317' title='bbox 2928 2181 3139 2240; x_wconf 73' lang='lat' dir='ltr'><strong>gratum</strong></span> <span class='ocrx_word' id='word_1_318' title='bbox 3177 2169 3394 2225; x_wconf 78' lang='lat' dir='ltr'><strong>feceris.</strong></span> <span class='ocrx_word' id='word_1_319' title='bbox 3419 2169 3553 2224; x_wconf 80' lang='lat' dir='ltr'><strong>Nam</strong></span> 
     </span>
    </p>
   </div>
   <div class='ocr_carea' id='block_1_45' title="bbox 1976 2261 3557 2332">
    <p class='ocr_par' dir='ltr' id='par_1_45' title="bbox 1976 2261 3557 2332">
     <span class='ocr_line' id='line_1_45' title="bbox 1976 2261 3557 2332; baseline 0.001 -17"><span class='ocrx_word' id='word_1_320' title='bbox 1976 2275 2125 2315; x_wconf 89' lang='lat' dir='ltr'><strong>nunc</strong></span> <span class='ocrx_word' id='word_1_321' title='bbox 2173 2261 2422 2330; x_wconf 86' lang='lat' dir='ltr'><strong>quidem,</strong></span> <span class='ocrx_word' id='word_1_322' title='bbox 2459 2261 2901 2332; x_wconf 75' lang='lat' dir='ltr'><strong>gratiﬁcaturum</strong></span> <span class='ocrx_word' id='word_1_323' title='bbox 2955 2273 3005 2317; x_wconf 91' lang='lat' dir='ltr'><strong>tc</strong></span> <span class='ocrx_word' id='word_1_324' title='bbox 3040 2264 3363 2326; x_wconf 84' lang='lat' dir='ltr'><strong>arbitratus,</strong></span> <span class='ocrx_word' id='word_1_325' title='bbox 3394 2262 3557 2316; x_wconf 81' lang='lat' dir='ltr'><strong>valde</strong></span> 
     </span>
    </p>
   </div>
   <div class='ocr_carea' id='block_1_46' title="bbox 1979 2350 3552 2423">
    <p class='ocr_par' dir='ltr' id='par_1_46' title="bbox 1979 2350 3552 2423">
     <span class='ocr_line' id='line_1_46' title="bbox 1979 2350 3552 2423; baseline 0.003 -20"><span class='ocrx_word' id='word_1_326' title='bbox 1979 2350 2247 2406; x_wconf 90' lang='lat' dir='ltr'><strong>molestus</strong></span> <span class='ocrx_word' id='word_1_327' title='bbox 2274 2351 2463 2419; x_wconf 67' lang='lat' dir='ltr'><strong>fuisti;</strong></span> <span class='ocrx_word' id='word_1_328' title='bbox 2502 2362 2614 2406; x_wconf 91' lang='lat' dir='ltr'><strong>tum</strong></span> <span class='ocrx_word' id='word_1_329' title='bbox 2651 2353 2777 2421; x_wconf 89' lang='lat' dir='ltr'><strong>quia</strong></span> <span class='ocrx_word' id='word_1_330' title='bbox 2803 2354 3229 2408; x_wconf 72' lang='lat' dir='ltr'><strong>immerentibus</strong></span> <span class='ocrx_word' id='word_1_331' title='bbox 3261 2355 3341 2408; x_wconf 89' lang='lat' dir='ltr'><strong>sic</strong></span> <span class='ocrx_word' id='word_1_332' title='bbox 3375 2354 3552 2423; x_wconf 84' lang='lat' dir='ltr'><strong>palam</strong></span> 
     </span>
    </p>
   </div>
   <div class='ocr_carea' id='block_1_47' title="bbox 291 2439 3556 2517">
    <p class='ocr_par' dir='ltr' id='par_1_47' title="bbox 291 2439 3556 2517">
     <span class='ocr_line' id='line_1_47' title="bbox 291 2439 3556 2517; baseline -0.001 -17"><span class='ocrx_word' id='word_1_333' title='bbox 291 2453 348 2500; x_wconf 86' lang='lat' dir='ltr'><strong>et</strong></span> <span class='ocrx_word' id='word_1_334' title='bbox 373 2453 565 2513; x_wconf 86' lang='lat' dir='ltr'><strong>aperte</strong></span> <span class='ocrx_word' id='word_1_335' title='bbox 595 2441 966 2507; x_wconf 84' lang='lat' dir='ltr'><strong>maledixisti;</strong></span> <span class='ocrx_word' id='word_1_336' title='bbox 999 2453 1113 2495; x_wconf 88' lang='lat' dir='ltr'><strong>tmn</strong></span> <span class='ocrx_word' id='word_1_337' title='bbox 1143 2443 1287 2510; x_wconf 84' lang='lat' dir='ltr'><strong>quod</strong></span> <span class='ocrx_word' id='word_1_338' title='bbox 1319 2449 1375 2494; x_wconf 90' lang='lat' dir='ltr'><strong>et</strong></span> <span class='ocrx_word' id='word_1_339' title='bbox 1440 2441 1674 2509; x_wconf 81' lang='lat' dir='ltr'><strong>teipsum</strong></span> <span class='ocrx_word' id='word_1_340' title='bbox 1748 2439 1802 2493; x_wconf 94' lang='lat' dir='ltr'><strong>in</strong></span> <span class='ocrx_word' id='word_1_341' title='bbox 1871 2440 2092 2498; x_wconf 90' lang='lat' dir='ltr'><strong>illorum</strong></span> <span class='ocrx_word' id='word_1_342' title='bbox 2134 2445 2356 2515; x_wconf 82' lang='lat' dir='ltr'><strong>scriptis</strong></span> <span class='ocrx_word' id='word_1_343' title='bbox 2414 2461 2524 2500; x_wconf 90' lang='lat' dir='ltr'><strong>non</strong></span> <span class='ocrx_word' id='word_1_344' title='bbox 2577 2445 2804 2499; x_wconf 91' lang='lat' dir='ltr'><strong>omnino</strong></span> <span class='ocrx_word' id='word_1_345' title='bbox 2848 2457 3133 2500; x_wconf 86' lang='lat' dir='ltr'><strong>versatum</strong></span> <span class='ocrx_word' id='word_1_346' title='bbox 3185 2462 3306 2501; x_wconf 82' lang='lat' dir='ltr'><strong>esse</strong></span> <span class='ocrx_word' id='word_1_347' title='bbox 3363 2446 3556 2517; x_wconf 84' lang='lat' dir='ltr'><strong>prodi-</strong></span> 
     </span>
    </p>
   </div>
   <div class='ocr_carea' id='block_1_48' title="bbox 288 2540 445 2595">
    <p class='ocr_par' dir='ltr' id='par_1_48' title="bbox 288 2540 445 2595">
     <span class='ocr_line' id='line_1_48' title="bbox 288 2540 445 2595; baseline -0.006 -2"><span class='ocrx_word' id='word_1_348' title='bbox 288 2540 445 2595; x_wconf 90' lang='lat' dir='ltr'><strong>disti.</strong></span> 
     </span>
    </p>
   </div>
   <div class='ocr_carea' id='block_1_49' title="bbox 363 2629 1875 2703">
    <p class='ocr_par' dir='ltr' id='par_1_49' title="bbox 363 2629 1875 2703">
     <span class='ocr_line' id='line_1_49' title="bbox 363 2629 1875 2703; baseline -0.003 -18"><span class='ocrx_word' id='word_1_349' title='bbox 363 2633 635 2703; x_wconf 76' lang='grc' dir='ltr'>Θεόδωρον</span> <span class='ocrx_word' id='word_1_350' title='bbox 657 2650 716 2685; x_wconf 85' lang='grc' dir='ltr'><strong>τε</strong></span> <span class='ocrx_word' id='word_1_351' title='bbox 743 2633 812 2684; x_wconf 76' lang='grc' dir='ltr'>τὰ</span> <span class='ocrx_word' id='word_1_352' title='bbox 846 2631 1042 2703; x_wconf 82' lang='grc' dir='ltr'>βελτίω</span> <span class='ocrx_word' id='word_1_353' title='bbox 1074 2631 1244 2687; x_wconf 84' lang='grc' dir='ltr'>ποιῶν</span> <span class='ocrx_word' id='word_1_354' title='bbox 1269 2631 1403 2703; x_wconf 86' lang='grc' dir='ltr'>τίμα</span> <span class='ocrx_word' id='word_1_355' title='bbox 1460 2649 1548 2696; x_wconf 87' lang='grc' dir='ltr'><strong>τε,</strong></span> <span class='ocrx_word' id='word_1_356' title='bbox 1591 2631 1686 2686; x_wconf 65' lang='grc' dir='ltr'>καὶ</span> <span class='ocrx_word' id='word_1_357' title='bbox 1728 2629 1875 2682; x_wconf 88' lang='grc' dir='ltr'>διδα-</span> 
     </span>
    </p>
   </div>
   <div class='ocr_carea' id='block_1_50' title="bbox 293 2720 1878 2795">
    <p class='ocr_par' dir='ltr' id='par_1_50' title="bbox 293 2720 1878 2795">
     <span class='ocr_line' id='line_1_50' title="bbox 293 2720 1878 2795; baseline -0.005 -17"><span class='ocrx_word' id='word_1_358' title='bbox 293 2724 483 2794; x_wconf 81' lang='grc' dir='ltr'>σκάλῳ</span> <span class='ocrx_word' id='word_1_359' title='bbox 514 2725 642 2794; x_wconf 74' lang='grc' dir='ltr'>περὶ</span> <span class='ocrx_word' id='word_1_360' title='bbox 676 2723 854 2778; x_wconf 73' lang='grc' dir='ltr'>πάντα</span> <span class='ocrx_word' id='word_1_361' title='bbox 883 2725 1020 2793; x_wconf 85' lang='grc' dir='ltr'>χρῶ.</span> <span class='ocrx_word' id='word_1_362' title='bbox 1056 2724 1212 2776; x_wconf 83' lang='grc' dir='ltr'>Ἐστι</span> <span class='ocrx_word' id='word_1_363' title='bbox 1243 2725 1351 2795; x_wconf 81' lang='grc' dir='ltr'>γὰρ</span> <span class='ocrx_word' id='word_1_364' title='bbox 1382 2720 1499 2784; x_wconf 77' lang='grc' dir='ltr'>οἷος</span> <span class='ocrx_word' id='word_1_365' title='bbox 1526 2722 1622 2776; x_wconf 75' lang='grc' dir='ltr'>καὶ</span> <span class='ocrx_word' id='word_1_366' title='bbox 1672 2720 1730 2773; x_wconf 63' lang='grc' dir='ltr'>σὲ</span> <span class='ocrx_word' id='word_1_367' title='bbox 1782 2722 1878 2772; x_wconf 74' lang='grc' dir='ltr'>καὶ</span> 
     </span>
    </p>
   </div>
   <div class='ocr_carea' id='block_1_51' title="bbox 293 2813 1880 2885">
    <p class='ocr_par' dir='ltr' id='par_1_51' title="bbox 293 2813 1880 2885">
     <span class='ocr_line' id='line_1_51' title="bbox 293 2813 1880 2885; baseline -0.003 -15"><span class='ocrx_word' id='word_1_368' title='bbox 293 2817 530 2880; x_wconf 73' lang='grc' dir='ltr'>πολλοὺς</span> <span class='ocrx_word' id='word_1_369' title='bbox 562 2817 782 2885; x_wconf 78' lang='grc' dir='ltr'>ἑτέρους</span> <span class='ocrx_word' id='word_1_370' title='bbox 838 2816 1070 2885; x_wconf 85' lang='grc' dir='ltr'>ὠφελεῖν</span> <span class='ocrx_word' id='word_1_371' title='bbox 1130 2816 1412 2870; x_wconf 87' lang='grc' dir='ltr'>δύνασθαι.</span> <span class='ocrx_word' id='word_1_372' title='bbox 1477 2815 1608 2885; x_wconf 81' lang='grc' dir='ltr'><strong>Ἐμὲ</strong></span> <span class='ocrx_word' id='word_1_373' title='bbox 1661 2815 1736 2877; x_wconf 85' lang='grc' dir='ltr'><strong>δὲ,</strong></span> <span class='ocrx_word' id='word_1_374' title='bbox 1791 2813 1880 2866; x_wconf 83' lang='grc' dir='ltr'><strong>ἵνα</strong></span> 
     </span>
    </p>
   </div>
   <div class='ocr_carea' id='block_1_52' title="bbox 297 2905 1880 2981">
    <p class='ocr_par' dir='ltr' id='par_1_52' title="bbox 297 2905 1880 2981">
     <span class='ocr_line' id='line_1_52' title="bbox 297 2905 1880 2981; baseline -0.005 -17"><span class='ocrx_word' id='word_1_375' title='bbox 297 2913 375 2981; x_wconf 79' lang='grc' dir='ltr'>μὴ</span> <span class='ocrx_word' id='word_1_376' title='bbox 397 2911 490 2963; x_wconf 79' lang='grc' dir='ltr'>καὶ</span> <span class='ocrx_word' id='word_1_377' title='bbox 514 2905 674 2972; x_wconf 73' lang='grc' dir='ltr'>αὖθις</span> <span class='ocrx_word' id='word_1_378' title='bbox 708 2909 1004 2980; x_wconf 75' lang='grc' dir='ltr'>πλανηθεὶς</span> <span class='ocrx_word' id='word_1_379' title='bbox 1037 2908 1194 2980; x_wconf 79' lang='grc' dir='ltr'>δόξῃς</span> <span class='ocrx_word' id='word_1_380' title='bbox 1239 2925 1329 2978; x_wconf 88' lang='grc' dir='ltr'><strong>μοι</strong></span> <span class='ocrx_word' id='word_1_381' title='bbox 1360 2906 1587 2961; x_wconf 77' lang='grc' dir='ltr'>τοιαῦτα</span> <span class='ocrx_word' id='word_1_382' title='bbox 1649 2907 1729 2969; x_wconf 83' lang='grc' dir='ltr'><strong>είς</strong></span> <span class='ocrx_word' id='word_1_383' title='bbox 1768 2922 1880 2957; x_wconf 87' lang='grc' dir='ltr'>τοι-</span> 
     </span>
    </p>
   </div>
   <div class='ocr_carea' id='block_1_53' title="bbox 293 2994 1879 3069">
    <p class='ocr_par' dir='ltr' id='par_1_53' title="bbox 293 2994 1879 3069">
     <span class='ocr_line' id='line_1_53' title="bbox 293 2994 1879 3069; baseline -0.004 -17"><span class='ocrx_word' id='word_1_384' title='bbox 293 3000 720 3069; x_wconf 74' lang='grc' dir='ltr'>ούτονςλέγων</span> <span class='ocrx_word' id='word_1_385' title='bbox 785 2999 987 3067; x_wconf 84' lang='grc' dir='ltr'>ἄνδρας</span> <span class='ocrx_word' id='word_1_386' title='bbox 1049 2997 1400 3068; x_wconf 78' lang='grc' dir='ltr'>χαρίζεσθαι,</span> <span class='ocrx_word' id='word_1_387' title='bbox 1458 2995 1719 3065; x_wconf 75' lang='grc' dir='ltr'>φιλοῦντα</span> <span class='ocrx_word' id='word_1_388' title='bbox 1779 2994 1879 3064; x_wconf 80' lang='grc' dir='ltr'><strong>μὲν</strong></span> 
     </span>
    </p>
   </div>
   <div class='ocr_carea' id='block_1_54' title="bbox 296 3084 1878 3158">
    <p class='ocr_par' dir='ltr' id='par_1_54' title="bbox 296 3084 1878 3158">
     <span class='ocr_line' id='line_1_54' title="bbox 296 3084 1878 3158; baseline -0.006 -15"><span class='ocrx_word' id='word_1_389' title='bbox 296 3091 406 3143; x_wconf 84' lang='grc' dir='ltr'>ῐσθι</span> <span class='ocrx_word' id='word_1_390' title='bbox 441 3085 722 3155; x_wconf 81' lang='grc' dir='ltr'>Πλάτωνα,</span> <span class='ocrx_word' id='word_1_391' title='bbox 749 3088 1008 3158; x_wconf 78' lang='grc' dir='ltr'>φιλοῦντα</span> <span class='ocrx_word' id='word_1_392' title='bbox 1037 3089 1083 3140; x_wconf 80' lang='grc' dir='ltr'>δ’</span> <span class='ocrx_word' id='word_1_393' title='bbox 1123 3087 1493 3158; x_wconf 75' lang='grc' dir='ltr'>Ἀριστοτέλη,</span> <span class='ocrx_word' id='word_1_394' title='bbox 1543 3085 1640 3139; x_wconf 72' lang='grc' dir='ltr'>καὶ</span> <span class='ocrx_word' id='word_1_395' title='bbox 1666 3084 1741 3147; x_wconf 83' lang='grc' dir='ltr'>ὡς</span> <span class='ocrx_word' id='word_1_396' title='bbox 1788 3100 1878 3136; x_wconf 86' lang='grc' dir='ltr'>σο-</span> 
     </span>
    </p>
   </div>
   <div class='ocr_carea' id='block_1_55' title="bbox 298 3180 1884 3254">
    <p class='ocr_par' dir='ltr' id='par_1_55' title="bbox 298 3180 1884 3254">
     <span class='ocr_line' id='line_1_55' title="bbox 298 3180 1884 3254; baseline -0.005 -18"><span class='ocrx_word' id='word_1_397' title='bbox 298 3185 536 3254; x_wconf 78' lang='grc' dir='ltr'>φωτάτω</span> <span class='ocrx_word' id='word_1_398' title='bbox 559 3184 854 3252; x_wconf 75' lang='grc' dir='ltr'>σεσὸμενον</span> <span class='ocrx_word' id='word_1_399' title='bbox 878 3181 1147 3251; x_wconf 80' lang='grc' dir='ltr'>ἑκατέρω.</span> <span class='ocrx_word' id='word_1_400' title='bbox 1184 3180 1450 3251; x_wconf 70' lang='grc' dir='ltr'>Πλήθωνά</span> <span class='ocrx_word' id='word_1_401' title='bbox 1511 3195 1570 3232; x_wconf 90' lang='grc' dir='ltr'><strong>τε</strong></span> <span class='ocrx_word' id='word_1_402' title='bbox 1630 3181 1728 3248; x_wconf 83' lang='grc' dir='ltr'>τῆς</span> <span class='ocrx_word' id='word_1_403' title='bbox 1790 3195 1884 3246; x_wconf 78' lang='grc' dir='ltr'>με·</span> 
     </span>
    </p>
   </div>
   <div class='ocr_carea' id='block_1_56' title="bbox 295 3269 1884 3346">
    <p class='ocr_par' dir='ltr' id='par_1_56' title="bbox 295 3269 1884 3346">
     <span class='ocr_line' id='line_1_56' title="bbox 295 3269 1884 3346; baseline -0.006 -17"><span class='ocrx_word' id='word_1_404' title='bbox 295 3276 584 3345; x_wconf 87' lang='grc' dir='ltr'>γαλονοίας</span> <span class='ocrx_word' id='word_1_405' title='bbox 613 3276 709 3330; x_wconf 70' lang='grc' dir='ltr'><strong>καὶ</strong></span> <span class='ocrx_word' id='word_1_406' title='bbox 730 3276 958 3346; x_wconf 77' lang='grc' dir='ltr'>εὐφυΐας</span> <span class='ocrx_word' id='word_1_407' title='bbox 986 3275 1289 3342; x_wconf 79' lang='grc' dir='ltr'>ἀγάμενον,</span> <span class='ocrx_word' id='word_1_408' title='bbox 1327 3273 1424 3340; x_wconf 79' lang='grc' dir='ltr'><strong>τῆς</strong></span> <span class='ocrx_word' id='word_1_409' title='bbox 1452 3269 1721 3340; x_wconf 77' lang='grc' dir='ltr'>τοσαύτης</span> <span class='ocrx_word' id='word_1_410' title='bbox 1749 3270 1884 3338; x_wconf 74' lang='grc' dir='ltr'>πρὸς</span> 
     </span>
    </p>
   </div>
   <div class='ocr_carea' id='block_1_57' title="bbox 311 3364 1883 3440">
    <p class='ocr_par' dir='ltr' id='par_1_57' title="bbox 311 3364 1883 3440">
     <span class='ocr_line' id='line_1_57' title="bbox 311 3364 1883 3440; baseline -0.003 -18"><span class='ocrx_word' id='word_1_411' title='bbox 311 3369 666 3440; x_wconf 79' lang='grc' dir='ltr'>Ἀριστοτέλη</span> <span class='ocrx_word' id='word_1_412' title='bbox 711 3373 893 3439; x_wconf 77' lang='grc' dir='ltr'>μάχης</span> <span class='ocrx_word' id='word_1_413' title='bbox 925 3385 986 3423; x_wconf 81' lang='grc' dir='ltr'><strong>τε</strong></span> <span class='ocrx_word' id='word_1_414' title='bbox 1046 3369 1140 3420; x_wconf 83' lang='grc' dir='ltr'>καὶ</span> <span class='ocrx_word' id='word_1_415' title='bbox 1188 3365 1440 3428; x_wconf 78' lang='grc' dir='ltr'>δυσνοίας</span> <span class='ocrx_word' id='word_1_416' title='bbox 1493 3365 1566 3435; x_wconf 85' lang='grc' dir='ltr'>μὴ</span> <span class='ocrx_word' id='word_1_417' title='bbox 1619 3364 1883 3417; x_wconf 71' lang='grc' dir='ltr'>ἐπαινεῖν.</span> 
     </span>
    </p>
   </div>
   <div class='ocr_carea' id='block_1_58' title="bbox 296 3453 1888 3531">
    <p class='ocr_par' dir='ltr' id='par_1_58' title="bbox 296 3453 1888 3531">
     <span class='ocr_line' id='line_1_58' title="bbox 296 3453 1888 3531; baseline -0.006 -18"><span class='ocrx_word' id='word_1_418' title='bbox 296 3461 491 3513; x_wconf 86' lang='grc' dir='ltr'>Βουλοί</span> <span class='ocrx_word' id='word_1_419' title='bbox 500 3478 606 3530; x_wconf 88' lang='grc' dir='ltr'><strong>μην</strong></span> <span class='ocrx_word' id='word_1_420' title='bbox 631 3464 742 3531; x_wconf 81' lang='grc' dir='ltr'>γὰρ</span> <span class='ocrx_word' id='word_1_421' title='bbox 772 3459 837 3513; x_wconf 79' lang='grc' dir='ltr'><strong>ἂν</strong></span> <span class='ocrx_word' id='word_1_422' title='bbox 867 3459 1076 3513; x_wconf 80' lang='grc' dir='ltr'>ἐκεῖνόν</span> <span class='ocrx_word' id='word_1_423' title='bbox 1094 3475 1152 3510; x_wconf 89' lang='grc' dir='ltr'><strong>τε</strong></span> <span class='ocrx_word' id='word_1_424' title='bbox 1206 3456 1597 3526; x_wconf 77' lang='grc' dir='ltr'>Ἀριστοτέλει,</span> <span class='ocrx_word' id='word_1_425' title='bbox 1649 3453 1776 3516; x_wconf 89' lang='grc' dir='ltr'>τούς</span> <span class='ocrx_word' id='word_1_426' title='bbox 1827 3468 1888 3505; x_wconf 87' lang='grc' dir='ltr'><strong>τε</strong></span> 
     </span>
    </p>
   </div>
   <div class='ocr_carea' id='block_1_59' title="bbox 296 3545 1886 3623">
    <p class='ocr_par' dir='ltr' id='par_1_59' title="bbox 296 3545 1886 3623">
     <span class='ocr_line' id='line_1_59' title="bbox 296 3545 1886 3623; baseline -0.009 -13"><span class='ocrx_word' id='word_1_427' title='bbox 296 3557 497 3618; x_wconf 76' lang='grc' dir='ltr'>ἄλλους</span> <span class='ocrx_word' id='word_1_428' title='bbox 521 3558 630 3609; x_wconf 80' lang='grc' dir='ltr'>εἴτε</span> <span class='ocrx_word' id='word_1_429' title='bbox 655 3557 768 3607; x_wconf 88' lang='grc' dir='ltr'>τοῖν</span> <span class='ocrx_word' id='word_1_430' title='bbox 794 3554 941 3607; x_wconf 83' lang='grc' dir='ltr'>δυοῖν</span> <span class='ocrx_word' id='word_1_431' title='bbox 972 3554 1254 3623; x_wconf 83' lang='grc' dir='ltr'>μεγίστοιν</span> <span class='ocrx_word' id='word_1_432' title='bbox 1314 3549 1626 3619; x_wconf 70' lang='grc' dir='ltr'>φιλοσόφοιν</span> <span class='ocrx_word' id='word_1_433' title='bbox 1651 3545 1886 3610; x_wconf 77' lang='grc' dir='ltr'>τούτοιν,</span> 
     </span>
    </p>
   </div>
   <div class='ocr_carea' id='block_1_60' title="bbox 301 3639 1884 3716">
    <p class='ocr_par' dir='ltr' id='par_1_60' title="bbox 301 3639 1884 3716">
     <span class='ocr_line' id='line_1_60' title="bbox 301 3639 1884 3716; baseline -0.006 -18"><span class='ocrx_word' id='word_1_434' title='bbox 301 3648 415 3699; x_wconf 78' lang='grc' dir='ltr'>εἴτε</span> <span class='ocrx_word' id='word_1_435' title='bbox 452 3646 601 3715; x_wconf 72' lang='grc' dir='ltr'>αὐτῷ</span> <span class='ocrx_word' id='word_1_436' title='bbox 667 3646 942 3716; x_wconf 83' lang='grc' dir='ltr'>Πλὴθωνι,</span> <span class='ocrx_word' id='word_1_437' title='bbox 1003 3646 1098 3697; x_wconf 74' lang='grc' dir='ltr'>καὶ</span> <span class='ocrx_word' id='word_1_438' title='bbox 1153 3644 1361 3705; x_wconf 72' lang='grc' dir='ltr'>ὁποίοις</span> <span class='ocrx_word' id='word_1_439' title='bbox 1411 3642 1610 3712; x_wconf 79' lang='grc' dir='ltr'>δήποτε</span> <span class='ocrx_word' id='word_1_440' title='bbox 1685 3639 1884 3703; x_wconf 82' lang='grc' dir='ltr'>ἄλλοις,</span> 
     </span>
    </p>
   </div>
   <div class='ocr_carea' id='block_1_61' title="bbox 306 3731 1889 3808">
    <p class='ocr_par' dir='ltr' id='par_1_61' title="bbox 306 3731 1889 3808">
     <span class='ocr_line' id='line_1_61' title="bbox 306 3731 1889 3808; baseline -0.004 -19"><span class='ocrx_word' id='word_1_441' title='bbox 306 3740 446 3808; x_wconf 69' lang='grc' dir='ltr'>μετὰ</span> <span class='ocrx_word' id='word_1_442' title='bbox 472 3739 747 3807; x_wconf 62' lang='grc' dir='ltr'>τοσαύτης</span> <span class='ocrx_word' id='word_1_443' title='bbox 798 3754 863 3806; x_wconf 87' lang='grc' dir='ltr'><strong>γε</strong></span> <span class='ocrx_word' id='word_1_444' title='bbox 916 3737 1163 3807; x_wconf 77' lang='grc' dir='ltr'>ἀπαντᾷν</span> <span class='ocrx_word' id='word_1_445' title='bbox 1213 3734 1528 3797; x_wconf 65' lang='grc' dir='ltr'>εὐλαϐείας,</span> <span class='ocrx_word' id='word_1_446' title='bbox 1577 3731 1698 3802; x_wconf 84' lang='grc' dir='ltr'>μεθ’</span> <span class='ocrx_word' id='word_1_447' title='bbox 1759 3732 1889 3798; x_wconf 79' lang='grc' dir='ltr'>ὅσης</span> 
     </span>
    </p>
   </div>
   <div class='ocr_carea' id='block_1_62' title="bbox 314 3825 1890 3900">
    <p class='ocr_par' dir='ltr' id='par_1_62' title="bbox 314 3825 1890 3900">
     <span class='ocr_line' id='line_1_62' title="bbox 314 3825 1890 3900; baseline -0.006 -16"><span class='ocrx_word' id='word_1_448' title='bbox 314 3831 698 3900; x_wconf 76' lang='grc' dir='ltr'>Ἀριστοτέλης</span> <span class='ocrx_word' id='word_1_449' title='bbox 749 3832 972 3884; x_wconf 86' lang='grc' dir='ltr'>ἀντεῖπε</span> <span class='ocrx_word' id='word_1_450' title='bbox 1028 3831 1140 3892; x_wconf 86' lang='grc' dir='ltr'>τοῖς</span> <span class='ocrx_word' id='word_1_451' title='bbox 1199 3829 1307 3899; x_wconf 81' lang='grc' dir='ltr'><strong>πρὸ</strong></span> <span class='ocrx_word' id='word_1_452' title='bbox 1357 3826 1520 3881; x_wconf 78' lang='grc' dir='ltr'>αὐτοῦ</span> <span class='ocrx_word' id='word_1_453' title='bbox 1549 3840 1568 3858; x_wconf 76' lang='grc' dir='ltr'><strong>ο</strong></span> <span class='ocrx_word' id='word_1_454' title='bbox 1603 3825 1660 3888; x_wconf 82' lang='grc' dir='ltr'>ὃς</span> <span class='ocrx_word' id='word_1_455' title='bbox 1710 3825 1890 3892; x_wconf 84' lang='grc' dir='ltr'>λόγοις</span> 
     </span>
    </p>
   </div>
   <div class='ocr_carea' id='block_1_63' title="bbox 302 3924 1890 3998">
    <p class='ocr_par' dir='ltr' id='par_1_63' title="bbox 302 3924 1890 3998">
     <span class='ocr_line' id='line_1_63' title="bbox 302 3924 1890 3998; baseline -0.004 -18"><span class='ocrx_word' id='word_1_456' title='bbox 302 3929 411 3986; x_wconf 65' lang='grc' dir='ltr'><strong>ἀεὶ.</strong></span> <span class='ocrx_word' id='word_1_457' title='bbox 440 3930 532 3981; x_wconf 72' lang='grc' dir='ltr'><strong>καὶ</strong></span> <span class='ocrx_word' id='word_1_458' title='bbox 557 3927 632 3992; x_wconf 86' lang='grc' dir='ltr'>ὡς</span> <span class='ocrx_word' id='word_1_459' title='bbox 662 3926 757 3980; x_wconf 77' lang='grc' dir='ltr'><strong>ἐπὶ</strong></span> <span class='ocrx_word' id='word_1_460' title='bbox 786 3927 846 3980; x_wconf 87' lang='grc' dir='ltr'><strong>τδ</strong></span> <span class='ocrx_word' id='word_1_461' title='bbox 876 3926 1011 3980; x_wconf 80' lang='grc' dir='ltr'>πολὺ</span> <span class='ocrx_word' id='word_1_462' title='bbox 1044 3925 1156 3998; x_wconf 80' lang='grc' dir='ltr'><strong>(Η)</strong></span> <span class='ocrx_word' id='word_1_463' title='bbox 1187 3926 1631 3997; x_wconf 78' lang='grc' dir='ltr'>παραιτούμενος</span> <span class='ocrx_word' id='word_1_464' title='bbox 1670 3924 1798 3986; x_wconf 88' lang='grc' dir='ltr'>τούς</span> <span class='ocrx_word' id='word_1_465' title='bbox 1833 3939 1890 3976; x_wconf 82' lang='grc' dir='ltr'><strong>τε</strong></span> 
     </span>
    </p>
   </div>
   <div class='ocr_carea' id='block_1_64' title="bbox 303 4015 1895 4085">
    <p class='ocr_par' dir='ltr' id='par_1_64' title="bbox 303 4015 1895 4085">
     <span class='ocr_line' id='line_1_64' title="bbox 303 4015 1895 4085; baseline -0.004 -11"><span class='ocrx_word' id='word_1_466' title='bbox 303 4019 628 4084; x_wconf 84' lang='grc' dir='ltr'>ἀκούοντας,</span> <span class='ocrx_word' id='word_1_467' title='bbox 666 4018 761 4082; x_wconf 76' lang='grc' dir='ltr'><strong>οὓς</strong></span> <span class='ocrx_word' id='word_1_468' title='bbox 791 4036 848 4072; x_wconf 87' lang='grc' dir='ltr'><strong>τε</strong></span> <span class='ocrx_word' id='word_1_469' title='bbox 877 4018 1115 4085; x_wconf 78' lang='grc' dir='ltr'>εὐθύνει,</span> <span class='ocrx_word' id='word_1_470' title='bbox 1144 4017 1468 4078; x_wconf 75' lang='grc' dir='ltr'>ἀποδεικνὺς</span> <span class='ocrx_word' id='word_1_471' title='bbox 1507 4016 1568 4068; x_wconf 78' lang='grc' dir='ltr'>τὸ</span> <span class='ocrx_word' id='word_1_472' title='bbox 1603 4015 1895 4084; x_wconf 83' lang='grc' dir='ltr'>προκείμε-</span> 
     </span>
    </p>
   </div>
   <div class='ocr_carea' id='block_1_65' title="bbox 305 4108 1894 4181">
    <p class='ocr_par' dir='ltr' id='par_1_65' title="bbox 305 4108 1894 4181">
     <span class='ocr_line' id='line_1_65' title="bbox 305 4108 1894 4181; baseline -0.005 -15"><span class='ocrx_word' id='word_1_473' title='bbox 305 4130 418 4178; x_wconf 82' lang='grc' dir='ltr'>νον,</span> <span class='ocrx_word' id='word_1_474' title='bbox 445 4113 551 4165; x_wconf 81' lang='grc' dir='ltr'>τῶν</span> <span class='ocrx_word' id='word_1_475' title='bbox 583 4112 860 4181; x_wconf 71' lang='grc' dir='ltr'>λοιδοριῶν</span> <span class='ocrx_word' id='word_1_476' title='bbox 888 4111 1180 4180; x_wconf 81' lang='grc' dir='ltr'>ἀπέσχετο·</span> <span class='ocrx_word' id='word_1_477' title='bbox 1208 4111 1295 4162; x_wconf 80' lang='grc' dir='ltr'>ὅτε</span> <span class='ocrx_word' id='word_1_478' title='bbox 1327 4109 1381 4161; x_wconf 80' lang='grc' dir='ltr'>δὲ</span> <span class='ocrx_word' id='word_1_479' title='bbox 1411 4108 1506 4162; x_wconf 58' lang='grc' dir='ltr'><strong>καὶ</strong></span> <span class='ocrx_word' id='word_1_480' title='bbox 1537 4108 1894 4177; x_wconf 64' lang='grc' dir='ltr'>σφοδρότερον</span> 
     </span>
    </p>
   </div>
   <div class='ocr_carea' id='block_1_66' title="bbox 314 4201 1895 4276">
    <p class='ocr_par' dir='ltr' id='par_1_66' title="bbox 314 4201 1895 4276">
     <span class='ocr_line' id='line_1_66' title="bbox 314 4201 1895 4276; baseline -0.003 -18"><span class='ocrx_word' id='word_1_481' title='bbox 314 4205 832 4276; x_wconf 74' lang='grc' dir='ltr'>κατεφέρεται,καὶ</span> <span class='ocrx_word' id='word_1_482' title='bbox 884 4205 1008 4261; x_wconf 77' lang='grc' dir='ltr'>τότε</span> <span class='ocrx_word' id='word_1_483' title='bbox 1083 4203 1341 4270; x_wconf 71' lang='grc' dir='ltr'>φυλάττει</span> <span class='ocrx_word' id='word_1_484' title='bbox 1392 4202 1452 4254; x_wconf 73' lang='grc' dir='ltr'>τὸ</span> <span class='ocrx_word' id='word_1_485' title='bbox 1517 4203 1756 4270; x_wconf 80' lang='grc' dir='ltr'>μέτριον.</span> <span class='ocrx_word' id='word_1_486' title='bbox 1815 4201 1895 4254; x_wconf 80' lang='grc' dir='ltr'><strong>Τὰ</strong></span> 
     </span>
    </p>
   </div>
   <div class='ocr_carea' id='block_1_67' title="bbox 305 4294 1894 4366">
    <p class='ocr_par' dir='ltr' id='par_1_67' title="bbox 305 4294 1894 4366">
     <span class='ocr_line' id='line_1_67' title="bbox 305 4294 1894 4366; baseline -0.001 -20"><span class='ocrx_word' id='word_1_487' title='bbox 305 4296 365 4347; x_wconf 74' lang='grc' dir='ltr'>δὲ</span> <span class='ocrx_word' id='word_1_488' title='bbox 397 4298 532 4366; x_wconf 73' lang='grc' dir='ltr'>εἴδη,</span> <span class='ocrx_word' id='word_1_489' title='bbox 583 4297 738 4366; x_wconf 54' lang='grc' dir='ltr'>φησῖ,</span> <span class='ocrx_word' id='word_1_490' title='bbox 773 4297 1012 4364; x_wconf 77' lang='grc' dir='ltr'>χαιρέτω</span> <span class='ocrx_word' id='word_1_491' title='bbox 1063 4294 1198 4359; x_wconf 65' lang='grc'>(12).</span> <span class='ocrx_word' id='word_1_492' title='bbox 1263 4294 1645 4364; x_wconf 77' lang='grc' dir='ltr'>Τερετίσματά</span> <span class='ocrx_word' id='word_1_493' title='bbox 1693 4295 1804 4364; x_wconf 78' lang='grc'><strong>(15)</strong></span> <span class='ocrx_word' id='word_1_494' title='bbox 1835 4311 1894 4346; x_wconf 87' lang='grc' dir='ltr'><strong>τε</strong></span> 
     </span>
    </p>
   </div>
   <div class='ocr_carea' id='block_1_68' title="bbox 2057 2619 3554 2698">
    <p class='ocr_par' dir='ltr' id='par_1_68' title="bbox 2057 2619 3554 2698">
     <span class='ocr_line' id='line_1_68' title="bbox 2057 2619 3554 2698; baseline 0.001 -16"><span class='ocrx_word' id='word_1_495' title='bbox 2057 2625 2410 2682; x_wconf 81' lang='lat' dir='ltr'><strong>Theodorum</strong></span> <span class='ocrx_word' id='word_1_496' title='bbox 2449 2626 2578 2682; x_wconf 88' lang='lat' dir='ltr'><strong>item</strong></span> <span class='ocrx_word' id='word_1_497' title='bbox 2617 2619 2812 2682; x_wconf 87' lang='lat' dir='ltr'><strong>melius</strong></span> <span class='ocrx_word' id='word_1_498' title='bbox 2845 2628 3076 2682; x_wconf 87' lang='lat' dir='ltr'><strong>meritus</strong></span> <span class='ocrx_word' id='word_1_499' title='bbox 3102 2627 3241 2693; x_wconf 83' lang='lat' dir='ltr'><strong>cole,</strong></span> <span class='ocrx_word' id='word_1_500' title='bbox 3271 2642 3450 2698; x_wconf 86' lang='lat' dir='ltr'><strong>eoque</strong></span> <span class='ocrx_word' id='word_1_501' title='bbox 3488 2629 3554 2685; x_wconf 88' lang='lat' dir='ltr'><strong>ad</strong></span> 
     </span>
    </p>
   </div>
   <div class='ocr_carea' id='block_1_69' title="bbox 1983 2719 3560 2794">
    <p class='ocr_par' dir='ltr' id='par_1_69' title="bbox 1983 2719 3560 2794">
     <span class='ocr_line' id='line_1_69' title="bbox 1983 2719 3560 2794; baseline 0.004 -20"><span class='ocrx_word' id='word_1_502' title='bbox 1983 2721 2167 2775; x_wconf 88' lang='lat' dir='ltr'><strong>omnia</strong></span> <span class='ocrx_word' id='word_1_503' title='bbox 2196 2719 2455 2790; x_wconf 81' lang='lat' dir='ltr'><strong>magistro</strong></span> <span class='ocrx_word' id='word_1_504' title='bbox 2490 2732 2662 2775; x_wconf 77' lang='lat' dir='ltr'><strong>utere.</strong></span> <span class='ocrx_word' id='word_1_505' title='bbox 2697 2721 2794 2776; x_wconf 88' lang='lat' dir='ltr'><strong>Est</strong></span> <span class='ocrx_word' id='word_1_506' title='bbox 2820 2722 2967 2775; x_wconf 87' lang='lat' dir='ltr'><strong>enim</strong></span> <span class='ocrx_word' id='word_1_507' title='bbox 3000 2722 3046 2776; x_wconf 91' lang='lat' dir='ltr'><strong>is</strong></span> <span class='ocrx_word' id='word_1_508' title='bbox 3069 2722 3363 2794; x_wconf 84' lang='lat' dir='ltr'><strong>ejusmodi,</strong></span> <span class='ocrx_word' id='word_1_509' title='bbox 3409 2731 3470 2779; x_wconf 91' lang='lat' dir='ltr'><strong>ut</strong></span> <span class='ocrx_word' id='word_1_510' title='bbox 3502 2732 3560 2779; x_wconf 87' lang='lat' dir='ltr'><strong>et</strong></span> 
     </span>
    </p>
   </div>
   <div class='ocr_carea' id='block_1_70' title="bbox 1985 2813 3556 2884">
    <p class='ocr_par' dir='ltr' id='par_1_70' title="bbox 1985 2813 3556 2884">
     <span class='ocr_line' id='line_1_70' title="bbox 1985 2813 3556 2884; baseline 0.002 -16"><span class='ocrx_word' id='word_1_511' title='bbox 1985 2822 2037 2869; x_wconf 92' lang='lat' dir='ltr'><strong>te</strong></span> <span class='ocrx_word' id='word_1_512' title='bbox 2069 2813 2241 2884; x_wconf 85' lang='lat' dir='ltr'><strong>possit</strong></span> <span class='ocrx_word' id='word_1_513' title='bbox 2290 2821 2346 2868; x_wconf 91' lang='lat' dir='ltr'><strong>et</strong></span> <span class='ocrx_word' id='word_1_514' title='bbox 2384 2813 2521 2868; x_wconf 82' lang='lat' dir='ltr'><strong>alios</strong></span> <span class='ocrx_word' id='word_1_515' title='bbox 2558 2813 2774 2882; x_wconf 76' lang='lat' dir='ltr'><strong>iuvare.</strong></span> <span class='ocrx_word' id='word_1_516' title='bbox 2820 2814 2975 2879; x_wconf 83' lang='lat' dir='ltr'><strong>Quod</strong></span> <span class='ocrx_word' id='word_1_517' title='bbox 3014 2814 3079 2868; x_wconf 89' lang='lat' dir='ltr'><strong>ad</strong></span> <span class='ocrx_word' id='word_1_518' title='bbox 3118 2830 3203 2869; x_wconf 89' lang='lat' dir='ltr'><strong>me</strong></span> <span class='ocrx_word' id='word_1_519' title='bbox 3227 2815 3443 2880; x_wconf 84' lang='lat' dir='ltr'><strong>attinet,</strong></span> <span class='ocrx_word' id='word_1_520' title='bbox 3485 2831 3556 2872; x_wconf 88' lang='lat' dir='ltr'><strong>ne</strong></span> 
     </span>
    </p>
   </div>
   <div class='ocr_carea' id='block_1_71' title="bbox 1984 2907 3564 2979">
    <p class='ocr_par' dir='ltr' id='par_1_71' title="bbox 1984 2907 3564 2979">
     <span class='ocr_line' id='line_1_71' title="bbox 1984 2907 3564 2979; baseline 0.001 -16"><span class='ocrx_word' id='word_1_521' title='bbox 1984 2924 2084 2979; x_wconf 90' lang='lat' dir='ltr'><strong>per</strong></span> <span class='ocrx_word' id='word_1_522' title='bbox 2114 2921 2362 2962; x_wconf 87' lang='lat' dir='ltr'><strong>errorem</strong></span> <span class='ocrx_word' id='word_1_523' title='bbox 2394 2922 2612 2963; x_wconf 74' lang='lat' dir='ltr'><strong>.rursus</strong></span> <span class='ocrx_word' id='word_1_524' title='bbox 2659 2907 2966 2971; x_wconf 83' lang='lat' dir='ltr'><strong>existimes,</strong></span> <span class='ocrx_word' id='word_1_525' title='bbox 3003 2908 3125 2961; x_wconf 86' lang='lat' dir='ltr'><strong>talia</strong></span> <span class='ocrx_word' id='word_1_526' title='bbox 3160 2908 3212 2962; x_wconf 91' lang='lat' dir='ltr'><strong>in</strong></span> <span class='ocrx_word' id='word_1_527' title='bbox 3251 2907 3387 2964; x_wconf 87' lang='lat' dir='ltr'><strong>tales</strong></span> <span class='ocrx_word' id='word_1_528' title='bbox 3416 2909 3564 2964; x_wconf 88' lang='lat' dir='ltr'><strong>viros</strong></span> 
     </span>
    </p>
   </div>
   <div class='ocr_carea' id='block_1_72' title="bbox 1986 2997 3561 3066">
    <p class='ocr_par' dir='ltr' id='par_1_72' title="bbox 1986 2997 3561 3066">
     <span class='ocr_line' id='line_1_72' title="bbox 1986 2997 3561 3066; baseline 0.001 -13"><span class='ocrx_word' id='word_1_529' title='bbox 1986 3000 2261 3055; x_wconf 85' lang='lat' dir='ltr'><strong>dicentem</strong></span> <span class='ocrx_word' id='word_1_530' title='bbox 2285 3007 2336 3052; x_wconf 90' lang='lat' dir='ltr'><strong>te</strong></span> <span class='ocrx_word' id='word_1_531' title='bbox 2389 2997 2524 3052; x_wconf 89' lang='lat' dir='ltr'><strong>mihi</strong></span> <span class='ocrx_word' id='word_1_532' title='bbox 2557 2999 2878 3066; x_wconf 80' lang='lat' dir='ltr'><strong>gratiﬁcari,</strong></span> <span class='ocrx_word' id='word_1_533' title='bbox 2909 2999 3046 3053; x_wconf 89' lang='lat' dir='ltr'><strong>scito</strong></span> <span class='ocrx_word' id='word_1_534' title='bbox 3074 3014 3159 3054; x_wconf 89' lang='lat' dir='ltr'><strong>me</strong></span> <span class='ocrx_word' id='word_1_535' title='bbox 3199 3008 3254 3054; x_wconf 91' lang='lat' dir='ltr'><strong>et</strong></span> <span class='ocrx_word' id='word_1_536' title='bbox 3284 3009 3561 3054; x_wconf 89' lang='lat' dir='ltr'><strong>amantem</strong></span> 
     </span>
    </p>
   </div>
   <div class='ocr_carea' id='block_1_73' title="bbox 1989 3089 3559 3154">
    <p class='ocr_par' dir='ltr' id='par_1_73' title="bbox 1989 3089 3559 3154">
     <span class='ocr_line' id='line_1_73' title="bbox 1989 3089 3559 3154; baseline -0.001 -7"><span class='ocrx_word' id='word_1_537' title='bbox 1989 3091 2252 3154; x_wconf 87' lang='lat' dir='ltr'><strong>Platonis,</strong></span> <span class='ocrx_word' id='word_1_538' title='bbox 2292 3097 2347 3144; x_wconf 88' lang='lat' dir='ltr'><strong>et</strong></span> <span class='ocrx_word' id='word_1_539' title='bbox 2396 3099 2670 3143; x_wconf 87' lang='lat' dir='ltr'><strong>amantem</strong></span> <span class='ocrx_word' id='word_1_540' title='bbox 2722 3089 3035 3144; x_wconf 83' lang='lat' dir='ltr'><strong>Aristotelis</strong></span> <span class='ocrx_word' id='word_1_541' title='bbox 3065 3099 3121 3144; x_wconf 91' lang='lat' dir='ltr'><strong>et</strong></span> <span class='ocrx_word' id='word_1_542' title='bbox 3150 3090 3317 3145; x_wconf 84' lang='lat' dir='ltr'><strong>hosce</strong></span> <span class='ocrx_word' id='word_1_543' title='bbox 3363 3091 3559 3146; x_wconf 89' lang='lat' dir='ltr'><strong>ambos</strong></span> 
     </span>
    </p>
   </div>
   <div class='ocr_carea' id='block_1_74' title="bbox 1986 3180 3562 3252">
    <p class='ocr_par' dir='ltr' id='par_1_74' title="bbox 1986 3180 3562 3252">
     <span class='ocr_line' id='line_1_74' title="bbox 1986 3180 3562 3252; baseline 0 -16"><span class='ocrx_word' id='word_1_544' title='bbox 1986 3193 2250 3252; x_wconf 87' lang='lat' dir='ltr'><strong>tanquam</strong></span> <span class='ocrx_word' id='word_1_545' title='bbox 2287 3180 2734 3252; x_wconf 85' lang='lat' dir='ltr'><strong>sapientissimos</strong></span> <span class='ocrx_word' id='word_1_546' title='bbox 2766 3189 3125 3235; x_wconf 81' lang='lat' dir='ltr'><strong>venerantem</strong></span> <span class='ocrx_word' id='word_1_547' title='bbox 3162 3197 3177 3235; x_wconf 89' lang='lat'><strong>:</strong></span> <span class='ocrx_word' id='word_1_548' title='bbox 3211 3182 3264 3236; x_wconf 91' lang='lat' dir='ltr'><strong>in</strong></span> <span class='ocrx_word' id='word_1_549' title='bbox 3294 3181 3562 3237; x_wconf 87' lang='lat' dir='ltr'><strong>Plethone</strong></span> 
     </span>
    </p>
   </div>
   <div class='ocr_carea' id='block_1_75' title="bbox 1986 3273 3565 3346">
    <p class='ocr_par' dir='ltr' id='par_1_75' title="bbox 1986 3273 3565 3346">
     <span class='ocr_line' id='line_1_75' title="bbox 1986 3273 3565 3346; baseline -0.001 -15"><span class='ocrx_word' id='word_1_550' title='bbox 1986 3280 2152 3331; x_wconf 88' lang='lat' dir='ltr'><strong>etiam</strong></span> <span class='ocrx_word' id='word_1_551' title='bbox 2191 3290 2451 3346; x_wconf 84' lang='lat' dir='ltr'><strong>magnum</strong></span> <span class='ocrx_word' id='word_1_552' title='bbox 2476 3273 2755 3344; x_wconf 82' lang='lat' dir='ltr'><strong>ingenium</strong></span> <span class='ocrx_word' id='word_1_553' title='bbox 2785 3284 2840 3327; x_wconf 91' lang='lat' dir='ltr'><strong>et</strong></span> <span class='ocrx_word' id='word_1_554' title='bbox 2875 3275 3194 3343; x_wconf 63' lang='lat' dir='ltr'><strong>praeclaram</strong></span> <span class='ocrx_word' id='word_1_555' title='bbox 3224 3274 3463 3331; x_wconf 89' lang='lat' dir='ltr'><strong>indolem</strong></span> <span class='ocrx_word' id='word_1_556' title='bbox 3491 3275 3565 3329; x_wconf 91' lang='lat' dir='ltr'><strong>ita</strong></span> 
     </span>
    </p>
   </div>
   <div class='ocr_carea' id='block_1_76' title="bbox 1987 3365 3566 3430">
    <p class='ocr_par' dir='ltr' id='par_1_76' title="bbox 1987 3365 3566 3430">
     <span class='ocr_line' id='line_1_76' title="bbox 1987 3365 3566 3430; baseline -0.003 -8"><span class='ocrx_word' id='word_1_557' title='bbox 1987 3367 2175 3422; x_wconf 88' lang='lat' dir='ltr'><strong>mirari</strong></span> <span class='ocrx_word' id='word_1_558' title='bbox 2214 3383 2320 3430; x_wconf 91' lang='lat' dir='ltr'><strong>me,</strong></span> <span class='ocrx_word' id='word_1_559' title='bbox 2361 3375 2413 3420; x_wconf 90' lang='lat' dir='ltr'><strong>ut</strong></span> <span class='ocrx_word' id='word_1_560' title='bbox 2468 3365 2733 3420; x_wconf 86' lang='lat' dir='ltr'><strong>adversus</strong></span> <span class='ocrx_word' id='word_1_561' title='bbox 2777 3366 3122 3420; x_wconf 82' lang='lat' dir='ltr'><strong>Aristotelem</strong></span> <span class='ocrx_word' id='word_1_562' title='bbox 3173 3367 3417 3420; x_wconf 88' lang='lat' dir='ltr'><strong>animum</strong></span> <span class='ocrx_word' id='word_1_563' title='bbox 3458 3375 3566 3419; x_wconf 88' lang='lat' dir='ltr'><strong>tam</strong></span> 
     </span>
    </p>
   </div>
   <div class='ocr_carea' id='block_1_77' title="bbox 1988 3457 3564 3530">
    <p class='ocr_par' dir='ltr' id='par_1_77' title="bbox 1988 3457 3564 3530">
     <span class='ocr_line' id='line_1_77' title="bbox 1988 3457 3564 3530; baseline 0 -18"><span class='ocrx_word' id='word_1_564' title='bbox 1988 3473 2317 3530; x_wconf 85' lang='lat' dir='ltr'><strong>pugnacem,</strong></span> <span class='ocrx_word' id='word_1_565' title='bbox 2353 3465 2463 3512; x_wconf 91' lang='lat' dir='ltr'><strong>tam</strong></span> <span class='ocrx_word' id='word_1_566' title='bbox 2489 3458 2843 3522; x_wconf 90' lang='lat' dir='ltr'><strong>malevolum,</strong></span> <span class='ocrx_word' id='word_1_567' title='bbox 2863 3457 3088 3512; x_wconf 90' lang='lat' dir='ltr'><strong>minime</strong></span> <span class='ocrx_word' id='word_1_568' title='bbox 3122 3458 3363 3512; x_wconf 86' lang='lat' dir='ltr'><strong>laudem.</strong></span> <span class='ocrx_word' id='word_1_569' title='bbox 3389 3457 3564 3512; x_wconf 74' lang='lat' dir='ltr'><strong>Velim</strong></span> 
     </span>
    </p>
   </div>
   <div class='ocr_carea' id='block_1_78' title="bbox 1989 3547 3568 3619">
    <p class='ocr_par' dir='ltr' id='par_1_78' title="bbox 1989 3547 3568 3619">
     <span class='ocr_line' id='line_1_78' title="bbox 1989 3547 3568 3619; baseline -0.003 -17"><span class='ocrx_word' id='word_1_570' title='bbox 1989 3550 2192 3619; x_wconf 85' lang='lat' dir='ltr'><strong>quippe</strong></span> <span class='ocrx_word' id='word_1_571' title='bbox 2223 3558 2277 3602; x_wconf 82' lang='lat' dir='ltr'><strong>et</strong></span> <span class='ocrx_word' id='word_1_572' title='bbox 2306 3547 2456 3602; x_wconf 91' lang='lat' dir='ltr'><strong>illum</strong></span> <span class='ocrx_word' id='word_1_573' title='bbox 2478 3547 2786 3613; x_wconf 76' lang='lat' dir='ltr'><strong>Aristoteli,</strong></span> <span class='ocrx_word' id='word_1_574' title='bbox 2815 3557 2870 3602; x_wconf 91' lang='lat' dir='ltr'><strong>et</strong></span> <span class='ocrx_word' id='word_1_575' title='bbox 2895 3547 3032 3602; x_wconf 87' lang='lat' dir='ltr'><strong>alios</strong></span> <span class='ocrx_word' id='word_1_576' title='bbox 3061 3547 3288 3616; x_wconf 78' lang='lat' dir='ltr'><strong>quosvis</strong></span> <span class='ocrx_word' id='word_1_577' title='bbox 3315 3563 3410 3600; x_wconf 90' lang='lat' dir='ltr'><strong>seu</strong></span> <span class='ocrx_word' id='word_1_578' title='bbox 3431 3548 3568 3600; x_wconf 62' lang='lat' dir='ltr'><strong>duo-</strong></span> 
     </span>
    </p>
   </div>
   <div class='ocr_carea' id='block_1_79' title="bbox 1990 3639 3567 3711">
    <p class='ocr_par' dir='ltr' id='par_1_79' title="bbox 1990 3639 3567 3711">
     <span class='ocr_line' id='line_1_79' title="bbox 1990 3639 3567 3711; baseline -0.005 -13"><span class='ocrx_word' id='word_1_579' title='bbox 1990 3643 2094 3698; x_wconf 87' lang='lat' dir='ltr'><strong>bus</strong></span> <span class='ocrx_word' id='word_1_580' title='bbox 2122 3641 2577 3711; x_wconf 67' lang='lat' dir='ltr'><strong>[iltilosOphorum</strong></span> <span class='ocrx_word' id='word_1_581' title='bbox 2605 3639 2972 3711; x_wconf 86' lang='lat' dir='ltr'><strong>principibus,</strong></span> <span class='ocrx_word' id='word_1_582' title='bbox 2997 3640 3114 3694; x_wconf 88' lang='lat' dir='ltr'><strong>sive</strong></span> <span class='ocrx_word' id='word_1_583' title='bbox 3144 3639 3244 3709; x_wconf 87' lang='lat' dir='ltr'><strong>ipsi</strong></span> <span class='ocrx_word' id='word_1_584' title='bbox 3285 3639 3567 3699; x_wconf 82' lang='lat' dir='ltr'><strong>Plethoni,</strong></span> 
     </span>
    </p>
   </div>
   <div class='ocr_carea' id='block_1_80' title="bbox 1992 3733 3570 3804">
    <p class='ocr_par' dir='ltr' id='par_1_80' title="bbox 1992 3733 3570 3804">
     <span class='ocr_line' id='line_1_80' title="bbox 1992 3733 3570 3804; baseline -0.002 -14"><span class='ocrx_word' id='word_1_585' title='bbox 1992 3736 2109 3790; x_wconf 86' lang='lat' dir='ltr'><strong>sive</strong></span> <span class='ocrx_word' id='word_1_586' title='bbox 2165 3735 2287 3788; x_wconf 88' lang='lat' dir='ltr'><strong>aliis</strong></span> <span class='ocrx_word' id='word_1_587' title='bbox 2340 3734 2788 3804; x_wconf 88' lang='lat' dir='ltr'><strong>quibuscunque,</strong></span> <span class='ocrx_word' id='word_1_588' title='bbox 2847 3742 2995 3789; x_wconf 87' lang='lat' dir='ltr'><strong>tanta</strong></span> <span class='ocrx_word' id='word_1_589' title='bbox 3039 3734 3282 3788; x_wconf 77' lang='lat' dir='ltr'><strong>adhibita</strong></span> <span class='ocrx_word' id='word_1_590' title='bbox 3313 3733 3570 3787; x_wconf 74' lang='lat' dir='ltr'><strong>camiune</strong></span> 
     </span>
    </p>
   </div>
   <div class='ocr_carea' id='block_1_81' title="bbox 1993 3822 3572 3894">
    <p class='ocr_par' dir='ltr' id='par_1_81' title="bbox 1993 3822 3572 3894">
     <span class='ocr_line' id='line_1_81' title="bbox 1993 3822 3572 3894; baseline -0.001 -15"><span class='ocrx_word' id='word_1_591' title='bbox 1993 3840 2351 3890; x_wconf 90' lang='lat' dir='ltr'><strong>concurrere,</strong></span> <span class='ocrx_word' id='word_1_592' title='bbox 2384 3836 2590 3894; x_wconf 90' lang='lat' dir='ltr'><strong>quanta</strong></span> <span class='ocrx_word' id='word_1_593' title='bbox 2613 3825 2940 3880; x_wconf 83' lang='lat' dir='ltr'><strong>Aristoteles</strong></span> <span class='ocrx_word' id='word_1_594' title='bbox 2972 3824 3042 3880; x_wconf 87' lang='lat' dir='ltr'><strong>iis</strong></span> <span class='ocrx_word' id='word_1_595' title='bbox 3068 3825 3160 3893; x_wconf 89' lang='lat' dir='ltr'><strong>qui</strong></span> <span class='ocrx_word' id='word_1_596' title='bbox 3186 3834 3326 3878; x_wconf 88' lang='lat' dir='ltr'><strong>.ante</strong></span> <span class='ocrx_word' id='word_1_597' title='bbox 3359 3839 3418 3877; x_wconf 84' lang='lat' dir='ltr'><strong>se</strong></span> <span class='ocrx_word' id='word_1_598' title='bbox 3454 3822 3572 3878; x_wconf 75' lang='lat' dir='ltr'><strong>tuc-</strong></span> 
     </span>
    </p>
   </div>
   <div class='ocr_carea' id='block_1_82' title="bbox 1997 3916 3570 3987">
    <p class='ocr_par' dir='ltr' id='par_1_82' title="bbox 1997 3916 3570 3987">
     <span class='ocr_line' id='line_1_82' title="bbox 1997 3916 3570 3987; baseline -0.004 -15"><span class='ocrx_word' id='word_1_599' title='bbox 1997 3925 2124 3973; x_wconf 86' lang='lat' dir='ltr'><strong>runt</strong></span> <span class='ocrx_word' id='word_1_600' title='bbox 2169 3916 2522 3973; x_wconf 79' lang='lat' dir='ltr'><strong>contradixit.</strong></span> <span class='ocrx_word' id='word_1_601' title='bbox 2564 3916 2775 3987; x_wconf 85' lang='lat' dir='ltr'><strong>Nempe</strong></span> <span class='ocrx_word' id='word_1_602' title='bbox 2823 3918 2869 3972; x_wconf 87' lang='lat' dir='ltr'><strong>is</strong></span> <span class='ocrx_word' id='word_1_603' title='bbox 2929 3917 3204 3970; x_wconf 81' lang='lat' dir='ltr'><strong>ratioaum</strong></span> <span class='ocrx_word' id='word_1_604' title='bbox 3242 3916 3291 3969; x_wconf 89' lang='lat' dir='ltr'><strong>vi</strong></span> <span class='ocrx_word' id='word_1_605' title='bbox 3331 3932 3570 3985; x_wconf 63' lang='lat' dir='ltr'><strong>semper,</strong></span> 
     </span>
    </p>
   </div>
   <div class='ocr_carea' id='block_1_83' title="bbox 1993 4008 3572 4080">
    <p class='ocr_par' dir='ltr' id='par_1_83' title="bbox 1993 4008 3572 4080">
     <span class='ocr_line' id='line_1_83' title="bbox 1993 4008 3572 4080; baseline -0.001 -15"><span class='ocrx_word' id='word_1_606' title='bbox 1993 4019 2049 4065; x_wconf 89' lang='lat' dir='ltr'><strong>et</strong></span> <span class='ocrx_word' id='word_1_607' title='bbox 2081 4008 2243 4079; x_wconf 87' lang='lat' dir='ltr'><strong>petita</strong></span> <span class='ocrx_word' id='word_1_608' title='bbox 2276 4010 2600 4080; x_wconf 87' lang='lat' dir='ltr'><strong>plerumque</strong></span> <span class='ocrx_word' id='word_1_609' title='bbox 2619 4010 2804 4078; x_wconf 86' lang='lat' dir='ltr'><strong>venia,</strong></span> <span class='ocrx_word' id='word_1_610' title='bbox 2833 4010 2949 4064; x_wconf 83' lang='lat' dir='ltr'><strong>sive</strong></span> <span class='ocrx_word' id='word_1_611' title='bbox 2974 4011 3042 4063; x_wconf 91' lang='lat' dir='ltr'><strong>ab</strong></span> <span class='ocrx_word' id='word_1_612' title='bbox 3063 4009 3432 4071; x_wconf 67' lang='lat' dir='ltr'><strong>auditoribus,</strong></span> <span class='ocrx_word' id='word_1_613' title='bbox 3457 4009 3572 4064; x_wconf 87' lang='lat' dir='ltr'><strong>sive</strong></span> 
     </span>
    </p>
   </div>
   <div class='ocr_carea' id='block_1_84' title="bbox 1995 4098 3572 4168">
    <p class='ocr_par' dir='ltr' id='par_1_84' title="bbox 1995 4098 3572 4168">
     <span class='ocr_line' id='line_1_84' title="bbox 1995 4098 3572 4168; baseline 0 -16"><span class='ocrx_word' id='word_1_614' title='bbox 1995 4098 2064 4152; x_wconf 87' lang='lat' dir='ltr'><strong>ab</strong></span> <span class='ocrx_word' id='word_1_615' title='bbox 2105 4100 2170 4152; x_wconf 87' lang='lat' dir='ltr'><strong>iis</strong></span> <span class='ocrx_word' id='word_1_616' title='bbox 2209 4113 2348 4168; x_wconf 85' lang='lat' dir='ltr'><strong>quos</strong></span> <span class='ocrx_word' id='word_1_617' title='bbox 2380 4099 2760 4168; x_wconf 83' lang='lat' dir='ltr'><strong>reprehendit,</strong></span> <span class='ocrx_word' id='word_1_618' title='bbox 2801 4115 2915 4154; x_wconf 90' lang='lat' dir='ltr'><strong>rem</strong></span> <span class='ocrx_word' id='word_1_619' title='bbox 2957 4099 3037 4154; x_wconf 91' lang='lat' dir='ltr'><strong>sic</strong></span> <span class='ocrx_word' id='word_1_620' title='bbox 3067 4099 3410 4154; x_wconf 85' lang='lat' dir='ltr'><strong>demonstrat</strong></span> <span class='ocrx_word' id='word_1_621' title='bbox 3454 4110 3572 4152; x_wconf 91' lang='lat' dir='ltr'><strong>uta</strong></span> 
     </span>
    </p>
   </div>
   <div class='ocr_carea' id='block_1_85' title="bbox 1996 4189 3580 4258">
    <p class='ocr_par' dir='ltr' id='par_1_85' title="bbox 1996 4189 3580 4258">
     <span class='ocr_line' id='line_1_85' title="bbox 1996 4189 3580 4258; baseline -0.001 -14"><span class='ocrx_word' id='word_1_622' title='bbox 1996 4190 2260 4245; x_wconf 89' lang='lat' dir='ltr'><strong>conviciis</strong></span> <span class='ocrx_word' id='word_1_623' title='bbox 2291 4189 2584 4245; x_wconf 77' lang='lat' dir='ltr'><strong>abSIincat.</strong></span> <span class='ocrx_word' id='word_1_624' title='bbox 2622 4192 2764 4258; x_wconf 87' lang='lat' dir='ltr'><strong>Quin</strong></span> <span class='ocrx_word' id='word_1_625' title='bbox 2796 4202 2852 4246; x_wconf 90' lang='lat' dir='ltr'><strong>et</strong></span> <span class='ocrx_word' id='word_1_626' title='bbox 2879 4192 2968 4246; x_wconf 92' lang='lat' dir='ltr'><strong>ubi</strong></span> <span class='ocrx_word' id='word_1_627' title='bbox 3013 4192 3393 4247; x_wconf 83' lang='lat' dir='ltr'><strong>vehementius</strong></span> <span class='ocrx_word' id='word_1_628' title='bbox 3424 4192 3580 4245; x_wconf 86' lang='lat' dir='ltr'><strong>iuvc-</strong></span> 
     </span>
    </p>
   </div>
   <div class='ocr_carea' id='block_1_86' title="bbox 1999 4283 3585 4353">
    <p class='ocr_par' dir='ltr' id='par_1_86' title="bbox 1999 4283 3585 4353">
     <span class='ocr_line' id='line_1_86' title="bbox 1999 4283 3585 4353; baseline -0.001 -17"><span class='ocrx_word' id='word_1_629' title='bbox 1999 4283 2167 4347; x_wconf 83' lang='lat' dir='ltr'><strong>bitur,</strong></span> <span class='ocrx_word' id='word_1_630' title='bbox 2201 4291 2315 4336; x_wconf 88' lang='lat' dir='ltr'><strong>tum</strong></span> <span class='ocrx_word' id='word_1_631' title='bbox 2372 4299 2594 4353; x_wconf 65' lang='lat' dir='ltr'><strong>quoilue</strong></span> <span class='ocrx_word' id='word_1_632' title='bbox 2647 4285 2866 4337; x_wconf 90' lang='lat' dir='ltr'><strong>modum</strong></span> <span class='ocrx_word' id='word_1_633' title='bbox 2930 4294 3132 4339; x_wconf 82' lang='lat' dir='ltr'><strong>servat.</strong></span> <span class='ocrx_word' id='word_1_634' title='bbox 3219 4283 3424 4338; x_wconf 80' lang='lat' dir='ltr'><strong>Forma:</strong></span> <span class='ocrx_word' id='word_1_635' title='bbox 3481 4300 3585 4335; x_wconf 83' lang='grc' dir='ltr'>(ιιι-</span> 
     </span>
    </p>
   </div>
   <div class='ocr_carea' id='block_1_87' title="bbox 307 4373 1879 4457">
    <p class='ocr_par' dir='ltr' id='par_1_87' title="bbox 307 4388 1879 4457">
     <span class='ocr_line' id='line_1_87' title="bbox 307 4388 1879 4457; baseline -0.001 -19"><span class='ocrx_word' id='word_1_636' title='bbox 307 4388 420 4457; x_wconf 72' lang='grc' dir='ltr'>γάρ</span> <span class='ocrx_word' id='word_1_637' title='bbox 453 4390 561 4441; x_wconf 76' lang='grc' dir='ltr'>εἰσι</span> <span class='ocrx_word' id='word_1_638' title='bbox 591 4403 606 4418; x_wconf 83' lang='grc'>⁶</span> <span class='ocrx_word' id='word_1_639' title='bbox 645 4389 741 4441; x_wconf 82' lang='grc' dir='ltr'><strong>καὶ</strong></span> <span class='ocrx_word' id='word_1_640' title='bbox 771 4388 819 4440; x_wconf 85' lang='grc' dir='ltr'><strong>εί</strong></span> <span class='ocrx_word' id='word_1_641' title='bbox 856 4389 1016 4453; x_wconf 73' lang='grc' dir='ltr'>είσὶν,</span> <span class='ocrx_word' id='word_1_642' title='bbox 1049 4389 1202 4440; x_wconf 80' lang='grc' dir='ltr'>οὐδὲν</span> <span class='ocrx_word' id='word_1_643' title='bbox 1244 4389 1378 4455; x_wconf 64' lang='grc' dir='ltr'>πρὶς</span> <span class='ocrx_word' id='word_1_644' title='bbox 1429 4388 1523 4440; x_wconf 84' lang='grc' dir='ltr'><strong>τὸν</strong></span> <span class='ocrx_word' id='word_1_645' title='bbox 1573 4388 1750 4454; x_wconf 72' lang='grc' dir='ltr'>λόγον.</span> <span class='ocrx_word' id='word_1_646' title='bbox 1783 4388 1879 4438; x_wconf 78' lang='lat' dir='ltr'><strong>Kal</strong></span> 
     </span>
    </p>
   </div>
   <div class='ocr_carea' id='block_1_88' title="bbox 1989 4373 3574 4457">
    <p class='ocr_par' dir='ltr' id='par_1_88' title="bbox 1997 4373 3574 4446">
     <span class='ocr_line' id='line_1_88' title="bbox 1997 4373 3574 4446; baseline 0.001 -21"><span class='ocrx_word' id='word_1_647' title='bbox 1997 4382 2120 4435; x_wconf 77' lang='lat' dir='ltr'><strong>tem,</strong></span> <span class='ocrx_word' id='word_1_648' title='bbox 2153 4373 2352 4442; x_wconf 90' lang='lat' dir='ltr'><strong>inquit,</strong></span> <span class='ocrx_word' id='word_1_649' title='bbox 2389 4374 2620 4427; x_wconf 73' lang='lat' dir='ltr'><strong>valeant.</strong></span> <span class='ocrx_word' id='word_1_650' title='bbox 2660 4373 2802 4428; x_wconf 88' lang='lat' dir='ltr'><strong>Nam</strong></span> <span class='ocrx_word' id='word_1_651' title='bbox 2841 4384 2889 4427; x_wconf 88' lang='lat' dir='ltr'><strong>et</strong></span> <span class='ocrx_word' id='word_1_652' title='bbox 2945 4377 3221 4446; x_wconf 68' lang='lat' dir='ltr'><strong>argutiola’</strong></span> <span class='ocrx_word' id='word_1_653' title='bbox 3268 4390 3344 4428; x_wconf 71' lang='lat' dir='ltr'><strong>ea:</strong></span> <span class='ocrx_word' id='word_1_654' title='bbox 3401 4382 3574 4427; x_wconf 89' lang='lat' dir='ltr'><strong>sunt:</strong></span> 
     </span>
    </p>
   </div>
   <div class='ocr_carea' id='block_1_89' title="bbox 305 4479 1890 4549">
    <p class='ocr_par' dir='ltr' id='par_1_89' title="bbox 305 4479 1890 4549">
     <span class='ocr_line' id='line_1_89' title="bbox 305 4479 1890 4549; baseline -0.001 -18"><span class='ocrx_word' id='word_1_655' title='bbox 305 4479 485 4540; x_wconf 72' lang='grc' dir='ltr'>αὖθις,</span> <span class='ocrx_word' id='word_1_656' title='bbox 511 4480 606 4548; x_wconf 71' lang='grc' dir='ltr'><strong>οὐχ</strong></span> <span class='ocrx_word' id='word_1_657' title='bbox 638 4480 848 4549; x_wconf 72' lang='grc' dir='ltr'>ἥψαντο</span> <span class='ocrx_word' id='word_1_658' title='bbox 871 4479 1224 4546; x_wconf 83' lang='grc' dir='ltr'>διαλεκτικῆς</span> <span class='ocrx_word' id='word_1_659' title='bbox 1248 4480 1297 4531; x_wconf 90' lang='grc' dir='ltr'><strong>οί</strong></span> <span class='ocrx_word' id='word_1_660' title='bbox 1329 4479 1543 4547; x_wconf 64' lang='grc' dir='ltr'>ἄνδρες,</span> <span class='ocrx_word' id='word_1_661' title='bbox 1573 4480 1701 4549; x_wconf 71' lang='grc' dir='ltr'>περί</span> <span class='ocrx_word' id='word_1_662' title='bbox 1726 4498 1890 4532; x_wconf 88' lang='grc' dir='ltr'>τινων</span> 
     </span>
    </p>
   </div>
   <div class='ocr_carea' id='block_1_90' title="bbox 303 4565 1888 4640">
    <p class='ocr_par' dir='ltr' id='par_1_90' title="bbox 303 4565 1888 4640">
     <span class='ocr_line' id='line_1_90' title="bbox 303 4565 1888 4640; baseline 0 -16"><span class='ocrx_word' id='word_1_663' title='bbox 303 4571 482 4624; x_wconf 81' lang='grc' dir='ltr'>ἄλλων</span> <span class='ocrx_word' id='word_1_664' title='bbox 513 4571 706 4636; x_wconf 82' lang='grc' dir='ltr'>λέγων.</span> <span class='ocrx_word' id='word_1_665' title='bbox 747 4565 912 4634; x_wconf 74' lang='grc' dir='ltr'>Οὗτος</span> <span class='ocrx_word' id='word_1_666' title='bbox 936 4573 964 4624; x_wconf 86' lang='grc' dir='ltr'>ὁ</span> <span class='ocrx_word' id='word_1_667' title='bbox 986 4571 1096 4623; x_wconf 81' lang='grc' dir='ltr'>τῶν</span> <span class='ocrx_word' id='word_1_668' title='bbox 1116 4571 1397 4640; x_wconf 84' lang='grc' dir='ltr'>λοιδοριῶν</span> <span class='ocrx_word' id='word_1_669' title='bbox 1431 4570 1596 4623; x_wconf 75' lang='grc' dir='ltr'>αὑτοῦ</span> <span class='ocrx_word' id='word_1_670' title='bbox 1627 4569 1888 4638; x_wconf 55' lang='grc' dir='ltr'>κολοφὼν.</span> 
     </span>
    </p>
   </div>
   <div class='ocr_carea' id='block_1_91' title="bbox 392 4746 1891 4817">
    <p class='ocr_par' dir='ltr' id='par_1_91' title="bbox 392 4746 1891 4817">
     <span class='ocr_line' id='line_1_91' title="bbox 392 4746 1891 4817; baseline -0.001 -18"><span class='ocrx_word' id='word_1_671' title='bbox 392 4747 584 4816; x_wconf 81' lang='grc' dir='ltr'>Ἡμεῖς</span> <span class='ocrx_word' id='word_1_672' title='bbox 631 4748 688 4800; x_wconf 85' lang='grc' dir='ltr'>δὲ</span> <span class='ocrx_word' id='word_1_673' title='bbox 747 4747 1140 4816; x_wconf 82' lang='grc' dir='ltr'>ἀνθρωπίσκοι,</span> <span class='ocrx_word' id='word_1_674' title='bbox 1193 4746 1226 4816; x_wconf 82' lang='grc' dir='ltr'>ἢ</span> <span class='ocrx_word' id='word_1_675' title='bbox 1277 4746 1500 4816; x_wconf 83' lang='grc' dir='ltr'>πίθηκοί</span> <span class='ocrx_word' id='word_1_676' title='bbox 1564 4763 1711 4808; x_wconf 88' lang='grc' dir='ltr'>τινες</span> <span class='ocrx_word' id='word_1_677' title='bbox 1759 4747 1891 4817; x_wconf 74' lang='grc' dir='ltr'>πρ³›ς</span> 
     </span>
    </p>
   </div>
   <div class='ocr_carea' id='block_1_92' title="bbox 308 4839 1891 4910">
    <p class='ocr_par' dir='ltr' id='par_1_92' title="bbox 308 4839 1891 4910">
     <span class='ocr_line' id='line_1_92' title="bbox 308 4839 1891 4910; baseline -0.001 -16"><span class='ocrx_word' id='word_1_678' title='bbox 308 4843 555 4902; x_wconf 74' lang='grc' dir='ltr'>ἐκείνους</span> <span class='ocrx_word' id='word_1_679' title='bbox 608 4841 794 4910; x_wconf 77' lang='grc' dir='ltr'>ἥρωας</span> <span class='ocrx_word' id='word_1_680' title='bbox 855 4839 1007 4901; x_wconf 71' lang='grc' dir='ltr'>ὄντες</span> <span class='ocrx_word' id='word_1_681' title='bbox 1073 4839 1418 4908; x_wconf 82' lang='grc' dir='ltr'>τολμήσομεν</span> <span class='ocrx_word' id='word_1_682' title='bbox 1485 4839 1703 4902; x_wconf 78' lang='grc' dir='ltr'>αὐτοὺς,</span> <span class='ocrx_word' id='word_1_683' title='bbox 1739 4839 1891 4908; x_wconf 83' lang='grc' dir='ltr'><strong>φεῦι</strong></span> 
     </span>
    </p>
   </div>
   <div class='ocr_carea' id='block_1_93' title="bbox 296 4935 1894 5008">
    <p class='ocr_par' dir='ltr' id='par_1_93' title="bbox 296 4935 1894 5008">
     <span class='ocr_line' id='line_1_93' title="bbox 296 4935 1894 5008; baseline -0.001 -17"><span class='ocrx_word' id='word_1_684' title='bbox 296 4937 555 5008; x_wconf 66' lang='grc' dir='ltr'>ἀμαθεῖς</span> <span class='ocrx_word' id='word_1_685' title='bbox 590 4937 793 5005; x_wconf 80' lang='grc' dir='ltr'>λέγειν,</span> <span class='ocrx_word' id='word_1_686' title='bbox 851 4938 946 4990; x_wconf 76' lang='grc' dir='ltr'><strong>καὶ</strong></span> <span class='ocrx_word' id='word_1_687' title='bbox 983 4936 1055 4990; x_wconf 80' lang='grc' dir='ltr'>τὰ</span> <span class='ocrx_word' id='word_1_688' title='bbox 1106 4935 1166 5000; x_wconf 79' lang='grc' dir='ltr'>ἐξ</span> <span class='ocrx_word' id='word_1_689' title='bbox 1220 4937 1448 5006; x_wconf 79' lang='grc' dir='ltr'>ἀμαθῶν</span> <span class='ocrx_word' id='word_1_690' title='bbox 1479 4936 1589 5008; x_wconf 72' lang='grc'><strong>(14)</strong></span> <span class='ocrx_word' id='word_1_691' title='bbox 1623 4936 1894 4990; x_wconf 84' lang='grc' dir='ltr'>σκώπτειν</span> 
     </span>
    </p>
   </div>
   <div class='ocr_carea' id='block_1_94' title="bbox 314 5029 1892 5102">
    <p class='ocr_par' dir='ltr' id='par_1_94' title="bbox 314 5029 1892 5102">
     <span class='ocr_line' id='line_1_94' title="bbox 314 5029 1892 5102; baseline -0.001 -18"><span class='ocrx_word' id='word_1_692' title='bbox 314 5032 521 5102; x_wconf 75' lang='grc' dir='ltr'>μᾶλλον</span> <span class='ocrx_word' id='word_1_693' title='bbox 553 5031 585 5100; x_wconf 84' lang='grc' dir='ltr'>ἢ</span> <span class='ocrx_word' id='word_1_694' title='bbox 621 5029 890 5099; x_wconf 76' lang='grc' dir='ltr'>κωμῳδία</span> <span class='ocrx_word' id='word_1_695' title='bbox 925 5031 1050 5092; x_wconf 78' lang='grc' dir='ltr'>τοὺς</span> <span class='ocrx_word' id='word_1_696' title='bbox 1082 5031 1208 5096; x_wconf 79' lang='grc' dir='ltr'>περὶ</span> <span class='ocrx_word' id='word_1_697' title='bbox 1229 5029 1453 5083; x_wconf 81' lang='grc' dir='ltr'>Κλέωνά</span> <span class='ocrx_word' id='word_1_698' title='bbox 1481 5046 1540 5082; x_wconf 87' lang='grc' dir='ltr'><strong>τε</strong></span> <span class='ocrx_word' id='word_1_699' title='bbox 1572 5030 1664 5082; x_wconf 74' lang='grc' dir='ltr'><strong>καὶ</strong></span> <span class='ocrx_word' id='word_1_700' title='bbox 1692 5030 1892 5099; x_wconf 82' lang='grc' dir='ltr'>Ὑπέρ-</span> 
     </span>
    </p>
   </div>
   <div class='ocr_carea' id='block_1_95' title="bbox 311 5121 1895 5189">
    <p class='ocr_par' dir='ltr' id='par_1_95' title="bbox 311 5121 1895 5189">
     <span class='ocr_line' id='line_1_95' title="bbox 311 5121 1895 5189; baseline -0.002 -12"><span class='ocrx_word' id='word_1_701' title='bbox 311 5124 511 5185; x_wconf 84' lang='grc' dir='ltr'>6ολον;</span> <span class='ocrx_word' id='word_1_702' title='bbox 542 5123 685 5185; x_wconf 84' lang='grc' dir='ltr'>τίνες</span> <span class='ocrx_word' id='word_1_703' title='bbox 716 5122 866 5184; x_wconf 75' lang='grc' dir='ltr'>ὄντες</span> <span class='ocrx_word' id='word_1_704' title='bbox 903 5138 918 5188; x_wconf 87' lang='grc'>;</span> <span class='ocrx_word' id='word_1_705' title='bbox 957 5121 1117 5173; x_wconf 82' lang='grc' dir='ltr'>ποίαν</span> <span class='ocrx_word' id='word_1_706' title='bbox 1149 5121 1372 5189; x_wconf 81' lang='grc' dir='ltr'>γνῶσιν,</span> <span class='ocrx_word' id='word_1_707' title='bbox 1405 5122 1564 5174; x_wconf 86' lang='grc' dir='ltr'>ποίαν</span> <span class='ocrx_word' id='word_1_708' title='bbox 1592 5122 1700 5174; x_wconf 84' lang='grc' dir='ltr'><strong>τῶν</strong></span> <span class='ocrx_word' id='word_1_709' title='bbox 1725 5122 1895 5174; x_wconf 77' lang='grc' dir='ltr'>ὄντων</span> 
     </span>
    </p>
   </div>
   <div class='ocr_carea' id='block_1_96' title="bbox 311 5211 1895 5283">
    <p class='ocr_par' dir='ltr' id='par_1_96' title="bbox 311 5211 1895 5283">
     <span class='ocr_line' id='line_1_96' title="bbox 311 5211 1895 5283; baseline -0.001 -19"><span class='ocrx_word' id='word_1_710' title='bbox 311 5212 530 5282; x_wconf 80' lang='grc' dir='ltr'>ἔχοντες</span> <span class='ocrx_word' id='word_1_711' title='bbox 563 5212 926 5280; x_wconf 77' lang='grc' dir='ltr'>ἐπιστήμηνς</span> <span class='ocrx_word' id='word_1_712' title='bbox 984 5211 1183 5281; x_wconf 82' lang='grc' dir='ltr'>Μωρία</span> <span class='ocrx_word' id='word_1_713' title='bbox 1226 5211 1401 5266; x_wconf 77' lang='grc' dir='ltr'>ταῦτα</span> <span class='ocrx_word' id='word_1_714' title='bbox 1442 5213 1537 5265; x_wconf 76' lang='grc' dir='ltr'>καὶ</span> <span class='ocrx_word' id='word_1_715' title='bbox 1585 5213 1751 5283; x_wconf 87' lang='grc' dir='ltr'>μανία</span> <span class='ocrx_word' id='word_1_716' title='bbox 1818 5212 1895 5280; x_wconf 83' lang='grc' dir='ltr'>τῷ</span> 
     </span>
    </p>
   </div>
   <div class='ocr_carea' id='block_1_97' title="bbox 313 5298 1894 5377">
    <p class='ocr_par' dir='ltr' id='par_1_97' title="bbox 313 5298 1894 5377">
     <span class='ocr_line' id='line_1_97' title="bbox 313 5298 1894 5377; baseline 0.003 -21"><span class='ocrx_word' id='word_1_717' title='bbox 313 5306 428 5357; x_wconf 76' lang='grc' dir='ltr'>ὂντι</span> <span class='ocrx_word' id='word_1_718' title='bbox 451 5305 648 5374; x_wconf 78' lang='grc' dir='ltr'>σαφής.</span> <span class='ocrx_word' id='word_1_719' title='bbox 679 5305 833 5374; x_wconf 79' lang='grc' dir='ltr'>Μηδὲ</span> <span class='ocrx_word' id='word_1_720' title='bbox 872 5304 978 5372; x_wconf 83' lang='grc' dir='ltr'><strong>γὰρ</strong></span> <span class='ocrx_word' id='word_1_721' title='bbox 1003 5305 1137 5367; x_wconf 74' lang='grc' dir='ltr'>οἴου,</span> <span class='ocrx_word' id='word_1_722' title='bbox 1163 5298 1208 5357; x_wconf 83' lang='grc' dir='ltr'>ὧ</span> <span class='ocrx_word' id='word_1_723' title='bbox 1237 5305 1506 5374; x_wconf 81' lang='grc' dir='ltr'>βέλτιστε,</span> <span class='ocrx_word' id='word_1_724' title='bbox 1533 5306 1606 5368; x_wconf 84' lang='grc' dir='ltr'>ὡς</span> <span class='ocrx_word' id='word_1_725' title='bbox 1636 5305 1758 5358; x_wconf 81' lang='grc' dir='ltr'>εῑτι</span> <span class='ocrx_word' id='word_1_726' title='bbox 1781 5305 1894 5377; x_wconf 82' lang='lat' dir='ltr'><strong>(I5)</strong></span> 
     </span>
    </p>
   </div>
   <div class='ocr_carea' id='block_1_98' title="bbox 314 5395 1890 5468">
    <p class='ocr_par' dir='ltr' id='par_1_98' title="bbox 314 5395 1890 5468">
     <span class='ocr_line' id='line_1_98' title="bbox 314 5395 1890 5468; baseline -0.001 -19"><span class='ocrx_word' id='word_1_727' title='bbox 314 5395 588 5466; x_wconf 82' lang='grc' dir='ltr'>Πλήθωνι,</span> <span class='ocrx_word' id='word_1_728' title='bbox 622 5398 772 5467; x_wconf 78' lang='grc' dir='ltr'>σοφῴ</span> <span class='ocrx_word' id='word_1_729' title='bbox 800 5413 858 5448; x_wconf 85' lang='grc' dir='ltr'><strong>τε</strong></span> <span class='ocrx_word' id='word_1_730' title='bbox 880 5398 972 5448; x_wconf 71' lang='grc' dir='ltr'>καὶ</span> <span class='ocrx_word' id='word_1_731' title='bbox 994 5398 1226 5467; x_wconf 77' lang='grc' dir='ltr'>γενναίῳ</span> <span class='ocrx_word' id='word_1_732' title='bbox 1258 5397 1434 5466; x_wconf 76' lang='grc' dir='ltr'>ἀνδρὶ,</span> <span class='ocrx_word' id='word_1_733' title='bbox 1465 5397 1575 5449; x_wconf 74' lang='grc' dir='ltr'>εἴτε</span> <span class='ocrx_word' id='word_1_734' title='bbox 1610 5396 1890 5468; x_wconf 76' lang='grc' dir='ltr'>Πλωτίνῳ,</span> 
     </span>
    </p>
   </div>
   <div class='ocr_carea' id='block_1_99' title="bbox 391 5554 1247 5624">
    <p class='ocr_par' dir='ltr' id='par_1_99' title="bbox 391 5554 1247 5624">
     <span class='ocr_line' id='line_1_99' title="bbox 391 5554 1247 5624; baseline -0.001 -14"><span class='ocrx_word' id='word_1_735' title='bbox 391 5555 504 5624; x_wconf 81' lang='grc' dir='ltr'><strong>(Η)</strong></span> <span class='ocrx_word' id='word_1_736' title='bbox 541 5554 615 5616; x_wconf 88' lang='grc' dir='ltr'>ὡς</span> <span class='ocrx_word' id='word_1_737' title='bbox 647 5555 899 5608; x_wconf 80' lang='grc' dir='ltr'>ἐπιπολὺ.</span> <span class='ocrx_word' id='word_1_738' title='bbox 930 5555 1053 5609; x_wconf 88' lang='lat' dir='ltr'><strong>cod.</strong></span> <span class='ocrx_word' id='word_1_739' title='bbox 1086 5554 1247 5609; x_wconf 71' lang='lat'><strong>50.54.</strong></span> 
     </span>
    </p>
   </div>
   <div class='ocr_carea' id='block_1_100' title="bbox 393 5621 1895 5698">
    <p class='ocr_par' dir='ltr' id='par_1_100' title="bbox 393 5621 1895 5698">
     <span class='ocr_line' id='line_1_100' title="bbox 393 5621 1895 5698; baseline 0 -19"><span class='ocrx_word' id='word_1_740' title='bbox 393 5621 506 5698; x_wconf 68' lang='lat' dir='ltr'><strong>(i2)</strong></span> <span class='ocrx_word' id='word_1_741' title='bbox 547 5625 664 5678; x_wconf 75' lang='lat' dir='ltr'><strong>Vide</strong></span> <span class='ocrx_word' id='word_1_742' title='bbox 702 5624 974 5680; x_wconf 73' lang='lat' dir='ltr'><strong>Aristotcl.</strong></span> <span class='ocrx_word' id='word_1_743' title='bbox 1009 5627 1179 5680; x_wconf 86' lang='lat' dir='ltr'><strong>lib.t:</strong></span> <span class='ocrx_word' id='word_1_744' title='bbox 1220 5626 1353 5693; x_wconf 79' lang='grc' dir='ltr'><strong>Περὶ</strong></span> <span class='ocrx_word' id='word_1_745' title='bbox 1382 5621 1652 5694; x_wconf 64' lang='grc' dir='ltr'>φυσικῆς</span> <span class='ocrx_word' id='word_1_746' title='bbox 1678 5624 1895 5693; x_wconf 72' lang='grc' dir='ltr'>ἀκροά-</span> 
     </span>
    </p>
   </div>
   <div class='ocr_carea' id='block_1_101' title="bbox 319 5715 1891 5840">
    <p class='ocr_par' dir='ltr' id='par_1_101' title="bbox 319 5715 1891 5840">
     <span class='ocr_line' id='line_1_101' title="bbox 319 5715 499 5756; baseline -0.039 0"><span class='ocrx_word' id='word_1_747' title='bbox 319 5715 443 5756; x_wconf 82' lang='grc' dir='ltr'><strong>σεω</strong></span> <span class='ocrx_word' id='word_1_748' title='bbox 487 5737 499 5749; x_wconf 93' lang='grc'><strong>.</strong></span> 
     </span>
     <span class='ocr_line' id='line_1_102' title="bbox 400 5718 1891 5840; baseline -0.001 -18"><span class='ocrx_word' id='word_1_749' title='bbox 400 5718 513 5840; x_wconf 67' lang='grc' dir='ltr'><strong>(ίὲ)</strong></span> <span class='ocrx_word' id='word_1_750' title='bbox 545 5767 945 5840; x_wconf 75' lang='grc' dir='ltr'>Τερετίσματα,</span> <span class='ocrx_word' id='word_1_751' title='bbox 1000 5766 1304 5821; x_wconf 68' lang='lat' dir='ltr'><strong>(ferularum</strong></span> <span class='ocrx_word' id='word_1_752' title='bbox 1358 5779 1584 5831; x_wconf 61' lang='lat' dir='ltr'><strong>(cintus,</strong></span> <span class='ocrx_word' id='word_1_753' title='bbox 1646 5769 1891 5823; x_wconf 68' lang='lat' dir='ltr'><strong>cantiun-</strong></span> 
     </span>
    </p>
   </div>
   <div class='ocr_carea' id='block_1_102' title="bbox 1998 4465 3580 4535">
    <p class='ocr_par' dir='ltr' id='par_1_102' title="bbox 1998 4465 3580 4535">
     <span class='ocr_line' id='line_1_103' title="bbox 1998 4465 3580 4535; baseline 0.002 -19"><span class='ocrx_word' id='word_1_754' title='bbox 1998 4473 2047 4518; x_wconf 79' lang='grc' dir='ltr'><strong>ει</strong></span> <span class='ocrx_word' id='word_1_755' title='bbox 2084 4465 2130 4518; x_wconf 73' lang='grc' dir='ltr'>εἰ</span> <span class='ocrx_word' id='word_1_756' title='bbox 2158 4474 2302 4527; x_wconf 78' lang='lat' dir='ltr'><strong>sunt,</strong></span> <span class='ocrx_word' id='word_1_757' title='bbox 2336 4466 2467 4519; x_wconf 80' lang='lat' dir='ltr'><strong>nihil</strong></span> <span class='ocrx_word' id='word_1_758' title='bbox 2496 4470 2566 4518; x_wconf 82' lang='lat' dir='ltr'><strong>ad</strong></span> <span class='ocrx_word' id='word_1_759' title='bbox 2597 4482 2728 4519; x_wconf 86' lang='lat' dir='ltr'><strong>rem.</strong></span> <span class='ocrx_word' id='word_1_760' title='bbox 2765 4467 2826 4519; x_wconf 87' lang='lat' dir='ltr'><strong>Et</strong></span> <span class='ocrx_word' id='word_1_761' title='bbox 2860 4483 3050 4520; x_wconf 88' lang='lat' dir='ltr'><strong>rursus</strong></span> <span class='ocrx_word' id='word_1_762' title='bbox 3079 4467 3146 4521; x_wconf 88' lang='lat' dir='ltr'><strong>de</strong></span> <span class='ocrx_word' id='word_1_763' title='bbox 3186 4466 3310 4520; x_wconf 88' lang='lat' dir='ltr'><strong>aliis</strong></span> <span class='ocrx_word' id='word_1_764' title='bbox 3348 4466 3580 4535; x_wconf 83' lang='lat' dir='ltr'><strong>quibus-</strong></span> 
     </span>
    </p>
   </div>
   <div class='ocr_carea' id='block_1_103' title="bbox 1996 4556 3580 4628">
    <p class='ocr_par' dir='ltr' id='par_1_103' title="bbox 1996 4556 3580 4628">
     <span class='ocr_line' id='line_1_104' title="bbox 1996 4556 3580 4628; baseline 0.001 -17"><span class='ocrx_word' id='word_1_765' title='bbox 1996 4559 2118 4611; x_wconf 86' lang='lat' dir='ltr'><strong>dam</strong></span> <span class='ocrx_word' id='word_1_766' title='bbox 2151 4556 2473 4611; x_wconf 86' lang='lat' dir='ltr'><strong>hominibus</strong></span> <span class='ocrx_word' id='word_1_767' title='bbox 2506 4558 2762 4626; x_wconf 72' lang='lat' dir='ltr'><strong>ioquens,</strong></span> <span class='ocrx_word' id='word_1_768' title='bbox 2798 4556 2915 4622; x_wconf 77' lang='lat' dir='ltr'><strong>Illi,</strong></span> <span class='ocrx_word' id='word_1_769' title='bbox 2965 4558 3160 4628; x_wconf 88' lang='lat' dir='ltr'><strong>inquit.</strong></span> <span class='ocrx_word' id='word_1_770' title='bbox 3195 4559 3298 4612; x_wconf 79' lang='lat' dir='ltr'><strong>viri</strong></span> <span class='ocrx_word' id='word_1_771' title='bbox 3339 4559 3580 4612; x_wconf 72' lang='lat' dir='ltr'><strong>dialecti-</strong></span> 
     </span>
    </p>
   </div>
   <div class='ocr_carea' id='block_1_104' title="bbox 1994 4650 3573 4718">
    <p class='ocr_par' dir='ltr' id='par_1_104' title="bbox 1994 4650 3573 4718">
     <span class='ocr_line' id='line_1_105' title="bbox 1994 4650 3573 4718; baseline 0.002 -17"><span class='ocrx_word' id='word_1_772' title='bbox 1994 4666 2110 4703; x_wconf 85' lang='lat' dir='ltr'><strong>cam</strong></span> <span class='ocrx_word' id='word_1_773' title='bbox 2137 4665 2240 4703; x_wconf 84' lang='lat' dir='ltr'><strong>non</strong></span> <span class='ocrx_word' id='word_1_774' title='bbox 2265 4651 2576 4718; x_wconf 76' lang='lat' dir='ltr'><strong>attigerunt.</strong></span> <span class='ocrx_word' id='word_1_775' title='bbox 2597 4650 2697 4704; x_wconf 90' lang='lat' dir='ltr'><strong>llic</strong></span> <span class='ocrx_word' id='word_1_776' title='bbox 2717 4660 2802 4705; x_wconf 92' lang='lat' dir='ltr'><strong>est</strong></span> <span class='ocrx_word' id='word_1_777' title='bbox 2823 4651 2874 4705; x_wconf 89' lang='lat' dir='ltr'><strong>ei</strong></span> <span class='ocrx_word' id='word_1_778' title='bbox 2897 4651 3274 4705; x_wconf 86' lang='lat' dir='ltr'><strong>conviciorum</strong></span> <span class='ocrx_word' id='word_1_779' title='bbox 3303 4652 3573 4704; x_wconf 89' lang='lat' dir='ltr'><strong>cumulus.</strong></span> 
     </span>
    </p>
   </div>
   <div class='ocr_carea' id='block_1_105' title="bbox 2064 4741 3580 4813">
    <p class='ocr_par' dir='ltr' id='par_1_105' title="bbox 2064 4741 3580 4813">
     <span class='ocr_line' id='line_1_106' title="bbox 2064 4741 3580 4813; baseline 0 -17"><span class='ocrx_word' id='word_1_780' title='bbox 2064 4741 2176 4796; x_wconf 84' lang='lat' dir='ltr'><strong>Nos</strong></span> <span class='ocrx_word' id='word_1_781' title='bbox 2192 4756 2322 4796; x_wconf 90' lang='lat' dir='ltr'><strong>vero</strong></span> <span class='ocrx_word' id='word_1_782' title='bbox 2340 4743 2683 4813; x_wconf 82' lang='lat' dir='ltr'><strong>homunculi.</strong></span> <span class='ocrx_word' id='word_1_783' title='bbox 2701 4754 2755 4797; x_wconf 86' lang='lat' dir='ltr'><strong>et</strong></span> <span class='ocrx_word' id='word_1_784' title='bbox 2776 4744 2996 4813; x_wconf 86' lang='lat' dir='ltr'><strong>quidam</strong></span> <span class='ocrx_word' id='word_1_785' title='bbox 3014 4744 3161 4797; x_wconf 86' lang='lat' dir='ltr'><strong>velut</strong></span> <span class='ocrx_word' id='word_1_786' title='bbox 3176 4743 3452 4812; x_wconf 67' lang='lat' dir='ltr'><strong>simii‘przc</strong></span> <span class='ocrx_word' id='word_1_787' title='bbox 3472 4743 3580 4796; x_wconf 89' lang='lat' dir='ltr'><strong>illis</strong></span> 
     </span>
    </p>
   </div>
   <div class='ocr_carea' id='block_1_106' title="bbox 1996 4811 3579 4904">
    <p class='ocr_par' dir='ltr' id='par_1_106' title="bbox 1996 4811 3579 4904">
     <span class='ocr_line' id='line_1_107' title="bbox 1996 4811 3579 4904; baseline 0 -16"><span class='ocrx_word' id='word_1_788' title='bbox 1996 4833 2260 4888; x_wconf 82' lang='lat' dir='ltr'><strong>heroibus</strong></span> <span class='ocrx_word' id='word_1_789' title='bbox 2295 4833 2564 4899; x_wconf 89' lang='lat' dir='ltr'><strong>indoctos,</strong></span> <span class='ocrx_word' id='word_1_790' title='bbox 2592 4811 2707 4889; x_wconf 47' lang='lat' dir='ltr'><strong>.heu</strong></span> <span class='ocrx_word' id='word_1_791' title='bbox 2734 4835 2746 4888; x_wconf 80' lang='grc' dir='ltr'>ι</span> <span class='ocrx_word' id='word_1_792' title='bbox 2776 4835 3049 4904; x_wconf 90' lang='lat' dir='ltr'><strong>appellare</strong></span> <span class='ocrx_word' id='word_1_793' title='bbox 3084 4851 3180 4889; x_wconf 86' lang='lat' dir='ltr'><strong>eos</strong></span> <span class='ocrx_word' id='word_1_794' title='bbox 3227 4836 3579 4897; x_wconf 84' lang='lat' dir='ltr'><strong>audebimus.</strong></span> 
     </span>
    </p>
   </div>
   <div class='ocr_carea' id='block_1_107' title="bbox 1995 4925 3582 4996">
    <p class='ocr_par' dir='ltr' id='par_1_107' title="bbox 1995 4925 3582 4996">
     <span class='ocr_line' id='line_1_108' title="bbox 1995 4925 3582 4996; baseline -0.003 -14"><span class='ocrx_word' id='word_1_795' title='bbox 1995 4935 2052 4982; x_wconf 87' lang='lat' dir='ltr'><strong>et</strong></span> <span class='ocrx_word' id='word_1_796' title='bbox 2066 4926 2314 4980; x_wconf 89' lang='lat' dir='ltr'><strong>convicia</strong></span> <span class='ocrx_word' id='word_1_797' title='bbox 2332 4925 2399 4980; x_wconf 90' lang='lat' dir='ltr'><strong>de</strong></span> <span class='ocrx_word' id='word_1_798' title='bbox 2425 4926 2672 4994; x_wconf 88' lang='lat' dir='ltr'><strong>plaustro</strong></span> <span class='ocrx_word' id='word_1_799' title='bbox 2699 4926 3015 4996; x_wconf 80' lang='lat' dir='ltr'><strong>ingeremus</strong></span> <span class='ocrx_word' id='word_1_800' title='bbox 3030 4927 3285 4980; x_wconf 84' lang='lat' dir='ltr'><strong>licentius</strong></span> <span class='ocrx_word' id='word_1_801' title='bbox 3301 4941 3464 4994; x_wconf 88' lang='lat' dir='ltr'><strong>quam</strong></span> <span class='ocrx_word' id='word_1_802' title='bbox 3490 4941 3582 4978; x_wconf 49' lang='lat' dir='ltr'><strong>co.</strong></span> 
     </span>
    </p>
   </div>
   <div class='ocr_carea' id='block_1_108' title="bbox 1997 5017 3582 5089">
    <p class='ocr_par' dir='ltr' id='par_1_108' title="bbox 1997 5017 3582 5089">
     <span class='ocr_line' id='line_1_109' title="bbox 1997 5017 3582 5089; baseline -0.002 -14"><span class='ocrx_word' id='word_1_803' title='bbox 1997 5021 2205 5076; x_wconf 68' lang='lat' dir='ltr'><strong>mtedia</strong></span> <span class='ocrx_word' id='word_1_804' title='bbox 2232 5023 2348 5086; x_wconf 88' lang='lat' dir='ltr'><strong>ipsa</strong></span> <span class='ocrx_word' id='word_1_805' title='bbox 2379 5018 2432 5072; x_wconf 85' lang='lat' dir='ltr'><strong>in</strong></span> <span class='ocrx_word' id='word_1_806' title='bbox 2463 5017 2722 5072; x_wconf 82' lang='lat' dir='ltr'><strong>Cleonem</strong></span> <span class='ocrx_word' id='word_1_807' title='bbox 2759 5030 2817 5072; x_wconf 89' lang='lat' dir='ltr'><strong>et</strong></span> <span class='ocrx_word' id='word_1_808' title='bbox 2848 5018 3256 5089; x_wconf 80' lang='lat' dir='ltr'><strong>Hyperbolum?</strong></span> <span class='ocrx_word' id='word_1_809' title='bbox 3283 5017 3582 5088; x_wconf 81' lang='lat' dir='ltr'><strong>Ecqninam</strong></span> 
     </span>
    </p>
   </div>
   <div class='ocr_carea' id='block_1_109' title="bbox 1998 5110 3582 5181">
    <p class='ocr_par' dir='ltr' id='par_1_109' title="bbox 1998 5110 3582 5181">
     <span class='ocr_line' id='line_1_110' title="bbox 1998 5110 3582 5181; baseline -0.001 -15"><span class='ocrx_word' id='word_1_810' title='bbox 1998 5125 2122 5169; x_wconf 87' lang='lat' dir='ltr'><strong>veto</strong></span> <span class='ocrx_word' id='word_1_811' title='bbox 2176 5111 2323 5166; x_wconf 82' lang='lat' dir='ltr'><strong>nos?</strong></span> <span class='ocrx_word' id='word_1_812' title='bbox 2354 5110 2468 5177; x_wconf 87' lang='lat' dir='ltr'><strong>Qua</strong></span> <span class='ocrx_word' id='word_1_813' title='bbox 2495 5111 2832 5180; x_wconf 81' lang='lat' dir='ltr'><strong>cognitione,</strong></span> <span class='ocrx_word' id='word_1_814' title='bbox 2872 5127 2977 5181; x_wconf 89' lang='lat' dir='ltr'><strong>qua</strong></span> <span class='ocrx_word' id='word_1_815' title='bbox 3005 5128 3184 5165; x_wconf 83' lang='lat' dir='ltr'><strong>rerum</strong></span> <span class='ocrx_word' id='word_1_816' title='bbox 3219 5112 3447 5167; x_wconf 87' lang='lat' dir='ltr'><strong>scientia</strong></span> <span class='ocrx_word' id='word_1_817' title='bbox 3498 5111 3582 5165; x_wconf 88' lang='lat' dir='ltr'><strong>in-</strong></span> 
     </span>
    </p>
   </div>
   <div class='ocr_carea' id='block_1_110' title="bbox 1997 5205 3577 5277">
    <p class='ocr_par' dir='ltr' id='par_1_110' title="bbox 1997 5205 3577 5277">
     <span class='ocr_line' id='line_1_111' title="bbox 1997 5205 3577 5277; baseline 0 -15"><span class='ocrx_word' id='word_1_818' title='bbox 1997 5206 2230 5262; x_wconf 86' lang='lat' dir='ltr'><strong>structi?</strong></span> <span class='ocrx_word' id='word_1_819' title='bbox 2271 5206 2394 5260; x_wconf 70' lang='lat' dir='ltr'><strong>!lmc</strong></span> <span class='ocrx_word' id='word_1_820' title='bbox 2423 5206 2605 5276; x_wconf 89' lang='lat' dir='ltr'><strong>reipsa</strong></span> <span class='ocrx_word' id='word_1_821' title='bbox 2637 5205 2870 5260; x_wconf 86' lang='lat' dir='ltr'><strong>stultitia</strong></span> <span class='ocrx_word' id='word_1_822' title='bbox 2901 5216 3006 5273; x_wconf 86' lang='lat' dir='ltr'><strong>est,</strong></span> <span class='ocrx_word' id='word_1_823' title='bbox 3049 5207 3313 5277; x_wconf 82' lang='lat' dir='ltr'><strong>furorque</strong></span> <span class='ocrx_word' id='word_1_824' title='bbox 3343 5207 3577 5263; x_wconf 80' lang='lat' dir='ltr'><strong>manife-</strong></span> 
     </span>
    </p>
   </div>
   <div class='ocr_carea' id='block_1_111' title="bbox 1997 5297 3580 5368">
    <p class='ocr_par' dir='ltr' id='par_1_111' title="bbox 1997 5297 3580 5368">
     <span class='ocr_line' id='line_1_112' title="bbox 1997 5297 3580 5368; baseline 0 -13"><span class='ocrx_word' id='word_1_825' title='bbox 1997 5309 2135 5355; x_wconf 85' lang='lat' dir='ltr'><strong>stus.</strong></span> <span class='ocrx_word' id='word_1_826' title='bbox 2165 5298 2309 5354; x_wconf 86' lang='lat' dir='ltr'><strong>Cave</strong></span> <span class='ocrx_word' id='word_1_827' title='bbox 2348 5299 2496 5352; x_wconf 90' lang='lat' dir='ltr'><strong>enim</strong></span> <span class='ocrx_word' id='word_1_828' title='bbox 2541 5297 2758 5362; x_wconf 86' lang='lat' dir='ltr'><strong>credas,</strong></span> <span class='ocrx_word' id='word_1_829' title='bbox 2791 5315 2822 5352; x_wconf 92' lang='grc' dir='ltr'><strong>ο</strong></span> <span class='ocrx_word' id='word_1_830' title='bbox 2861 5299 3025 5365; x_wconf 88' lang='lat' dir='ltr'><strong>bone,</strong></span> <span class='ocrx_word' id='word_1_831' title='bbox 3075 5300 3204 5368; x_wconf 86' lang='lat' dir='ltr'><strong>quia</strong></span> <span class='ocrx_word' id='word_1_832' title='bbox 3257 5300 3580 5355; x_wconf 81' lang='lat' dir='ltr'><strong>hominibus</strong></span> 
     </span>
    </p>
   </div>
   <div class='ocr_carea' id='block_1_112' title="bbox 1997 5389 3576 5466">
    <p class='ocr_par' dir='ltr' id='par_1_112' title="bbox 1997 5389 3576 5466">
     <span class='ocr_line' id='line_1_113' title="bbox 1997 5389 3576 5466; baseline 0 -19"><span class='ocrx_word' id='word_1_833' title='bbox 1997 5392 2277 5448; x_wconf 84' lang='lat' dir='ltr'><strong>Platonem</strong></span> <span class='ocrx_word' id='word_1_834' title='bbox 2305 5399 2358 5444; x_wconf 90' lang='lat' dir='ltr'><strong>et</strong></span> <span class='ocrx_word' id='word_1_835' title='bbox 2395 5389 2744 5444; x_wconf 88' lang='lat' dir='ltr'><strong>Aristotelem</strong></span> <span class='ocrx_word' id='word_1_836' title='bbox 2797 5391 3134 5460; x_wconf 88' lang='lat' dir='ltr'><strong>spirantibus</strong></span> <span class='ocrx_word' id='word_1_837' title='bbox 3163 5407 3258 5448; x_wconf 88' lang='lat' dir='ltr'><strong>seu</strong></span> <span class='ocrx_word' id='word_1_838' title='bbox 3306 5390 3576 5466; x_wconf 81' lang='lat' dir='ltr'><strong>Plethoni,</strong></span> 
     </span>
    </p>
   </div>
   <div class='ocr_carea' id='block_1_113' title="bbox 1999 5553 2656 5608">
    <p class='ocr_par' dir='ltr' id='par_1_113' title="bbox 1999 5553 2656 5608">
     <span class='ocr_line' id='line_1_114' title="bbox 1999 5553 2656 5608; baseline -0.003 -1"><span class='ocrx_word' id='word_1_839' title='bbox 1999 5553 2150 5608; x_wconf 68' lang='lat' dir='ltr'><strong>cultv.</strong></span> <span class='ocrx_word' id='word_1_840' title='bbox 2654 5603 2656 5605; x_wconf 74' lang='lat'>.</span> 
     </span>
    </p>
   </div>
   <div class='ocr_carea' id='block_1_114' title="bbox 2071 5623 2638 5694">
    <p class='ocr_par' dir='ltr' id='par_1_114' title="bbox 2071 5623 2638 5694">
     <span class='ocr_line' id='line_1_115' title="bbox 2071 5623 2638 5694; baseline -0.011 -16"><span class='ocrx_word' id='word_1_841' title='bbox 2071 5627 2184 5694; x_wconf 73' lang='grc'><strong>(14)</strong></span> <span class='ocrx_word' id='word_1_842' title='bbox 2217 5624 2358 5691; x_wconf 78' lang='lat' dir='ltr'><strong>Lego</strong></span> <span class='ocrx_word' id='word_1_843' title='bbox 2391 5623 2638 5692; x_wconf 72' lang='grc' dir='ltr'>ἁμαξῶν.</span> 
     </span>
    </p>
   </div>
   <div class='ocr_carea' id='block_1_115' title="bbox 2070 5693 3583 5764">
    <p class='ocr_par' dir='ltr' id='par_1_115' title="bbox 2070 5693 3583 5764">
     <span class='ocr_line' id='line_1_116' title="bbox 2070 5693 3583 5764; baseline 0.002 -16"><span class='ocrx_word' id='word_1_844' title='bbox 2070 5693 2182 5764; x_wconf 73' lang='grc'><strong>(15)</strong></span> <span class='ocrx_word' id='word_1_845' title='bbox 2216 5697 2348 5756; x_wconf 76' lang='grc' dir='ltr'>εἴτε,</span> <span class='ocrx_word' id='word_1_846' title='bbox 2385 5700 2510 5747; x_wconf 86' lang='lat' dir='ltr'><strong>cod.</strong></span> <span class='ocrx_word' id='word_1_847' title='bbox 2544 5694 2684 5747; x_wconf 59' lang='lat'><strong>5081</strong></span> <span class='ocrx_word' id='word_1_848' title='bbox 2716 5709 2729 5746; x_wconf 89' lang='lat'><strong>:</strong></span> <span class='ocrx_word' id='word_1_849' title='bbox 2763 5693 3038 5748; x_wconf 65' lang='lat' dir='ltr'><strong>PIN/tonis</strong></span> <span class='ocrx_word' id='word_1_850' title='bbox 3081 5697 3398 5751; x_wconf 78' lang='lat' dir='ltr'><strong>mentionem</strong></span> <span class='ocrx_word' id='word_1_851' title='bbox 3423 5695 3583 5752; x_wconf 69' lang='lat' dir='ltr'><strong>addi-</strong></span> 
     </span>
    </p>
   </div>
   <div class='ocr_carea' id='block_1_116' title="bbox 2000 5763 3244 5837">
    <p class='ocr_par' dir='ltr' id='par_1_116' title="bbox 2000 5763 3244 5837">
     <span class='ocr_line' id='line_1_117' title="bbox 2000 5763 3244 5837; baseline 0.002 -19"><span class='ocrx_word' id='word_1_852' title='bbox 2000 5776 2106 5820; x_wconf 71' lang='lat' dir='ltr'><strong>mm</strong></span> <span class='ocrx_word' id='word_1_853' title='bbox 2140 5763 2263 5837; x_wconf 74' lang='lat' dir='ltr'><strong>puto</strong></span> <span class='ocrx_word' id='word_1_854' title='bbox 2297 5768 2356 5818; x_wconf 78' lang='grc' dir='ltr'>(ιίι</span> <span class='ocrx_word' id='word_1_855' title='bbox 2391 5765 2562 5834; x_wconf 59' lang='lat' dir='ltr'><strong>inepto</strong></span> <span class='ocrx_word' id='word_1_856' title='bbox 2601 5763 2867 5822; x_wconf 60' lang='lat' dir='ltr'><strong>Plat/zonis</strong></span> <span class='ocrx_word' id='word_1_857' title='bbox 2896 5765 3244 5821; x_wconf 76' lang='lat' dir='ltr'><strong>admiratorc.</strong></span> 
     </span>
    </p>
   </div>
  </div>
