3880 6220
3559 359 3644 421 τρο

448 391 562 458 699
988 396 995 403 ’
1420 383 1913 449 ΒΕδΒΑΙὶίΟΝΙΒ
1950 380 2007 440 S.
2053 380 2127 439 Β.
2170 381 2233 439 Ε.
2276 367 2735 435 (ἶΑΒΟΙΝΑιΛὸ

1175 497 1291 552 XII.
2054 507 2096 560 Α
2127 501 2182 543 et
2206 484 2488 557 proximus
2533 481 2623 541 sit,
2664 488 2719 534 et
2751 476 2959 529 strictis
3014 485 3182 541 prope
3222 466 3413 540 gladiis
3439 465 3638 536 prelis-tu

456 614 539 666 Ad
569 610 888 667 Ludovicum
922 613 967 664 Χ
979 611 1003 664 Ι
1040 627 1214 679 regem
1240 612 1424 664 scribit
1466 627 1499 664 η
1527 625 1733 671 ωηιηό
1781 605 2026 677 pontiﬁce

2150 578 2462 648 inpendeat.
2518 573 2858 643 Maiestatem
2901 566 3071 622 Tuam
3097 580 3234 633 rogo
3289 574 3385 630 per
3424 560 3638 629 majorum

2241 671 2251 679 .
2396 668 2408 679 .
2600 670 2612 679 .
2654 663 2697 679 ad
2848 674 2941 679 ..-Α
2975 652 3430 679 Πι-..ξ-ι;....ζ-ιι2.ν.ἓ
3475 666 3626 679 ..ιι-ι...

532 657 1213 759 iegziggvszvel’e-d-l"iis;
1467 657 2027 759 i'nig'.3"}k§e.i{jp.'um
2128 671 2344 725 laudem
2395 663 2783 721 immortalem,
2846 674 2942 728 per
2975 657 3431 711 Christianissimi
3475 666 3628 706 nomen

532 747 602 806 εἴ
634 753 787 805 duces
826 750 1149 820 Burgundio:
1203 747 1266 805 ac
1317 748 1653 814 Britannim,
1707 747 1875 801 armis
1932 747 2025 798 de-

530 823 734 892 positis,
768 836 1080 889 componere
1103 832 1318 874 curaret
1351 821 1453 889 ta).

536 956 789 1012 Bessario
817 954 1117 1012 cardinalis
1145 955 1502 1010 serenissitno
1544 951 1778 1022 principi
1820 959 1876 1004 et
1907 948 2031 1002 illu-

460 1048 739 1104 strissimo
787 1046 1012 1102 domino
1070 1046 1134 1101 D.
1190 1045 1472 1101 Ludovico
1520 1044 1856 1099 Francorum
1917 1040 2031 1110 regi

458 1139 954 1203 Cbristianissimo,
984 1136 1206 1193 dumino
1238 1137 1367 1192 mihi
1392 1134 1805 1191 colendissimo.

530 1231 897 1288 Serenisslme
956 1230 1212 1301 princeps
1257 1237 1313 1284 et
1366 1227 1738 1297 illustrissime
1784 1223 2032 1289 domine,

459 1323 683 1379 domine
717 1323 853 1378 mihi
882 1321 1288 1387 colendissime,
1337 1333 1613 1389 nusquam
1644 1318 1838 1373 deﬂexi
1868 1316 2037 1371 εὼίηο

461 1417 659 1470 stituto
688 1415 885 1470 itinere
921 1424 1109 1484 postea
1137 1428 1300 1483 quam
1330 1426 1454 1466 sum
1491 1427 1559 1465 ex
1582 1409 1734 1466 Urbe
1758 1421 2033 1478 egressus,

464 1507 612 1563 utad
637 1506 971 1578 Maiestatem
1012 1502 1256 1562 Ve'stram
1301 1487 1664 1575 pervenirem.
1692 1499 1823 1555 Nam
1857 1513 2039 1555 meum

461 1599 749 1670 legationis
781 1597 1048 1654 obeundae
1095 1596 1357 1662 ollicium,
1401 1594 1760 1664 piissimaque
1822 1591 2041 1662 pontiﬁ-

464 1694 549 1746 cis
586 1691 809 1746 maximi
839 1691 1088 1745 mandata
1117 1690 1207 1745 vix
1249 1687 1585 1764 valetudinis
1642 1684 1903 1740 curanda
1945 1685 2032 1738 in-

460 1786 785 1853 clinataaque
810 1781 988 1837 relatis
1008 1780 1316 1836 recreandae
1345 1777 1584 1850 spatium
1615 1775 2036 1846 relinquebant,

2129 758 2664 837 quod_domesticum
2704 762 2790 809 est
2824 762 2880 806 et
2930 746 3360 812 hacreditarium,
3386 758 3479 815 per
3508 746 3635 799 excel—

2132 836 2333 911 lentem
2365 850 2588 923 pietatis
2619 859 2674 903 et
2704 842 3099 901 misericordia
3132 838 3397 912 gloriam,
3424 852 3510 908 per
3524 836 3636 891 Citri-

2132 950 2201 1003 sti
2235 946 2597 1017 maiestatem,
2624 955 2731 1011 qua
2765 938 2900 994 tanti
2927 934 3079 1006 regni
3106 929 3641 1003 gubernaculajamdiu

2135 1051 2315 1102 tenes,
2344 1048 2403 1090 ut
2432 1034 2624 1107 prmlio
2654 1031 2937 1086 abstineas
2957 1024 3272 1098 prorogatis
3290 1020 3661 1090 induciis,qu

2137 1138 2198 1185 ut
2247 1128 2435 1194 audio,
2469 1125 2559 1181 die
2588 1125 2735 1180 luna:
2765 1119 3079 1191 insequenti
3113 1117 3348 1172 exitura
3393 1124 3523 1169 sunt.
3567 1114 3646 1182 Ego

2137 1224 2300 1295 paulo
2348 1228 2471 1289 post
2499 1217 2687 1282 adero,
2721 1216 2833 1271 Deo
2881 1213 3023 1269 duce
3047 1251 3063 1277 ,
3126 1209 3512 1281 Majestatisque
3548 1204 3647 1261 Tum

2140 1314 2355 1371 consilii
2396 1310 2854 1383 religiosissimis,
2874 1315 2933 1361 et
2965 1305 3254 1359 voluntate
3279 1302 3472 1371 optima
3495 1314 3649 1355 came.

2141 1406 2301 1461 ditari
2323 1417 2379 1460 et
2410 1404 2673 1475 perlicere
2707 1398 2947 1456 studebo
2977 1413 3100 1468 quae
3121 1396 3247 1459 tibi,
3283 1394 3493 1461 reliquis
3512 1390 3648 1444 omni-

2142 1502 2247 1556 bus
2301 1495 2668 1569 principibus.
2725 1492 3005 1549 communi
3056 1487 3302 1543 libertati
3363 1482 3648 1555 praesidium,

2144 1591 2647 1662 sempiternamque
2681 1585 2901 1656 pietatis
2931 1582 3155 1638 laudem
3180 1579 3433 1634 videntur
3451 1576 3648 1629 allatura.

2144 1682 2266 1739 Misi
2300 1697 2449 1737 nunc
2487 1677 2847 1735 reverendum
2892 1675 3111 1730 Patrem
3153 1671 3218 1724 ι).
3266 1668 3649 1724 Bartholomauui

2146 1773 2437 1846 praesulem
2476 1770 2856 1834 Parentinum,
2894 1767 3079 1820 virum
3143 1779 3269 1818 cum
3325 1759 3526 1831 ingenio
3558 1772 3648 1813 cum

465 1889 592 1930 cum
652 1838 958 1945 piaesertim
1014 1887 1102 1927 res
1131 1871 1353 1927 Gallicae
1376 1838 1632 1938 Iundique
1661 1838 1928 1923 tumultus
1980 1838 2038 1921 et
2071 1838 2114 1895 Β
2146 1838 2254 1920 iide
2282 1878 2395 1919 non
2434 1862 2641 1934 vulgari
2676 1859 2996 1932 praeditum,
3034 1860 3135 1926 qui
3167 1858 3284 1910 hac
3319 1868 3434 1908 meo
3484 1850 3652 1905 nomine

466 1967 644 2021 caedes
668 1966 1030 2035 parturirent,
1057 1962 1363 2032 armatique
1394 1959 1689 2028 exercitus,
1732 1960 1879 2029 quod
1919 1957 2038 2013 sine

470 2055 707 2111 maximo
751 2056 918 2110 animi
979 2055 1169 2110 dolore
1226 2053 1469 2109 scribere
1522 2065 1636 2107 non
1686 2063 1932 2121 possunt,
1965 2049 2035 2103 ad

468 2160 753 2205 cruentam
779 2147 1187 2203 dimicationem
1213 2144 1268 2201 in
1302 2145 1421 2202 dies
1447 2144 1620 2216 magis
1641 2155 2032 2211 compararen-

475 2257 591 2302 tur.
625 2244 740 2302 Hac
761 2260 868 2300 una
918 2243 1251 2315 cogitatione
1283 2253 1337 2298 et
1361 2258 1492 2297 cura
1521 2256 1622 2297 nec
1649 2240 1846 2296 salutis
1883 2254 2039 2301 mest,

473 2352 576 2391 nec
635 2334 1032 2391 imbecillitatis
1083 2336 1350 2390 rationem
1401 2333 1567 2387 ullam
1605 2333 1762 2395 duxi,
1789 2346 1915 2387 cum
1946 2340 2042 2386 aut

467 2427 738 2484 Cinisium
762 2438 1005 2485 montem
1026 2428 1304 2497 Alpesque
1325 2426 1671 2482 difﬁcillimas
1690 2425 2038 2497 superabant,

472 2529 568 2577 aut
594 2519 865 2591 reliquum
892 2519 995 2575 iter
1024 2521 1382 2589 asperrimum
1406 2518 1789 2574 conlidebam.
1817 2517 2040 2572 Nullum

469 2613 618 2669 enim
641 2612 878 2668 vehiculi
909 2626 1100 2682 genus,
1155 2610 1294 2665 nulli
1348 2610 1676 2665 acceleratio
1715 2617 1863 2664 tanta
1918 2622 2043 2663 esse

470 2712 708 2776 poterat,
729 2711 988 2774 quantam
1027 2701 1185 2758 sedes
1213 2702 1533 2772 apostolica,
1555 2716 1782 2771 meaque
1812 2702 1866 2755 in
1886 2698 2073 2756 Citri-i

473 2797 710 2855 stianuut
739 2811 937 2853 nomen
950 2798 1122 2867 pietas
1134 2795 1370 2850 maxime
1399 2794 1708 2865 postulabat
1734 2796 1836 2849 hac
1857 2808 2040 2849 rerum

475 2888 790 2944 conditione
828 2897 884 2944 et
914 2888 1157 2943 fortuna.
1190 2886 1330 2941 Nam
1357 2901 1479 2940 cum
1508 2885 1751 2956 pontifex
1773 2885 2045 2939 maximus

475 2983 620 3037 hanc
651 2982 930 3037 nationem
960 2983 1123 3036 rebus
1148 2980 1318 3052 gestis
1337 2978 1754 3050 amplissimam,
1789 2977 2042 3031 multitu-

476 3070 714 3139 dineque
738 3084 878 3139 pene
900 3054 1189 3133 inﬁnitam,
1219 3067 1378 3139 cujus
1408 3068 1607 3137 opibus
1631 3081 1696 3121 ac
1725 3068 1929 3119 virtute
1950 3066 2044 3120 Dei

466 3160 721 3216 Ecclesia
745 3169 804 3215 et
842 3160 1099 3216 secundis
1130 3158 1294 3216 rebus
1320 3166 1514 3215 ornata
1535 3166 1641 3222 est,
1681 3167 1738 3213 et
1785 3157 2040 3213 diﬂicllli~

478 3255 584 3311 mis
611 3254 948 3324 temporibus
976 3253 1224 3319 defensa,
1252 3252 1463 3309 mutuis
1499 3251 1867 3308 seditionibus
1924 3250 2043 3306 bel-

478 3346 659 3416 lisque
688 3345 1004 3403 lal'elactari
1046 3345 1397 3417 intelligeret,
1431 3343 1700 3415 ingemuit
1750 3342 2048 3398 vehemen-

482 3446 588 3502 ter,
607 3451 675 3492 ac
702 3452 800 3507 pro
826 3437 953 3492 boni
982 3438 1220 3508 pastoris
1266 3436 1444 3493 oliicio
1462 3435 1810 3506 deligendum
1836 3433 2047 3497 statuit,

478 3526 820 3599 qui~grcgem
849 3525 1196 3582 Dominicum
1225 3525 1580 3596 dissidentem
1608 3534 1797 3579 mutua
1821 3537 2049 3594 compo-

480 3629 636 3676 neret
668 3633 802 3689 pace
835 3628 892 3673 et
920 3616 1129 3686 quiete,
1154 3630 1224 3672 ne
1249 3616 1511 3684 impetum
1536 3615 1694 3670 faciat
1718 3615 2054 3671 missimus

479 3712 666 3784 lupus,
691 3710 780 3767 cui
810 3724 1009 3765 nomen
1038 3707 1416 3765 Christianum
1441 3707 1649 3779 jamdiu
1682 3719 1763 3764 est
1784 3707 2048 3764 ludibrio.

472 3805 641 3861 Multi
698 3802 919 3873 quidem
963 3801 1183 3872 ingenio
1205 3809 1274 3856 .et
1319 3800 1592 3870 sapientia
1645 3801 2054 3870 praestantiores

484 3895 625 3950 mitti
662 3902 937 3964 poterant,
967 3892 1061 3949 sed
1108 3892 1200 3963 qui
1254 3908 1339 3947 me
1375 3893 1656 3948 voluntate
1703 3900 2053 3962 superarent,

481 3998 541 4043 et
571 3986 757 4043 studio
786 3985 1161 4051 conficiendae,
1199 3986 1384 4055 pauci.
1422 3984 1584 4048 Nam,
1617 3995 1680 4039 ut
1708 3993 1904 4040 caetera
1931 3985 2054 4041 aliis

484 4077 808 4145 concedam,
838 4077 1120 4149 religionis
1152 4092 1340 4133 amore
1368 4076 1510 4132 vinci
1536 4086 1696 4147 turpe
1729 4086 1898 4143 esset,
1927 4092 2052 4132 cum

484 4177 747 4226 anteacta:
801 4169 946 4234 vitae,
1002 4178 1115 4223 tum
1166 4168 1416 4238 praesenti
1470 4169 1639 4224 aetati.
1670 4170 1809 4222 Cum
1866 4178 2053 4225 autem

484 4263 636 4335 omni
661 4262 861 4317 itinere
890 4260 1188 4315 admodum
1215 4275 1521 4330 suspensus
1546 4269 1603 4316 et
1630 4261 1905 4316 sollicitus
1935 4261 2056 4317 lue-

488 4355 613 4423 rim,
635 4360 694 4410 ut
716 4353 873 4423 prius
899 4351 1146 4407 adessem
1167 4365 1330 4422 quam
1362 4366 1556 4407 manus
1583 4363 2012 4408 consererentur
2034 4391 2051 4417 ,

488 4458 635 4498 nunc
682 4440 917 4503 maxime
949 4456 1120 4511 angor
1154 4450 1210 4498 et
1243 4442 1485 4510 crucior,
1514 4443 1660 4513 quod
1708 4459 1797 4498 me
1834 4458 2054 4514 quoque

488 4544 637 4590 tanta
662 4535 945 4592 celeritate
969 4535 1115 4591 fesso
1137 4544 1193 4590 ct
1222 4551 1361 4606 pene
1391 4545 1664 4606 praesente
1689 4534 1819 4591 belli
1845 4535 2052 4591 savitia

488 4627 639 4684 nulla
665 4643 732 4683 ex
762 4636 917 4699 parte
955 4627 1342 4697 conquiescit;
1372 4627 1583 4685 utinam
1625 4642 1736 4683 uno
1771 4637 2055 4683 momento

485 4717 635 4789 apud
686 4718 1025 4791 Maiestatem
1059 4720 1272 4787 Tuam,
1323 4720 1833 4791 illustrissimosque
1888 4720 2057 4777 duces

483 4810 846 4894 purgundutu
879 4820 936 4867 et
958 4812 1284 4867 Britannum
1324 4812 1460 4870 mihi
1485 4812 1680 4868 adesse
1726 4812 1936 4881 liceret,
1968 4812 2055 4867 di-

488 4900 606 4956 viso
635 4901 799 4956 etiam
848 4903 953 4957 hoc
979 4902 1308 4973 corpusculo
1364 4903 1420 4958 in
1456 4912 1564 4959 tres
1591 4913 1794 4973 partes,
1838 4912 1899 4959 ut
1944 4918 2057 4958 uno

486 4992 681 5047 ordine
711 4992 880 5047 armis
909 4992 1180 5063 repressis
1210 4993 1278 5048 de
1311 4994 1597 5049 communi
1622 4993 1917 5063 dignitate,
1940 5010 2058 5049 am-

489 5083 783 5154 plitudine,
828 5084 1003 5140 salute
1061 5094 1337 5157 ageretur.
1370 5085 1429 5140 Id
1481 5085 1742 5156 quoniam
1781 5086 1901 5141 lieri
1943 5102 2055 5141 non

488 5185 691 5247 potest,
740 5175 1210 5232 molestissimum
1243 5184 1347 5232 est.
1382 5175 1513 5230 Sum
1569 5191 1763 5232 omnes
1806 5177 2058 5233 aditurus

486 5266 746 5324 mandato
776 5267 1109 5339 pontillcio;
1144 5281 1209 5323 ac
1241 5266 1497 5323 instituto
1523 5268 1718 5325 ordine
1759 5261 2058 5340 legationis

488 5360 724 5430 primum
749 5358 816 5414 a'd
849 5368 899 5414 te
918 5359 1098 5425 venio,
1121 5357 1589 5417 Christianissime
1617 5360 1894 5431 princeps,
1917 5378 2058 5431 quo-

484 5451 633 5516 niam
665 5463 771 5508 tuae
795 5451 1137 5509 celsitudinis
1159 5453 1299 5508 ratio
1333 5451 1407 5507 ita
1434 5454 1644 5522 poscit;
1671 5468 1757 5508 me
1776 5454 2053 5526 conferam

485 5543 748 5614 deinceps
774 5542 844 5598 ad
877 5542 1309 5600 illustrissimum
1335 5543 1533 5600 ducem
1575 5544 1903 5599 Britannum
1928 5559 2052 5599 cum

546 5714 619 5780 (ᾳ)
656 5715 915 5780 {indemni
945 5715 1193 5780 d'Aclterii
1230 5717 1518 5780 Spicilegio,
1547 5721 1593 5767 in
1626 5719 1712 5769 l‘ol.
1750 5727 1866 5767 tom.
1905 5719 1990 5768 lli.

512 5833 524 5843 θ
547 5767 618 5836 (b)
652 5773 996 5845 lihilqlogicnr.
1024 5767 1282 5845 lipistLetJ;
1310 5767 1878 5845 kieltflifllaiminsfcidii
1908 5767 2143 5840 Coldasti,
2173 5789 2281 5844 post
2309 5782 2533 5834 Ricltardi
2557 5784 2618 5833 de
2649 5781 2778 5844 Buri,
2810 5781 2960 5845 cpisc.
2990 5767 3388 5837 Dunclmnusisﬂ’

485 5832 811 5901 Frauwl‘urti,
834 5832 1116 5898 ftil0,in312
1152 5838 1386 5888 Bibiioth.
1416 5840 1640 5889 Mazarin.
1669 5856 1714 5890 η.
1745 5843 1915 5891 ⁸22910.

2142 1959 2380 2031 rogabit,
2411 1965 2761 2027 exponetque
2810 1953 2916 2008 alia
2949 1950 3224 2007 nonnulla
3272 1962 3474 2004 coram.
3500 1944 3586 2001 Oro
3607 1953 3650 1997 ut

2141 2049 2333 2104 audias
2370 2047 2679 2111 hominem,
2716 2044 2989 2114 (idemque
3020 2042 3231 2096 habeas
3263 2054 3325 2094 ac
3352 2037 3477 2092 mihi
3514 2035 3594 2104 ipsi
3617 2034 3651 2087 si

2141 2142 2415 2208 adessem,
2446 2156 2478 2195 a
2515 2154 2601 2195 me
2616 2138 2765 2193 enim
2792 2135 3167 2209 proficiscitur
3195 2143 3253 2189 et
3286 2131 3522 2202 loquitur.
3543 2126 3650 2182 Felix

2142 2236 2215 2290 sit
2238 2234 2486 2305 Maiestas
2519 2233 2739 2293 Vestra,
2773 2230 2864 2287 cui
2900 2244 2989 2285 me
3018 2226 3368 2285 commendo.

2218 2327 2294 2381 Ex
2325 2326 2609 2390 Samurro,
2655 2326 2749 2383 die
2782 2324 2995 2379 decima
3029 2323 3230 2393 quinta
3261 2317 3493 2390 Augusti,
3520 2314 3648 2368 mille-

2147 2426 2290 2479 simo
2324 2421 2870 2492 quadringentesimo
2902 2417 3315 2490 septuagesimo
3350 2413 3577 2470 secundo.

2291 2514 2590 2587 Maiestatis
2628 2513 2849 2577 Vestrae,

2611 2604 2993 2660 Deditissimus
3023 2603 3086 2659 Β.
3119 2600 3408 2659 cardinalis
3439 2597 3653 2659 Nisam.

2676 2695 2989 2763 apostolicae
3019 2694 3176 2749 sedis
3203 2694 3424 2763 legatus.

2866 2854 3005 2911 Xlll.

2150 2973 2231 3027 Ad
2256 2973 2545 3044 principem
2572 2981 2917 3044 senatumque
2941 2967 3311 3044 Venetiarum,
3348 2958 3655 3044 ῌίὁιὶοιήςεᾳιῃ

2218 3026 2372 3097 suam
2403 3026 2549 3095 omni
2565 3026 3033 3110 librorum'genere
3059 3026 3505 3092 instructissimum
3527 3026 3654 3082 (idem

2219 3113 2430 3168 senatui
2462 3112 2629 3182 deicit
2669 3128 2732 3167 ac
2755 3109 2917 3165 donat
2950 3109 3033 3182 (ὁ)

2751 3221 2931 3295 (Anno
2959 3219 3165 3293 1469).

2222 3341 2599 3418 Illustrissimo
2621 3352 2687 3395 ac
2720 3337 3083 3394 invictissime
3114 3332 3347 3407 principi
3382 3331 3652 3389 Venetorum

2148 3439 2553 3511 Christopltoro
2585 3436 2736 3492 Moro
2772 3433 2923 3503 duci,
2965 3442 3023 3489 et
3074 3432 3282 3505 inclyto
3333 3425 3544 3491 senatui.
3588 3433 3653 3475 Μ’

2151 3532 2343 3585 lutem.

2225 3620 2496 3690 Equidem
2534 3632 2753 3688 semper
2793 3634 2822 3671 a
2853 3626 3047 3672 tenera
3082 3615 3389 3685 puerilique
3416 3615 3551 3666 aetate
3568 3615 3653 3656 om-

2154 3729 2279 3769 nem
2310 3727 2491 3767 meum
2523 3711 2769 3767 laborem
2817 3724 3157 3780 omnemque
3201 3720 3432 3780 operam,
3461 3697 3649 3757 studium

2154 3820 2454 3875 curamque
2486 3804 2734 3870 adhibui,
2789 3811 2850 3855 ut
2909 3815 3269 3872 quoscunque
3306 3807 3499 3870 possem
3526 3788 3651 3845 libros

2156 3901 2212 3955 in
2243 3898 2392 3954 omni
2425 3896 2841 3966 disciplinarum
2889 3908 3093 3966 genere
3143 3900 3495 3963 compararem
3523 3901 3534 3937 :
3562 3891 3653 3949 pro-

2156 3997 2281 4063 pter
2303 3991 2452 4062 quod
2486 4006 2599 4044 non
2646 3988 2809 4044 modo
2854 3990 3156 4059 plerosque
3198 3998 3249 4042 et
3282 3999 3410 4056 puer
3438 3988 3485 4035 et
3511 3971 3651 4030 adole-

2158 4100 2324 4141 scens
2369 4097 2533 4137 manu
2552 4082 2775 4152 propria
2802 4078 3107 4151 conscripsi
3140 4097 3154 4133 :
3198 4078 3290 4135 sed
3319 4066 3553 4146 quidquid
3580 4075 3652 4160 pe-

2154 4175 2334 4230 cunia
2363 4187 2637 4243 seponere
2670 4170 2951 4224 interdum
2985 4184 3156 4249 parca
3205 4164 3466 4237 frugalitas
3497 4157 3649 4249 ρριυξξσ

2156 4265 2209 4320 in
2242 4265 2329 4321 his
2350 4240 2667 4320 coernendis
2697 4261 2999 4332 absumpsi.
3017 4240 3230 4316 Nullam
3270 4259 3405 4312 enim
3430 4247 3571 4318 magis
3587 4240 3651 4296 d1-

2155 4372 2315 4428 gnam
2352 4365 2518 4427 atque
2552 4356 2875 4427 praeclaram
2901 4352 3320 4423 supellectilem,
3351 4343 3532 4401 nullum
3564 4332 3647 4432 uti;

2158 4450 2352 4505 liorem
2402 4448 2953 4519 prastantioremque
2995 4445 3311 4500 thesaurum
3354 4446 3522 4507 parare
3550 4423 3646 4519 "tibi

2090 4582 2131 4635 ι.)
2158 4556 2320 4635 posse
2352 4516 2759 4635 existimabam.
2784 4538 3023 4635 Vocibus
3051 4516 3645 4635 Ριδξὶίν.Ρξθηξιδξίίίῖῗξῗξ

2162 4607 2233 4691 tis
2275 4630 2561 4701 exemplis,
2607 4630 2752 4700 pleni
2786 4628 3056 4693 moribus,
3098 4627 3242 4695 pleni
3290 4620 3494 4691 legibus,
3537 4607 3645 4707 idem

2165 4700 2442 4794 religione
2476 4723 2692 4788 vivunt,
2754 4731 3176 4788 conversantur,
3212 4720 3480 4786 loquuntur
3503 4700 3644 4756 uobis—

2166 4832 2315 4872 cum.
2349 4816 2557 4869 Uocent
2581 4829 2724 4880 suos,
2757 4815 3074 4875 instituunt,
3106 4812 3456 4870 consolantur.
3494 4800 3644 4857 ιόεψιθ

2162 4920 2195 4960 e
2227 4905 2492 4960 memoria
2546 4918 2734 4959 noetra
2784 4904 3184 4960 remotissimas
3211 4898 3354 4972 quasi
3408 4888 3642 4962 9³³⁵⁸³⁸⁸⁸⁸

2162 4996 2449 5061 exhibent,
2484 5004 2541 5051 et
2580 5006 2708 5051 ante
2735 4996 2929 5051 oculos
2970 4997 3128 5052 nobis
3171 4996 3384 5066 ponunt.
3421 4981 3559 5036 Tanta
3580 4974 3640 5023 est

2161 5103 2352 5143 eorum
2409 5097 2681 5158 potestas,
2732 5096 2885 5143 tanta
2939 5088 3215 5160 dignitas,
3259 5090 3393 5138 tanta
3424 5069 3638 5160 maiestas

2161 5188 2369 5233 tantum
2400 5179 2640 5250 denique
2662 5194 2888 5244 numen,
2915 5147 3142 5245 ut,vnisi
3176 5174 3290 5232 libri
3318 5169 3490 5224 forent,
3517 5147 3639 5255 ῐιξδνς

2159 5285 2358 5325 omnes
2384 5285 2633 5325 essemus
2662 5280 2718 5326 et
2750 5270 2993 5338 indocti;
3032 5272 3230 5325 nullam
3253 5266 3355 5321 fere
3386 5254 3632 5338 ρηιεηυ·

2159 5379 2278 5417 rum
2304 5378 2505 5417 rerum
2539 5364 2885 5426 memoriam,
2918 5365 3127 5417 nullum
3154 5356 3455 5427 exemplum.
3476 5337 3629 5396 """3‘"

2157 5453 2399 5523 denique
2455 5468 2556 5508 nec
2602 5453 2965 5508 humanarum
3018 5469 3120 5508 nec
3168 5448 3444 5506 divinarum
3489 5430 3627 5531 rem?

2156 5546 2523 5616 εοὸυίιὶοηυηι
2549 5547 2901 5601 haberemus.
2930 5547 3131 5603 Eadem
3154 5556 3279 5600 urna
3294 5522 3627 5608 quatltomimﬂll

3389 5742 3620 5813 Ιείιοῦἒὺίἒυπ·
