3880 6220
221 392 317 454 701

1288 383 1835 444 BlliLlOl‘llEiixii
1865 383 2343 444 CATALOGUS.

3383 331 3493 442 τοι

218 519 452 576 corpora
476 499 744 570 conlegit,
777 499 941 554 etiam
978 500 1199 553 nomina
1241 497 1805 566 obrueret.Quamvis
1841 503 1877 555 Λ
1910 493 2039 548 dum
2071 509 2155 548 est
2180 495 2459 548 civitatem
2495 502 2754 558 vestram,
2791 491 2935 560 quod
2971 500 3246 561 optamus,
3287 491 3339 546 in
3371 493 3493 550 dies

221 608 404 653 autem
440 596 570 649 huic
597 597 676 648 rei
715 605 829 649 toto
852 593 1038 647 animo
1072 608 1292 662 semper
1321 593 1694 656 incubuerim,
1721 610 1806 647 aro

223 689 464 746 dentiori
508 680 692 742 tamen
745 686 934 740 studio
966 696 1092 754 post
1145 685 1370 740 Gracia:
1419 685 1718 746 excidium.
1752 696 1808 741 et

219 781 534 839 deﬂendam
592 779 840 849 Byzantii
881 779 1282 847 captivitatem,
1332 782 1384 832 in
1417 776 1807 848 perquirettdis

225 875 383 929 libris
412 871 618 929 Graecis
675 885 870 925 omnes
913 886 1062 925 meas
1105 871 1270 930 vires.
1305 885 1524 924 onmem
1580 885 1805 938 operam

225 981 560 1036 omnemque
623 963 939 1018 facultatem
985 961 1426 1031 induStriamque
1466 961 1804 1033 consumpsi.

228 1061 471 1117 Verebar
503 1061 650 1114 enim
685 1068 740 1111 et
783 1056 1266 1112 vehementissime
1299 1053 1663 1109 formidabam
1686 1092 1702 1120 ,
1738 1070 1808 1110 ne

227 1171 350 1209 cum
384 1153 602 1208 caeteris
628 1150 795 1205 rebus
819 1157 898 1203 tot
925 1147 1370 1203 excellentissimi
1403 1147 1528 1211 viri,
1549 1155 1630 1202 tot
1653 1163 1805 1202 sum-

227 1261 444 1301 morum
481 1243 726 1299 virorum
755 1241 990 1295 sudores
1025 1250 1194 1310 atque
1228 1239 1451 1311 vigilite,
1487 1251 1568 1294 tot
1596 1240 1806 1296 lumina

224 1337 378 1391 otbis
413 1344 572 1390 terra:
605 1333 1054 1404 periclitarentur
1091 1343 1260 1402 atque
1311 1334 1574 1404 perirent,
1617 1349 1808 1403 quem-

227 1427 522 1482 admodum
554 1427 723 1482 etiam
755 1425 1032 1496 superiori
1068 1436 1316 1495 tempore
1369 1434 1577 1480 tantam
1627 1427 1808 1497 jactu-

230 1535 346 1575 ram
380 1519 636 1584 fecimus,
667 1526 726 1573 ut
759 1533 828 1573 ex
859 1519 1114 1573 ducentis
1145 1519 1338 1590 viginti
1371 1519 1617 1574 millibus
1644 1519 1810 1574 libro-

232 1629 398 1678 rum,
460 1626 602 1682 quos
677 1606 1008 1666 Plutarchus
1075 1611 1251 1666 refert
1321 1612 1380 1666 in
1470 1611 1807 1667 bibliotheca

227 1709 614 1776 Apamteorum
648 1701 839 1766 fuisse,
873 1702 960 1756 vix
1008 1703 1157 1758 mille
1197 1712 1358 1758 aitate
1395 1714 1582 1758 nostra
1615 1719 1810 1774 super-

229 1798 366 1852 sint.
395 1795 590 1851 Conati
617 1803 802 1849 autem
843 1809 1059 1863 sumus,
1082 1805 1353 1868 quantum
1383 1795 1435 1850 in
1485 1797 1646 1852 nobis
1680 1795 1807 1860 fuit,

1913 587 2086 656 magis
2129 594 2184 640 et
2243 585 2389 639 vires
2445 593 2499 638 et
2550 599 2752 638 nomen
2789 598 3240 653 propagaturam.
3286 585 3494 640 Dehinc

1912 675 2287 746 intelligebam
2320 677 2530 730 nullum
2569 675 2751 730 locum
2790 691 2818 728 a
2853 690 2940 729 me
2975 675 3100 744 eligi
3149 691 3310 745 posse
3338 694 3494 733 com-

1911 768 2220 823 modiorem
2275 784 2338 824 ac
2367 769 2570 824 nostris
2619 768 2924 838 praesertim
2976 768 3494 840 hominibusaptiov

1907 876 2053 914 rem.
2085 859 2221 914 Cum
2253 860 2402 914 enim
2433 860 2488 914 in
2526 859 2807 915 civitatem
2862 871 3102 914 vestram
3154 875 3349 916 omnes
3380 862 3495 916 fere

1907 952 2081 1006 totius
2121 951 2274 1005 orbis
2303 951 2558 1005 nationes
2593 951 2832 1006 maxime
2863 950 3172 1019 confluant,
3208 960 3321 1005 tuttt
3356 969 3498 1023 prte-

1911 1043 2072 1114 ciptte
2095 1043 2294 1108 Graeci,
2330 1044 2425 1113 qui
2447 1059 2477 1098 e
2517 1044 2633 1098 suis
2673 1043 2978 1112 provinciis
3011 1044 3230 1114 navigio
3258 1039 3494 1099 venien-

1911 1144 2016 1198 tes,
2070 1134 2316 1192 Venetiis
2366 1137 2600 1206 primum
2650 1135 3044 1191 descendunt:
3085 1151 3149 1190 ea
3200 1146 3496 1206 prOpterea

1911 1228 2201 1282 vobiscum
2243 1229 2656 1284 necessitudine
2696 1229 2962 1293 devincti,
3015 1238 3076 1283 ut
3133 1229 3201 1283 ad
3253 1240 3494 1284 vestram

1910 1319 2124 1388 appulsi
2165 1320 2383 1382 urbem,
2416 1321 2575 1386 quasi
2623 1321 2858 1374 alterum
2895 1319 3220 1390 Byzantium
3261 1318 3498 1374 introire

1911 1411 2227 1465 videantur.
2267 1412 2397 1466 Post
2431 1411 2551 1466 hmc
2601 1411 2882 1484 quomodo
2919 1411 3123 1481 poterit
3157 1412 3261 1465 hoc
3294 1412 3499 1465 benefi-

1911 1503 2057 1557 cium
2090 1517 2121 1557 a
2161 1504 2322 1558 nobis
2349 1504 2641 1559 honestius
2673 1505 2867 1566 locari,
2900 1520 3065 1574 quam
3097 1503 3240 1574 apud
3274 1519 3370 1558 eos
3399 1503 3502 1556 ho-

1913 1597 2090 1651 mittes
2132 1598 2336 1666 quibus
2375 1613 2478 1666 ego
2526 1597 2716 1651 multis
2751 1613 2954 1654 eorum.
2980 1597 3034 1651 in
3080 1613 3165 1652 tne
3212 1595 3500 1651 beneficiis

1912 1687 2203 1741 devinctus
2233 1687 2646 1758 obstrictusque
2688 1703 2866 1742 essem
2895 1705 2910 1750 ;
2943 1698 3000 1742 et
3035 1689 3090 1744 in
3139 1703 3205 1743 ea
3252 1687 3498 1751 civitate,

1912 1793 2077 1848 quam
2107 1781 2260 1844 mihi,
2287 1779 2578 1850 subjugata
2603 1781 2832 1844 Grsccia,
2857 1796 2954 1850 pro
2979 1782 3156 1850 patria
3184 1780 3500 1850 elegissent,

230 1907 344 1943 non
375 1899 483 1943 tam
520 1889 720 1942 multos
748 1902 914 1957 quam
953 1889 1194 1958 optimos
1233 1888 1405 1943 libros
1435 1888 1720 1959 colligere,
1755 1899 1811 1944 et

1924 1872 2050 1926 etin
2081 1886 2245 1940 quam
2282 1872 2494 1927 accitus
2525 1889 2555 1925 a
2578 1873 2733 1926 vobis
2752 1881 2914 1943 atque
2938 1872 3502 1928 honorificentissime

227 1981 576 2051 singulorum
611 1995 844 2052 operum
868 1979 1084 2050 singula
1124 1981 1424 2046 volumina,
1464 1980 1655 2052 sicque
1675 1996 1815 2036 cun-

228 2085 316 2130 cta
363 2075 481 2128 fere
530 2073 845 2143 sapientum
907 2071 1222 2127 Graecorum
1277 2089 1465 2142 opera,
1505 2075 1811 2144 praesertim

229 2179 352 2235 qua:
389 2178 514 2218 rara
571 2173 733 2218 erant
792 2163 1132 2233 inventoque
1184 2163 1452 2229 difficilia,
1506 2165 1809 2236 coegimus.

230 2257 502 2310 (Izcterum
539 2269 664 2310 cum
710 2255 814 2310 hoc
865 2269 1011 2324 saepe
1042 2267 1223 2309 mente
1254 2267 1580 2326 repeterem,
1618 2273 1812 2328 parum

231 2349 516 2406 desiderio
572 2362 696 2402 meo
754 2347 1088 2403 satisfecisse
1138 2349 1400 2414 videbar,
1448 2350 1552 2404 nisi
1610 2352 1817 2420 pariter

235 2440 614 2508 providerem,
651 2446 711 2492 ut
752 2439 905 2504 libri,
947 2453 1088 2510 quos
1126 2447 1278 2492 tanto
1328 2440 1511 2494 studio
1542 2450 1598 2494 et
1627 2441 1818 2496 labore

232 2533 540 2599 coegerim,
572 2546 660 2586 me
693 2531 837 2585 vivo-
861 2532 936 2586 ita
969 2533 1400 2592 collocarentur.
1433 2540 1493 2586 ut
1522 2533 1686 2587 etiam
1723 2534 1816 2588 de-

233 2626 433 2679 functo
479 2622 735 2693 dissipari
771 2633 868 2679 aut
915 2623 1146 2679 alienari
1188 2641 1296 2678 non
1352 2635 1598 2694 possent,
1634 2628 1728 2681 sed
1762 2630 1815 2680 in

233 2717 363 2772 loco
385 2715 572 2786 aliquo
605 2726 722 2771 tuto
757 2716 921 2771 simul
954 2731 1018 2771 ac
1051 2717 1340 2772 commodo
1371 2718 1437 2772 ad
1469 2732 1817 2776 communem

235 2809 555 2874 hominum,
585 2818 694 2864 tam
729 2809 1053 2865 Graecorum
1092 2826 1252 2880 quam
1283 2809 1631 2877 Latinorum,
1667 2813 1820 2868 utili-

240 2909 412 2954 tatem
449 2908 826 2955 servarentur.
865 2899 978 2955 lloc
1004 2900 1172 2971 igitur
1197 2901 1458 2971 cogitanti
1493 2904 1652 2966 mihi,
1681 2903 1821 2957 mul-

240 3003 436 3061 tasque
488 2991 660 3046 Italia:
720 2992 886 3046 urbes
917 2991 1103 3046 anitno
1157 2993 1424 3057 volventi,
1475 2995 1588 3049 sola
1639 2971 1821 3050 i'cstra

240 3085 450 3154 inclyta
483 3094 647 3154 atque
685 3084 1025 3153 amplissima
1077 3083 1273 3140 civitas
1312 3087 1577 3150 occurrit,
1622 3087 1676 3140 in
1717 3103 1823 3159 qna

237 3177 465 3232 animus
495 3191 650 3231 meus
681 3179 829 3232 onmi
876 3193 940 3232 ex
973 3188 1128 3248 parte
1164 3180 1606 3248 conquiesceret.
1641 3182 1824 3236 Primo
1850 3192 1896 3256 ο

236 3265 392 3322 enim
433 3282 542 3322 non
590 3267 868 3333 videbam,
918 3284 1082 3338 quem
1136 3271 1319 3325 locum
1351 3273 1555 3342 eligere
1604 3288 1819 3342 possem

241 3360 531 3426 tutiorem,
571 3375 886 3430 quamcum
914 3362 1008 3432 qui
1049 3362 1310 3434 aequitate
1335 3364 1568 3433 regitur,
1607 3365 1822 3436 legibus

241 3457 492 3514 tenetur,
546 3449 599 3502 in
639 3451 851 3505 unitate
909 3468 973 3506 ac
1013 3453 1282 3522 sapientia
1322 3456 1684 3524 gubernatur,
1728 3458 1821 3511 ubi

240 3544 427 3594 virtus
446 3543 824 3608 continentiae,
853 3546 1161 3613 gravitatis,
1195 3547 1448 3616 justiti-.e,
1484 3547 1611 3602 fidei
1646 3550 1825 3603 donti-

239 3627 438 3681 cilium
464 3637 550 3682 est
585 3645 602 3694 ;
639 3630 728 3684 ubi
761 3631 1078 3700 imperium,
1115 3646 1173 3687 ut
1215 3637 1514 3690 maximum
1547 3647 1632 3694 est
1661 3648 1824 3708 atque

241 3719 675 3790 amplissimum,
703 3722 779 3778 ita
827 3727 1096 3796 azquabilc
1124 3743 1189 3782 ac
1222 3729 1566 3784 moderatum
1594 3747 1610 3798 ;
1656 3732 1826 3786 animi

245 3814 305 3868 in
362 3815 704 3872 consulendo
751 3817 940 3886 liberi,
999 3821 1135 3875 nulli
1167 3821 1411 3890 libidini,
1443 3825 1579 3880 nulli
1627 3825 1830 3881 delicto

243 3906 478 3960 obnoxii
505 3923 521 3972 ;
554 3907 857 3976 prudentes
887 3908 1104 3979 imperii
1138 3910 1354 3963 clavum
1381 3922 1590 3976 tenent,
1620 3921 1675 3967 et
1700 3912 1827 3967 boni

246 3998 418 4053 malis
462 4009 880 4070 praeponuntur.
921 4018 987 4058 ac
1022 4004 1367 4073 privatorum
1405 4006 1827 4059 commodorum

245 4087 438 4150 obliti,
478 4097 651 4144 totum
682 4107 886 4160 corpus
913 4086 1232 4162 reipublicae
1266 4095 1514 4149 unanimi
1557 4112 1828 4152 consensu

243 4192 306 4239 et
339 4197 552 4239 summa
585 4183 900 4258 integritate
925 4196 1241 4258 procurant.
1268 4189 1344 4243 Ex
1372 4189 1578 4258 quibus
1605 4205 1831 4260 Speran-

1918 1975 2177 2034 receptus
2200 1963 2448 2020 fuissem.
2477 1965 2667 2035 itaque
2703 1964 2962 2020 conscius
2993 1966 3344 2021 mortalitatis
3366 1982 3502 2020 mea:

1917 2068 1972 2111 et
2007 2058 2481 2126 ingravescentem
2509 2058 2621 2127 jam
2654 2067 2871 2111 aetatem
2912 2058 3274 2129 diversasque
3297 2056 3504 2128 Quibus

1918 2149 2212 2222 affligimur
2243 2149 2494 2211 morbos,
2525 2159 2582 2203 et
2615 2159 2815 2203 ett-tera
2855 2163 2977 2218 qua:
3017 2151 3244 2202 evenire
3279 2160 3504 2218 possent

1919 2244 2296 2307 considerans,
2329 2258 2524 2298 omnes
2566 2243 2736 2298 libros
2795 2258 2948 2297 meos
2985 2244 3273 2312 utriusque
3310 2243 3505 2312 lingua:

1919 2336 2309 2391 Sacratissimte
2349 2336 2451 2388 :cdi
2485 2335 2630 2389 beati
2665 2334 2828 2389 Marci
2872 2340 3064 2388 vestrae
3097 2335 3318 2405 inclyta:
3365 2334 3505 2386 civi-

1925 2425 2054 2479 tatis
2081 2425 2228 2479 dono
2287 2423 2413 2478 dedi
2464 2433 2628 2493 atque
2685 2423 2889 2486 dicavi,
2942 2428 3188 2478 sentiens
3223 2424 3383 2477 talem
3420 2439 3506 2476 me

1922 2517 2168 2571 animum
2213 2523 2271 2571 et
2301 2516 2642 2572 excellentia!
2679 2525 2877 2571 vestra:
2911 2525 2966 2570 et
3003 2513 3330 2587 gratitudini
3371 2532 3506 2569 mea:

1922 2617 1980 2663 et
2001 2624 2166 2678 quatn
2191 2608 2325 2663 mihi
2355 2623 2708 2664 communem
2742 2623 2861 2662 esse
2883 2607 3162 2672 voluistis,
3199 2608 3390 2678 patria:
3414 2609 3508 2662 dc-

1925 2703 2137 2767 buisse,
2185 2712 2360 2756 utvos
2390 2716 2455 2755 ac
2500 2702 2662 2757 liberi
2699 2702 3018 2771 postetiquc
3063 2702 3251 2766 vestri,
3293 2701 3388 2771 qui
3421 2717 3508 2757 me

1925 2795 2129 2850 virtute
2161 2811 2225 2849 ac
2251 2797 2518 2865 sapientia
2552 2807 2756 2859 vestra,
2793 2797 3090 2864 multisque
3115 2796 3168 2848 in
3217 2812 3301 2849 tne
3335 2797 3506 2850 benc-

1930 2888 2070 2942 ficiis
2118 2888 2426 2951 addictum,
2480 2889 2728 2942 deditum
2782 2889 3225 2956 obstrictumque
3270 2888 3510 2954 habetis,

1930 2981 2180 3036 hzeredes
2213 2981 2466 3036 laborum
2505 2995 2778 3048 meorum,
2813 2983 3032 3038 fructus
3060 2981 3262 3038 uberes
3293 2981 3514 3038 diutur-

1931 3089 2143 3144 nosque
2180 3073 2448 3143 capiatis;
2498 3074 2700 3130 deinde
2731 3073 2915 3129 cancri
2967 3073 3060 3143 qui
3097 3074 3367 3129 bonarum
3401 3075 3515 3129 dis-

1931 3166 2264 3236 ciplinarum
2325 3163 2562 3219 studiosi
2607 3175 2792 3230 erunt,
2840 3172 3024 3219 vestra
3063 3180 3228 3221 causa
3271 3165 3510 3235 capiant.

1932 3258 2280 3327 Quapropter
2306 3268 2365 3312 et
2403 3257 2762 3312 donationem
2817 3256 3014 3326 ipsam,
3047 3267 3103 3311 et
3128 3259 3396 3312 librorum
3430 3259 3516 3311 in-

1933 3349 2136 3414 dicem,
2187 3357 2243 3402 et
2285 3347 2567 3418 pontificis
2603 3347 2826 3402 maximi
2860 3349 3144 3404 decretum
3196 3349 3262 3402 ad
3305 3363 3518 3403 vestras

1933 3443 2291 3497 excellentius
2335 3440 2626 3504 mittimus,
2665 3451 2953 3510 precantes
2989 3441 3158 3495 Deum
3228 3451 3285 3495 ut
3335 3443 3521 3512 t'cipiw

1935 3538 2092 3591 blicze
2143 3545 2345 3591 vestrae
2395 3534 2579 3590 omnia
2638 3535 2798 3600 bene,
2846 3535 3085 3591 feliciter
3142 3551 3518 3606 prospereque

1935 3632 2216 3691 eveniant.
2255 3639 2312 3685 et
2341 3645 2530 3699 pacem
2562 3628 2786 3692 habeat,
2828 3628 3308 3699 tranquillitatem,
3342 3629 3515 3682 otium

1939 3723 2408 3792 concordiamque
2483 3735 2830 3794 perpetuam.
2893 3723 3122 3778 Valeant
3180 3723 3521 3778 excellentiae

1941 3826 2134 3869 vestra:
2163 3813 2421 3868 feliciter.

2008 3907 2254 3974 Viterbii,
2285 3922 2338 3962 tv
2395 3906 2534 3962 Non.
2575 3906 2762 3963 Maias.

2770 4004 3094 4074 BESSARION,

2159 4101 2478 4166 cardinalis,
2499 4098 2810 4170 patriarcha
2848 4099 3513 4170 Constantinopoliianus,

2218 4193 2458 4250 basilica:
2507 4192 2568 4248 Β.
2602 4193 2771 4248 Marci
2802 4189 3050 4247 Venetiis
3079 4191 3306 4247 dicavit.

321 4440 638 4510 Catalognm
662 4439 738 4512 ta)
775 4441 1119 4498 bibliotheca:
1140 4443 1484 4501 Bessarionis
1505 4443 1992 4515 praestantissimus
2021 4445 2082 4500 Β.
2120 4442 2560 4515 Montfauconius
2592 4442 2802 4497 dudum
2833 4441 3084 4498 exhibuit
3117 4443 3172 4498 in
3205 4459 3300 4500 sua
3329 4435 3524 4500 Biblio-

244 4538 404 4590 theca
459 4537 892 4592 bibliothecarum
944 4539 1183 4594 codicum
1215 4555 1340 4594 inst.
1375 4539 1480 4595 Sed
1523 4555 1649 4594 eum
1681 4539 1798 4609 ipse
1821 4539 1970 4595 hunc
2001 4539 2321 4608 Catalogum
2356 4535 2781 4592 luculentiorem
2819 4545 2877 4589 et
2909 4534 3242 4591 exactiorem
3287 4551 3354 4593 ex
3399 4537 3526 4593 Ric-

241 4632 511 4682 cardiana
548 4627 879 4685 bibliotheca
931 4639 1178 4699 erutum,
1225 4643 1282 4688 et
1321 4632 1448 4704 ipsi,
1482 4644 1541 4686 ut
1584 4633 1830 4698 videtur,
1866 4648 2038 4704 prope
2091 4631 2404 4686 Bessarioni
2449 4629 2749 4698 σύγχρονον
2785 4627 3039 4693 habeam,
3090 4643 3204 4683 non
3252 4628 3523 4699 ingratam

245 4738 370 4773 rem
401 4722 642 4778 eruditis
674 4739 763 4778 me
797 4723 1073 4780 facturum
1104 4726 1371 4793 arbitror,
1403 4726 1448 4782 si
1484 4727 1642 4782 illum
1679 4727 1772 4783 hic
1811 4729 2014 4784 iterum
2050 4727 2257 4799 publici
2289 4725 2433 4798 juris
2465 4724 2685 4780 faciam.
2724 4723 2821 4778 Est
2851 4738 2984 4777 vero
3007 4722 3104 4791 qui
3135 4723 3414 4792 sequitur.

243 4841 858 4927 'l'aiiulaiibrorum,
900 4850 1023 4927 tam
1061 4846 1647 4927 Qrteeoruurquam
1691 4849 2080 4922 Latinorum,
2115 4861 2276 4926 quos
2324 4843 2884 4927 revereudissimus
2933 4841 2992 4927 in
3044 4839 3290 4927 Christo
3347 4841 3522 4927 Pater

338 4921 638 5007 dominus
675 4924 1375 5007 cardina_l_is_Nictenus,
1421 4921 1873 5007 tte—episcopus
1913 4921 2317 5007 Albanensis,
2357 4931 2527 5007 dono
2554 4924 2728 5007 tletlit
2757 4921 3270 5007 serenissimoet
3313 4922 3521 5007 cXt-ef-

344 5001 690 5086 lentissimo
720 5003 968 5086 __d_u_cali
1032 4999 1433 5086 Venetiarum
1477 4999 1810 5067 dominio:
1854 5008 1962 5086 qui
2010 5005 2320 5068 reconditi
2358 5005 2570 5086 (prout
2600 5005 2800 5086 Roma
2841 4999 3518 5086 transmissifuerant)

341 5077 414 5163 i_n_
464 5079 671 5163 capsis
713 5081 885 5163 ΔΧΧΧ
930 5087 1357 5147 commendati
1402 5085 1585 5146 fuere
1632 5077 1986 5163 magnificis
2028 5095 2088 5147 et
2140 5077 2466 5162 generoSis
2498 5082 2776 5144 dominis
2803 5078 3344 5163 procuratoribus
3373 5077 3527 5140 tedis

346 5158 482 5220 Divi
537 5157 756 5242 Marci,
787 5163 1095 5242 tantisper
1129 5165 1339 5242 quoad
1393 5157 1837 5227 instruatur'et
1876 5157 2218 5228 exornetur
2269 5164 2495 5226 domus
2525 5163 2766 5239 aliqua,
2803 5157 3262 5242 bibliothecte,
3303 5159 3366 5242 in
3401 5174 3526 5242 qua

345 5239 564 5378 repobni
600 5238 836 5326 debent
884 5238 1001 5321 pro
1031 5238 1355 5304 communi
1395 5245 1787 5307 studentium
1836 5247 2140 5320 utilitate,
2191 5261 2264 5307 ac
2316 5242 2550 5305 decore
2604 5238 2664 5303 et
2715 5248 3091 5302 ornamento
3127 5238 3300 5300 urbis
3338 5239 3524 5316 hujus

345 5332 413 5376 ce
442 5335 474 5377 e
525 5333 796 5378 errtmaa.

343 5332 796 5380 ιτθιεοθπιωω.

249 5445 328 5499 lu
361 5462 520 5518 capsa
559 5447 775 5522 signata,
800 5448 993 5522 Ανειιιιε
1022 5451 1224 5506 codices
1267 5452 1340 5513 hi,
1373 5469 1598 5521 quorum
1638 5454 1840 5507 iuscri-
1953 5463 2068 5508 tum
2101 5453 2302 5507 librum
2338 5449 2620 5522 cujusdam
2651 5449 2902 5503 alterius.
2943 5447 3209 5515 Deinceps
3236 5445 3526 5516 Simplicii,

494 5521 696 5587 ptiones
725 5521 808 5572 hic
843 5521 988 5590 infra
1026 5523 1300 5577 adnotata:
1330 5527 1599 5577 videntur.

339 5626 508 5683 Totus
537 5629 862 5687 Aristoteles
895 5643 1094 5704 praeter
1126 5634 1381 5705 logicatn.
1410 5637 1462 5688 in
1500 5633 1846 5705 pergamenis

250 5730 320 5778 et
354 5737 550 5777 novus.
973 5784 980 5792 _

341 5812 566 5886 Physica
598 5815 844 5886 ejusdem
875 5831 998 5872 cum
1019 5819 1358 5888 expositione
1393 5834 1560 5888 usque
1589 5819 1656 5873 ad
1680 5835 1832 5890 quar-

1953 5545 2006 5599 in
2046 5544 2411 5616 pergamenis,
2446 5554 2501 5597 et
2526 5551 2609 5597 cst
2651 5541 2788 5594 liber
2818 5540 3070 5609 pulcher.

1967 5678 1975 5686 κ
2028 5637 2252 5706 Physica
2302 5633 2574 5705 ejusdem,
2607 5629 3109 5702 cunt_espositi0tte
3145 5629 3435 5699 Simplicii,
3477 5630 3532 5688 in

1957 5728 2324 5799 pergamenis.

2036 5823 2351 5890 Simplicius
2396 5837 2447 5874 ιιι
2487 5819 2906 5889 ιιι“;ιξάἱιὶδιὶιι)1ὶίί1
2937 5817 3251 5872 Aristotelis
3290 5833 3302 5870 :
3340 5832 3401 5870 ac
3432 5828 3549 5868 cum

329 5932 404 6004 (α)
431 5934 578 5988 Joan.
603 5936 759 6000 Lami,
788 5936 986 5990 Deliciae
1020 5937 1352 5998 Eruditorum,
1382 5946 1478 5989 lavi
1524 5939 1600 6002 lX,
1632 5939 1903 5991 Florentia:
1938 5940 2072 5991 l'iiO.
