3880 6220
479 349 589 416 ³103
1462 355 1963 414 ιςεδδλῐῖιξὴις
1997 355 2052 416 S.
2084 356 2150 416 ll.
2199 358 2262 415 Ii.
2301 353 2814 416 (l:\llDl.\’.\l.lS\
3295 397 3316 403 -
3575 370 3656 432 τοι

475 467 687 540 iusdam
716 467 942 523 alterius
976 468 1247 538 espos'tio
1278 469 1329 522 in
1361 470 1598 538 primum
1635 481 1692 525 et
1745 473 2048 525 secundum
2080 463 2126 531 Α
2233 471 2452 526 Homeri
2483 471 2627 546 llias,
2660 471 2713 524 in
2743 474 3106 542 pergamenis.
3132 477 3269 532 liber
3299 482 3658 547 pulcherrimus.

477 557 548 614 de
586 561 796 624 anima,
835 561 886 614 in
916 562 1288 630 pergamenis,
1328 561 1575 630 pulcher.
2233 562 2452 618 Homeri
2481 563 2746 635 Odyssea,
2779 566 2831 619 in
2863 567 3102 637 papyris.

551 651 965 722 Theophrastus
995 651 1062 704 de
1096 652 1330 720 plantis,
1368 654 1421 706 in
1461 655 1829 723 pergamenis.
2234 655 2506 711 Eustathii
2542 659 2593 711 in
2629 657 2952 729 Odysseam,
2991 661 3044 714 in
3073 667 3434 732 pergamenis.

471 827 474 830 ἢ
560 745 894 812 Philoponus
945 745 1000 798 iu
1037 745 1240 799 librum
1295 745 1363 800 de
1415 745 1790 803 Generatioue
1847 758 1902 804 et
1935 765 2059 804 eor-
2232 747 2504 802 Eustathii
2538 749 2592 802 in
2623 750 2833 820 primos
2859 767 3055 807 novem
3087 752 3264 826 libros
3294 757 3484 824 Iliadis,
3509 761 3554 814 in
3575 777 3656 832 per-

485 837 766 905 ruptione,
801 845 858 890 et
890 837 1198 892 Alexander
1228 854 1282 892 in
1309 847 1575 903 meteora,
1607 839 1661 893 in
1695 843 2056 911 pergamenis.
2160 841 2429 909 gatnenis.

557 927 756 1000 Logiea
806 929 1120 985 AristOtelis
1168 945 1292 984 cum
1328 931 1769 1000 expositionibus
1813 933 1882 988 ad
1919 935 2061 1004 topi-
2229 929 2484 986 Carmina
2511 931 2758 1003 Gregorii
2788 933 3138 1000 Nazianzeni,
3176 938 3230 992 in
3263 945 3587 1011 pergamenis.

483 1037 603 1076 cam
635 1035 833 1090 usque,
866 1020 920 1074 in
954 1021 1196 1092 papyris.
2232 1021 2381 1074 Arati
2427 1031 2600 1090 poeta:
2648 1023 3049 1094 Lye0phronis,
3095 1029 3148 1083 in
3197 1036 3660 1102 pergatueuis,'cum

556 1111 1111 1182 Physiognomonica,
1141 1111 1439 1181 paradoxa,
1469 1112 1812 1179 mechanica,
1844 1124 1900 1170 et
1930 1129 2063 1184 pro-
2161 1112 2590 1180 expositoribus.

487 1207 724 1260 hlemata
754 1203 1092 1267 Aristotelis,
1128 1203 1182 1257 in
1224 1203 1464 1274 papyris.
2237 1205 2554 1260 lirotemata
2584 1207 2838 1277 antiqua,
2875 1208 2929 1262 in
2973 1214 3338 1282 pergamenis.

561 1296 852 1349 Rhetorica
920 1293 1235 1348 Aristotelis
1262 1335 1278 1360 ,
1343 1302 1399 1347 et
1463 1295 1728 1350 nonnulla
1803 1299 2060 1366 parallela
2235 1295 2534 1365 Euripidis,
2567 1297 2619 1351 in
2641 1301 2881 1368 papyris,
2917 1303 3201 1371 tragoedia:
3231 1315 3359 1360 tres.

487 1385 790 1450 Plutarchi,
822 1387 874 1439 in
907 1386 1148 1456 papyris.
2233 1387 2615 1458 Aristophanis
2647 1393 2934 1446 comoedia:
2985 1402 3120 1460 tres,
3174 1407 3232 1452 ct
3289 1397 3552 1468 Sophoclis
3589 1411 3667 1455 tra-

558 1477 853 1533 Alexandri
882 1479 1214 1547 quaestiones
1253 1478 1560 1546 naturales,
1594 1481 1860 1547 morales,
1895 1496 1950 1536 et
1992 1482 2060 1538 de
2163 1479 2358 1548 gmdiw
2385 1489 2640 1548 quatuor,
2676 1482 2732 1536 in
2766 1485 3006 1554 papyris.

487 1573 694 1640 anima,
731 1572 788 1627 in
826 1573 1197 1642 pergamenis.
2238 1571 2304 1625 Et
2326 1571 2586 1627 Nicandri
2621 1572 2885 1643 theriaca,
2928 1577 2983 1630 in
3016 1582 3382 1650 pergamenis.

562 1663 820 1730 Quasdam
888 1661 1285 1734 epigrammata
1343 1673 1400 1718 et
1458 1664 1690 1718 moralia
1747 1665 2064 1721 Aristotelis

491 1770 706 1824 magna,
737 1763 793 1808 et
823 1730 1140 1818 Eudemica,
1170 1759 1368 1824 partim
1399 1755 1451 1809 in
1489 1755 1732 1825 papyris,
1771 1754 1976 1824 partim
2007 1755 2060 1809 in
2204 1730 2268 1786 Ῐη
2312 1749 2474 1803 “Pw
2511 1732 3116 1825 ‘59"_““ff_g:{_l_7€"4¢'58
3147 1739 3396 1825 librarum
3425 1744 3536 1810 3'25,
3559 1757 3648 1800 sunt

491 1803 706 1824 ""12"",
743 1803 800 1856 vv.
823 1803 1140 1857 —-"--'-'-f
1170 1803 1258 1824 Γ·
1489 1803 1732 1825 r'~""
1771 1803 1976 1824 βω*
2093 1827 2140 1884 Β
2621 1803 2892 1857 volumina
2921 1807 3288 1879 infrascripla.

489 1859 856 1916 pergaments.

561 1937 711 1992 Sexti
750 1935 1009 2005 Empirici
1042 1935 1093 1990 iu
1138 1935 1579 2001 mathematicos,
1618 1937 1672 1990 iu
1703 1935 1945 2007 papyris.
2235 1931 2429 1988 Omnia
2457 1949 2624 2003 opera
2656 1935 2902 1992 Platonis
2949 1939 3003 1992 in
3039 1941 3240 1997 eodem
3283 1954 3336 1999 et
3364 1946 3663 2014 pulchcrzima

564 2029 949 2099 lnterpretatio
998 2029 1297 2082 multorum
1332 2031 1388 2084 in
1421 2031 1677 2100 logieam,
1713 2031 1767 2082 in
1816 2029 2062 2101 papyris.
2165 2023 2466 2091 volumine,
2503 2024 2558 2078 in
2589 2027 2957 2095 pergamenis.

563 2121 923 2192 Metaphrasis
958 2122 1012 2175 in
1043 2122 1298 2190 logieam,
1328 2122 1380 2176 in
1415 2138 1638 2194 papyro.
2237 2116 2430 2174 Omnia
2473 2117 2697 2171 Moralia
2754 2119 3032 2177 Plutarchi
3092 2123 3148 2178 in
3203 2125 3392 2180 eodem
3432 2125 3663 2191 volumine,

565 2217 913 2282 Quaestiones
940 2215 1227 2285 cujusdam
1254 2214 1482 2269 Joannis
1516 2215 1688 2270 Italici
1736 2215 1794 2269 in
1833 2214 2063 2286 logicam
2169 2213 2222 2264 in
2255 2211 2619 2280 pergamenis.

490 2317 550 2363 et
577 2310 837 2377 topicam,
882 2310 935 2362 in
967 2309 1334 2376 pergamenis.
2237 2302 2452 2358 Proculi
2488 2304 2540 2358 in
2577 2305 2960 2382 Parmenidem
2990 2308 3258 2376 Platonis,
3294 2311 3345 2366 iu
3377 2313 3667 2383 pergamenis,

556 2398 834 2456 Ammonii
862 2399 916 2453 in
950 2398 1370 2469 praedicamenta
1403 2398 1738 2454 Aristotelis.
2169 2411 2343 2450 novus
2373 2397 2514 2452 liber
2543 2409 2599 2454 et
2633 2401 2888 2469 pulcher.

564 2490 832 2559 Simplicii
884 2491 937 2544 in
977 2491 1176 2545 librum
1216 2490 1284 2546 de
1319 2493 1461 2548 caelo
1498 2501 1554 2548 et
1588 2493 1824 2556 mundo,
1861 2492 2059 2562 imper-
2237 2487 2454 2544 Proculi
2493 2491 2546 2545 iu
2599 2490 2926 2561 theologiam
2975 2493 3254 2561 Platonis,
3292 2505 3347 2552 et
3379 2496 3604 2552 Hieroclis
3633 2497 3670 2550 is

491 2582 670 2637 lectus
719 2591 779 2637 et
826 2582 1214 2648 inordinatus;
1275 2594 1333 2639 et
1377 2593 1678 2640 erotemala
1726 2584 2066 2654 Ptochopro-
2165 2595 2334 2637 aurea
2379 2582 2626 2638 carmina
2671 2583 3010 2655 Pythagorae,
3068 2602 3255 2643 novus
3301 2589 3440 2644 liber
3495 2599 3542 2642 et
3584 2589 3672 2658 pul-

491 2677 694 2742 dromi,
732 2677 785 2730 in
815 2677 1062 2748 papyris,
1101 2686 1208 2732 etc.
2167 2675 2322 2730 cher.

562 2767 947 2823 Chortasmeni
998 2769 1052 2824 in
1094 2769 1323 2840 lcgicam
1359 2783 1414 2825 et
1465 2771 1821 2838 rhetoricam,
1871 2770 1926 2825 in
1966 2785 2060 2840 pa-
2239 2765 2456 2824 Proculi
2515 2771 2570 2826 in
2619 2772 2886 2827 Timamm
2939 2772 3214 2838 Platonis,
3265 2777 3319 2830 iu
3375 2787 3674 2846 pergamenis.

493 2860 667 2933 pyris.
2167 2871 2347 2914 novus
2363 2856 2538 2928 'liber,
2574 2871 2632 2918 et
2663 2863 2920 2934 pulcher.

1371 3000 1406 3036 δ
1513 3025 1523 3036 ι
1592 3023 1603 3034 ο
1935 3022 2037 3036 ΜΛ
2240 2951 2479 3007 Platonis
2520 2955 2770 3011 nonnulli
2823 2957 3047 3029 dialogi,
3103 2971 3160 3016 οι
3211 2961 3277 3018 de
3325 2977 3454 3032 rep"
3510 2961 3554 3014 in
3590 2974 3680 3028 ρει».

493 3020 559 3074 In
585 3037 745 3091 capsa
767 3021 1021 3114 inscripto
1048 3020 1111 3114 Pl,
1136 3038 1252 3114 quin
1276 3032 1350 3114 est
1375 3020 1630 3114 l'pouderi‘s
1655 3021 1914 3077 librarum
1934 3022 2062 3092 250,
2168 3044 2435 3114 εειηεηίς,

858 3103 980 3146 sum
1008 3094 1282 3147 volumina
1317 3094 1678 3162 infrascripta.
2169 3094 2390 3190 ovilli;

2169 3094 2200 3114 ’⁷
2241 3134 2481 3190 Platonis
2533 3136 2733 3208 dialogi
2791 3154 3033 3218 ιχινιιι,
3109 3143 3166 3198 in
3228 3145 3456 3216 papyris,
3503 3153 3548 3198 et
3590 3139 3680 3195 Vita

567 3229 924 3302 Et‘angelium
964 3228 1198 3284 Matthaai
1223 3243 1348 3283 cum
1382 3230 1816 3300 expositoribus,
1849 3234 1904 3287 in
1943 3249 2064 3303 per-
2091 3205 2134 3264 θ
2171 3225 2339 3297 ipsius
2366 3227 2419 3282 in
2460 3205 2749 3300 principio.

493 3321 765 3394 gamenis.
2241 3321 2542 3387 lamblichi,
2607 3325 2674 3380 de
2705 3327 2815 3381 vita
2848 3327 3196 3400 Pythagorae,
3225 3333 3278 3388 in
3313 3331 3626 3404 pergamenis.

567 3413 940 3488 Olympiodori
987 3413 1045 3470 in
1091 3413 1359 3486 quosdam
1401 3413 1656 3486 dialogos
1706 3414 1971 3483 Platonis,
2013 3417 2067 3472 in
2242 3413 2446 3468 Plotini
2478 3417 2875 3486 opera'omnia,
2918 3421 2972 3475 in
3009 3426 3262 3495 papyris.

496 3509 876 3581 pergamenis.‘
2243 3504 2561 3562 Damasccui
2593 3510 2662 3565 de
2695 3511 2982 3582 principiis
3014 3513 3068 3567 in
3097 3515 3493 3582 Parmenidem,
3514 3517 3559 3570 in
3589 3529 3682 3583 pera

573 3604 843 3657 Arrianus
874 3601 930 3655 in
959 3601 1294 3672 Epictetum,
1323 3601 1379 3656 in
1403 3601 1646 3674 papyris.
2169 3601 2435 3669 gamenis.

568 3695 768 3751 Plotini
802 3694 1076 3749 nonnulla:
1101 3694 1406 3759 orationes,
1440 3695 1494 3748 in
1527 3696 1895 3765 pergamenis.
2241 3692 2456 3748 Proeuli
2491 3694 2601 3750 duo
2632 3696 2756 3752 libri
2792 3698 2861 3753 de
2903 3699 3184 3772 theologia
3231 3704 3480 3769 Platonis,
3538 3713 3582 3757 et
3605 3701 3686 3756 ele-

573 3786 792 3841 Maxinti
827 3785 1099 3842 Platonici
1135 3785 1438 3851 orationes,
1478 3788 1533 3842 in
1566 3789 1936 3858 pergamenis.
2171 3786 2423 3840 mentalis
2451 3789 2695 3858 ejusdem
2728 3792 3022 3862 theologia.

525 3878 840 3934 'lamblichi
879 3877 933 3932 in
981 3878 1268 3949 epistolam
1318 3879 1632 3950 Porphyrii,
1679 3881 1736 3936 in
1787 3895 2070 3950 pergame-
2243 3877 2481 3934 Historia
2535 3879 2602 3936 de
2657 3882 2827 3937 rebus
2872 3885 3042 3954 gestis
3094 3885 3340 3942 Mauritii
3389 3885 3686 3958 Imperatoris

495 3970 604 4027 nis.
2171 3969 2296 4024 libri
2325 3980 2472 4035 octo,
2500 3978 2556 4025 et
2588 3971 2887 4044 Esculapii
2921 3976 3443 4050 Tradaniexpositio
3467 3979 3517 4035 in
3543 3975 3686 4032 Arith-

565 4064 855 4138 Porphyrii
886 4065 1136 4138 dialogus
1186 4066 1241 4120 in
1279 4067 1700 4136 prwdieamenta
1731 4065 2068 4131 Aristotelis,
2172 4063 2446 4128 melicam,
2479 4065 2534 4120 in
2564 4069 2929 4135 pergamenis.

490 4169 551 4217 et
583 4159 955 4225 dialecticam,
1001 4170 1057 4214 et
1098 4159 1528 4226 arithmeticam,
1581 4157 1964 4228 theoIOgicam,
2012 4156 2067 4211 in
2240 4153 2535 4224 Nicephori
2569 4155 2844 4228 Gregorm,
2878 4158 2932 4212 in
2968 4164 3341 4231 pergamenis.

496 4253 863 4328 pergamenis.
2240 4243 2624 4316 Xenophontis
2665 4259 2791 4318 post
2835 4249 3242 4321 Thucydidem,
3289 4263 3344 4307 et
3375 4251 3438 4306 de
3466 4248 3610 4316 dictis
3646 4253 3688 4296 et

563 4345 834 4416 Simplicii
869 4345 920 4398 in
953 4353 1064 4398 tres
1103 4343 1272 4400 libros
1302 4343 1371 4399 de
1416 4344 1622 4407 anima,
1655 4354 1712 4400 et
1741 4343 1982 4408 Proculi,
2013 4352 2070 4400 et
2167 4333 2328 4392 factis
2357 4337 2620 4407 Socratis,
2667 4351 2724 4398 et
2755 4343 2896 4398 ‘alia:
2929 4345 3183 4414 quaedam
3217 4349 3500 4406 orationes,
3535 4347 3581 4398 in
3611 4354 3686 4409 pa-

492 4437 728 4505 llermae,
763 4438 816 4493 in
849 4435 1114 4506 quosdam
1161 4436 1417 4509 Dialogus
1449 4437 1715 4502 Platonis,
1768 4437 1823 4490 in
1874 4452 2070 4508 perga-
2170 4430 2340 4501 pyris.

493 4521 694 4590 “lenis,
2101 4553 2143 4608 υ
2237 4521 2463 4594 Josephi
2491 4526 2556 4580 de
2578 4528 2917 4596 captivitate,
2957 4530 3010 4583 in
3045 4533 3407 4602 pergamenis.

567 4623 863 4680 Herodiani
910 4623 979 4680 de
1010 4631 1138 4680 octo
1173 4622 1504 4689 Cesaribus,
1553 4629 1611 4678 et
1655 4620 1859 4677 Zosimi
1890 4621 2065 4679 histo-
2237 4613 2459 4683 Joseplti
2491 4617 2559 4672 de
2585 4619 2928 4687 captivitate,
2962 4623 3018 4675 in
3055 4624 3422 4695 pergamenis,
3458 4630 3508 4674 et

496 4717 619 4780 rici,
650 4716 704 4770 in
739 4715 1109 4788 pergamenis.
2239 4703 2464 4763 Zonara:
2487 4719 2544 4763 et
2571 4709 2856 4767 Choniata:
2892 4712 3165 4782 historian,
3204 4716 3256 4769 in
3291 4714 3511 4786 papyris.

564 4811 840 4868 Heliodori
869 4808 1203 4879 Ethiopica,
1233 4809 1290 4864 in
1323 4807 1692 4880 pergamenis.

560 4903 897 4975 Phocylidis,
940 4901 1308 4972 'l‘heognidis,
1361 4901 1640 4968 Pollucis,
1674 4910 1729 4956 et
1764 4901 1869 4955 alia
1916 4915 2066 4970 quaa-
2092 4905 2104 4914 '

491 5002 642 5069 dam,
675 5002 730 5056 in
761 5000 1008 5072 papyris.

2229 4863 2296 4945 lit
2320 4884 2481 4938 capsa
2509 4865 2720 4940 signata
2826 4871 3074 4945 ponderis
3108 4872 3362 4925 librarum
3396 4866 3509 4931 250,
3534 4869 3636 4918 sum

2654 4943 2857 4994 codices
2889 4943 2941 4994 in
2950 4944 3242 5013 Inscripti.

568 5062 805 5149 Historia
835 5062 1212 5163 Pachymeris,
1249 5090 1305 5145 in
1339 5089 1585 5162 papyris.

2236 5071 2459 5128 Diodori
2490 5073 2738 5129 historici
2771 5091 2802 5129 a
2836 5091 2868 5128 x
2924 5075 2980 5129 in
3018 5092 3086 5130 xx
3129 5076 3350 5136 librum,
3397 5073 3443 5126 in
3479 5062 3673 5138 papyris.

563 5190 628 5244 Et
659 5187 1036 5258 Xenophontis
1063 5187 1338 5240 Ascensus
1366 5183 1514 5254 Cyri,
1548 5183 1604 5236 in
1638 5181 1879 5252 papyris.
2239 5167 2462 5221 υίοάοτί
2496 5167 2564 5221 ab
2588 5182 2644 5222 ιι
2674 5168 2738 5222 ad
2773 5185 2839 5221 ιν
2869 5184 3066 5239 usque»
3097 5170 3148 5224 Ῑ¹¹
3179 5168 3520 5258 ροτεειιιιςηίδ·
3633 5245 3641 5254 _

462 5269 467 5274 ’
560 5282 806 5339 Philonis
831 5281 1118 5357 orationes
1153 5277 1449 5340 nonnullae,
1486 5275 1538 5329 iu
1570 5276 1942 5345 pergamenis.

2236 5257 2429 5327 Apiani
2465 5259 2816 5314 historiarum
2857 5262 3248 5325 Romanarum,
3283 5269 3335 5313 et
3374 5257 3595 5310 aliarum.
3632 5259 3669 5296 ιη

2166 5365 2404 5419 papyris.

488 5437 551 5492 In
595 5451 756 5504 capsa
799 5432 1135 5520 signatamﬂ,
1165 5429 1414 5520 popderis
1459 5429 1720 5510 librarum
1768 5427 1898 5494 2'20,
1931 5444 2020 5480 sur

1894 5471 1898 5488 ι
1931 5437 2059 5481 εαηί
2241 5444 2548 5515 Theogenis
2584 5454 2638 5500 et
2662 5446 2950 5513 Cbariclae,
2986 5448 3040 5502 in
3075 5445 3426 5520 pergamenis.

1017 5503 1135 5556 mm
1166 5502 1515 5571 intrascrip‘i'
2237 5502 2458 5591 Diodovri
2496 5538 2618 5592 llbl'l
2653 5555 2686 5592 ν
2724 5541 2912 5609 primi,
2937 5502 2998 5595 in
3033 5502 3270 5612 papyris.

515 5683 518 5688 .
560 5635 780 5689 llomeri
817 5634 961 5701 Ilias,
993 5634 1256 5705 Odyssea,
1289 5633 1515 5704 Hymni,
1574 5633 1782 5689 Bellum
1819 5636 2062 5690 murium
2239 5628 2426 5683 Dionis
2462 5630 2828 5684 Romanarum
2862 5633 3238 5694 historiarum,
3277 5631 3327 5684 in
3365 5623 3570 5697 papyris-

489 5736 550 5781 ct
579 5741 838 5780 ranarum
867 5745 880 5792 ;
914 5727 1102 5793 Quinti
1137 5728 1581 5797 supplementum
1611 5727 1816 5794 lliadis,
1849 5728 1902 5782 in
1936 5742 2061 5797 per-
2238 5721 2498 5780 Herodoti
2546 5725 2599 5779 in
2650 5727 2894 5795 papyris,
2943 5738 2998 5782 et
3049 5726 3250 5783 Juliani
3302 5719 3525 5790 quaedam
3571 5722 3666 5762 ora-

485 5818 758 5888 gamenis.
2171 5819 2362 5874 tiones.
