3880 6220
278 292 392 359 705

349 403 625 458 Chronica
655 402 965 473 cujusdam,
1005 402 1058 457 in
1095 398 1336 476 papyris.

350 494 740 550 Demosthenis
765 495 1046 550 orationes
1078 510 1293 559 omnes,
1328 496 1381 549 in
1413 496 1780 566 pergamcnis.

348 584 642 641 Strabonis
682 584 751 637 ab
799 601 850 638 χι
890 592 1065 654 usque
1112 587 1180 641 ad
1232 587 1420 653 linem,
1459 603 1583 643 cum
1630 588 1857 643 adnota-

280 679 527 735 tionibus
557 677 815 742 Gemisti,
846 677 901 731 in
925 678 1170 748 papyris.

355 770 634 826 Plutarchi
683 768 944 839 parallela
992 770 1212 836 omnia,
1256 772 1401 828 lihcr
1433 768 1859 843 pulcherrimus.

354 864 618 921 Isocratis
652 864 935 919 orationes
964 878 1077 928 ut,
1112 871 1168 919 et
1201 862 1440 935 Dionysii
1472 864 1540 920 de
1574 865 1860 918 nominum

280 953 710 1023 compositione.

355 1042 571 1115 Syriani
610 1042 911 1113 Suphistaa,
934 1052 991 1098 et
1018 1042 1249 1098 aliorum
1278 1042 1332 1097 in
1355 1041 1648 1098 nonnullas
1679 1052 1860 1112 partes

283 1136 617 1199 Rhetoricae,
660 1137 715 1191 in
750 1137 1121 1207 pergamcnis.

354 1225 572 1280 Libanii
602 1225 1056 1291 declamationes,
1085 1226 1137 1279 in
1170 1226 1411 1297 papyris.

358 1316 532 1387 Lysim
581 1316 863 1370 orationes
898 1332 1069 1384 xxtx;
1115 1318 1382 1388 Dionysii,
1433 1319 1506 1376 De
1546 1305 1862 1378 charactére

282 1407 490 1479 Lysiae;
514 1406 729 1479 Gorgia:
755 1408 811 1463 in
842 1408 1060 1463 laudem
1091 1409 1331 1466 llelenm.
1396 1466 1412 1491 I

355 1498 739 1554 Aladamantis
777 1498 1059 1555 orationes
1094 1502 1256 1566 dum;
1292 1501 1638 1560 Antisthenis
1664 1504 1867 1559 oratio-

286 1605 388 1645 nes
412 1591 535 1646 dua:
560 1609 574 1659 ;
604 1592 863 1653 Demadis
890 1594 1068 1648 oratio
1102 1610 1232 1648 una.

360 1683 605 1752 Agathia:
652 1682 897 1739 historia:
938 1684 1185 1755 quinque
1220 1685 1397 1751 libris,
1442 1687 1596 1743 ct‘de
1630 1690 1866 1745 nomini-

285 1775 394 1829 bus
427 1785 483 1828 et
514 1775 809 1830 ordinibus
837 1776 1214 1846 antiquorum.

360 1866 899 1947 Theognidislpoetae
925 1885 939 1935 ;
968 1868 1286 1944 Phocylidis
1313 1891 1328 1941 ;
1359 1874 1524 1930 Aurei
1553 1888 1744 1929 versus
1772 1873 1870 1945 Py-

288 1959 533 2029 thagora:
560 1975 576 2024 ;
600 1957 812 2013 Moschi
843 1960 1036 2016 Siculi.

359 2051 545 2107 Musaei
594 2052 741 2107 Hero
801 2063 855 2108 et
907 2053 1176 2122 Leander,
1224 2055 1468 2128 Dionysii
1517 2056 1749 2128 Longini
1802 2055 1872 2112 de

297 2146 682 2217 magnitudine
712 2148 1007 2212 orationis,
1039 2147 1094 2202 in
1130 2149 1499 2220 pergzzmenis,
1523 2160 1631 2204 etc.

355 2236 649 2292 Naucratis
678 2238 930 2292 convivia
956 2238 1084 2293 libri
1118 2249 1265 2307 octo,
1301 2240 1355 2293 in
1390 2239 1762 2310 pcrgamcnis.

357 2327 701 2401 Thucydidis
738 2331 993 2398 historia,
1037 2331 1091 2385 in
1128 2334 1369 2403 papyris.

346 2490 413 2547 In
432 2507 590 2561 capsa
612 2492 825 2564 signata
846 2490 1036 2567 sunt
1066 2486 1187 2567 libri
1209 2494 1352 2560 infra
1380 2495 1561 2563 scripti
1579 2495 1824 2567 ponderis

872 2565 1133 2618 librarum
1163 2566 1291 2619 240.

372 2701 558 2757 Dionis
588 2700 969 2775 Chrysostomi
1002 2704 1281 2759 orationes
1315 2703 1612 2776 octoginta,
1655 2704 1708 2758 in
1748 2718 1859 2773 pcr-

290 2795 558 2867 gamenis.
1459 2802 1475 2819 '

374 2885 617 2957 Dionysii
673 2885 1104 2949 Halicarnassei,
1170 2885 1438 2940 Demetrii
1498 2881 1873 2946 Phalcrensis,

294 2980 618 3046 Alexandri,
671 2979 979 3046 Menandri,
1036 2978 1316 3040 Aristidis.
1376 2977 1621 3048 Apsinis,
1670 2975 1877 3031 llonita

292 3080 577 3130 oraturum
611 3072 783 3127 multa
814 3082 870 3127 et
906 3070 1168 3141 praeclara
1199 3069 1267 3125 de
1303 3073 1518 3125 ratione
1539 3067 1782 3123 dicendi.

368 3168 658 3225 Orationes
689 3164 928 3232 Libanii,
958 3166 1013 3220 in
1048 3164 1292 3235 papyris.

370 3257 627 3327 Epistolas:
656 3254 942 3326 cujusdam
976 3253 1258 3323 Michaelis
1282 3250 1508 3314 Gabras,
1542 3251 1597 3307 in
1632 3252 1875 3322 papyris.

365 3350 583 3406 Libanii
615 3349 1075 3422 Declamationes,
1103 3347 1155 3400 in
1191 3345 1566 3417 pergamenis.

371 3443 585 3499 Libanii
620 3442 900 3513 Epistolar,
929 3442 984 3496 in
1016 3439 1258 3510 papyris.

370 3537 634 3603 Quaedam
669 3551 838 3605 opera
870 3533 1177 3599 Aristidis;
1212 3532 1427 3587 Proculi
1462 3532 1731 3587 naturalis
1761 3532 1880 3588 eleo

300 3628 607 3693 mentalio;
664 3626 858 3697 legalia
918 3626 1170 3696 qum-dam
1231 3626 1445 3680 Alcinoi
1501 3629 1568 3680 de
1629 3626 1881 3697 dogmate

301 3723 568 3789 Platonis,
603 3724 656 3776 in
690 3721 937 3793 papyris.

374 3812 637 3871 Aristidis
667 3815 975 3879 orationes,
1012 3813 1065 3868 in
1101 3812 1470 3884 pergamenis.

1724 290 2126 353 EPISTOLE.

1889 424 1933 481 Α
2033 404 2365 469 (Ileomcdis,
2396 405 2449 458 in
2481 402 2720 475 papyris,
2754 409 2809 457 et

3430 285 3539 350 708

2036 497 2312 551 Ptolemaei
2378 494 2788 568 Quadripartita
2852 510 2977 549 cum
3033 492 3413 563 expositione,
3480 504 3537 549 et

1966 587 2138 642 multa
2170 588 2272 642 alia
2305 588 2358 641 in
2392 580 2819 654 Astronomiam,
2849 586 2901 640 in
2929 583 3300 657 pergamenis.

1965 719 2027 773 In
2070 735 2232 790 capsa
2269 719 2482 789 signata
2500 718 2542 777 ϐ
2564 720 2808 790 ponderis
2836 718 3095 773 librarum
3125 718 3232 773 240
3258 728 3382 773 sunt
3423 720 3542 774 libri

2559 791 2701 861 infra
2735 793 2945 860 scripti.

2035 896 2381 960 Geometrica
2434 903 2701 967 Euclidis.
2733 914 2790 959 et
2826 904 2959 960 Data
2990 905 3263 976 ejusdem,
3314 882 3540 974 Sphmra

1966 996 2284 1058 Theodosii,
2319 996 2657 1067 Apparentia
2699 1006 2755 1053 et
2786 998 3067 1054 Catholica
3129 996 3398 1058 Euclidis.
3431 998 3540 1053 Lo-

1966 1090 2084 1161 gica
2114 1088 2387 1154 Barlaam,
2430 1098 2487 1143 et
2535 1088 2835 1158 Almagesti
2873 1088 3180 1154 Ptolomaei.
3212 1090 3266 1145 in
3300 1092 3543 1162 papyris.

2034 1181 2383 1249 Almagestus
2417 1179 2691 1237 Ptolemaei
2738 1196 2864 1237 cum
2898 1184 3241 1253 erpositione
3274 1183 3541 1249 Theonis,

1967 1272 2110 1327 liber
2138 1276 2435 1343 pretiosus.
2466 1274 2521 1328 in
2554 1275 2796 1347 papyris.

2037 1360 2354 1418 Geometria
2400 1358 2670 1428 Euclidis,
2719 1371 2777 1418 et
2823 1362 3060 1418 aliorum
3107 1363 3407 1421 multorum
3447 1380 3546 1420 au-

1969 1462 2187 1510 ctcrum
2220 1470 2451 1509 numero
2478 1471 2611 1509 xvm
2639 1454 2982 1512 theoremata
3012 1457 3371 1529 geometrica,
3403 1448 3572 1516 liber.

1970 1548 2271 1615 pretiosus,
2312 1548 2366 1601 in
2394 1548 2636 1619 papyris.

2040 1638 2281 1695 Athacus
2310 1637 2522 1705 Graece,
2575 1636 2885 1707 Geodzesia,
2935 1640 3133 1696 tabula}
3164 1642 3416 1708 Persicae,
3466 1653 3548 1699 ta-

1973 1730 2119 1786 bula:
2170 1725 2432 1795 Theonis,
2478 1729 2701 1786 Proculi
2750 1731 2807 1786 iu
2857 1731 3286 1788 Astronomiam.
3317 1735 3550 1802 Quadri-

1976 1826 2173 1893 partita
2204 1822 2508 1890 Ptolemaei,
2554 1834 2609 1879 et
2644 1823 2752 1879 alia
2798 1824 2857 1878 in
2899 1823 3332 1892 Astronomiam,
3364 1829 3419 1883 in
3453 1845 3548 1900 pa-

1973 1934 2144 1989 pyris.

2045 2009 2220 2081 Magni
2278 2008 2597 2081 Logothetae
2639 2009 2697 2065 in
2747 2008 3186 2077 Astronomiam,
3218 2010 3272 2065 in
3318 2027 3548 2083 papyro,

1974 2101 2118 2156 liber
2151 2117 2316 2156 unus.

2046 2194 2250 2251 Musica
2288 2194 2570 2249 Ptolemaei
2601 2210 2726 2249 cum
2764 2194 3110 2265 expositione
3142 2194 3452 2263 Laurentii,
3495 2199 3551 2253 in

1978 2299 2205 2356 papyro.

2048 2376 2271 2433 Tabulae
2320 2377 2599 2434 Ptolemaei
2646 2378 2700 2432 in
2755 2378 3144 2462 compendium
3186 2378 3443 2444 redactae,
3497 2381 3551 2435 in

1979 2483 2210 2539 papyro.

2046 2562 2305 2629 Quaedam
2342 2545 2542 2617 tabulze
2574 2562 2933 2634 Astrologica:
2958 2577 3131 2634 parvo
3158 2562 3459 2631 volumine,
3499 2564 3557 2640 in

1979 2659 2351 2726 pergamenis.

2048 2748 2405 2805 Arithmetica
2427 2749 2777 2813 Nicomachi;
2811 2750 2962 2805 Arati
2992 2748 3378 2814 theuomena,
3402 2748 3561 2805 Cleo-

1980 2831 2176 2903 medis,
2210 2850 2266 2896 et
2289 2857 2380 2896 sex
2409 2842 2535 2896 libri
2560 2842 2912 2907 Gcomctriie,
2942 2843 2993 2895 in
3027 2842 3269 2914 papyris.

2050 2930 2416 2988 Arithmctica
2461 2933 2788 3011 Nicomachi
2841 2935 3184 3004 Philosophi,
3222 2936 3275 2989 in
3319 2935 3558 3005 papyris.

2052 3026 2367 3081 Cleomedis
2395 3028 2520 3081 cuin
2556 3027 2927 3097 expositione,
2952 3038 3010 3083 et
3038 3028 3399 3084 Arithmetica
3433 3043 3561 3083 cum

1904 3123 1948 3179 ε
1978 3117 2325 3205 expositione
2354 3118 2671 3189 Philoponi,
2707 3120 2758 3172 in
2788 3120 3030 3190 papyris.

2050 3211 2382 3280 Clcomedis,
2417 3222 2475 3267 et
2498 3210 2858 3267 Arithmetica
2890 3211 3183 3284 Diophauti
3211 3213 3333 3270 libri
3364 3230 3459 3272 se:
3500 3217 3552 3271 in

1980 3317 2209 3373 papyro.

2052 3394 2216 3452 Liber
2247 3396 2440 3467 legalis
2489 3397 2882 3469 compendium
2929 3398 3311 3471 Armenopoli,
3353 3400 3407 3455 in
3458 3416 3557 3472 pa-

1983 3504 2156 3559 pyris.

2055 3582 2221 3638 Liber
2248 3583 2436 3655 legalis
2460 3585 2517 3639 in
2552 3582 2934 3655 alphabetum,
2967 3582 3025 3640 in
3055 3584 3421 3656 pergamenis.

2055 3674 2285 3741 Similis,
2318 3677 2373 3728 in
2408 3675 2783 3746 pergamenis,
2813 3684 2871 3732 et

2056 3767 2286 3833 Similis,
2322 3768 2377 3823 in
2412 3769 2786 3839 pergamenis.

376 3908 563 3963 Dionis
585 3876 970 3962 Romanarum
985 3876 1347 3961 historiarum
1383 3920 1413 3958 a
1449 3920 1572 3958 XLIV
1607 3903 1678 3958 ad
1724 3905 1886 3976 quin-
1985 3876 2246 3973 In'capsa
2283 3903 2494 3974 signata
2518 3900 3126 3976 "ponderislibrarum
3154 3898 3262 3956 250
3291 3909 3414 3956 sunt
3445 3901 3565 3958 libri

302 4003 683 4074 quagesimum
722 4016 898 4071 usque
928 4014 1156 4065 nonum,
1188 3999 1243 4053 iu
1277 4001 1648 4068 pergainenis.

376 4096 643 4152 Aristidis
668 4095 976 4157 orationes,
1013 4092 1065 4146 in
1093 4094 1339 4164 papyris.

378 4190 680 4247 Rhetorica
726 4189 1111 4259 Hermogenis,
1144 4186 1509 4241 Arithmctica
1540 4185 1884 4252 Nicomachi,

311 4286 639 4342 Geometria:
667 4283 791 4339 libri
828 4298 941 4346 sex,
973 4293 1027 4336 et
1053 4279 1337 4337 Geodaasia
1369 4283 1421 4335 in
1455 4298 1540 4352 pay
1562 4283 1696 4353 yris.

376 4372 672 4428 Rhetorica
706 4372 1092 4443 Hermogenis,
1126 4374 1181 4427 in
1218 4372 1461 4443 papyris.
1520 4436 1523 4439 ν

2576 3974 2723 4042 infra
2752 3972 2962 4041 scripti.

2059 4084 2312 4156 Epitoma
2359 4100 2428 4141 ιι
2488 4084 2761 4140 librorum
2812 4086 2996 4156 legum
3037 4102 3137 4158 per
3186 4088 3563 4158 alphabetum,

1989 4181 2044 4233 in
2077 4180 2444 4250 pergamcnis.
3304 4198 3311 4205 ·

2061 4269 2441 4326 lnstitutiones
2467 4269 2688 4338 Grzeczc,
2722 4270 2776 4326 in
2813 4272 3179 4343 pergamenis.

2060 4364 2226 4419 Liber
2253 4364 2467 4434 legalis,
2504 4362 2854 4434 Compilatio,
2881 4374 2937 4420 et
2965 4367 3364 4425 collectaneum
3399 4373 3564 4428 trium

376 4464 764 4524 Demosthenis
804 4474 1084 4519 orationes
1132 4463 1553 4534 quinquaginta,
1605 4473 1663 4518 et
1710 4465 1885 4534 cpita-
1917 4480 1965 4539 υ
1997 4459 2420 4526 imperalorum.
2455 4458 2508 4510 in
2537 4459 2778 4530 papyris.

308 4554 436 4623 phia
471 4553 668 4626 Lysiae,
706 4556 761 4609 in
800 4557 1043 4625 papyris.

386 4645 772 4702 Deinosthenis
803 4649 1083 4701 orationes
1110 4662 1245 4712 xm,
1282 4648 1550 4717 promittia
1593 4648 1887 4703 conciona-

311 4750 473 4804 toria,
509 4741 593 4794 vel
625 4740 997 4810 dcmegorica,
1052 4750 1107 4795 et
1140 4740 1400 4809 Epistula:
1432 4756 1551 4805 sex,
1595 4742 1648 4795 in
1693 4758 1887 4811 perga-

310 4833 508 4887 menis.

380 4926 625 4981 Euclidis
652 4925 987 4992 Geometria,
1029 4926 1084 4979 in
1115 4926 1357 4997 papyris.

378 5018 693 5074 Cleomedis
732 5018 932 5073 tabula:
955 5017 1193 5073 Persicae
1227 5036 1242 5083 ;
1273 5018 1574 5074 Erisocinae
1613 5017 1888 5103 Arithptc-

315 5115 442 5178 tica,
476 5125 531 5168 et
562 5113 835 5185 imagines
867 5112 1211 5168 Philostrati.

383 5204 548 5260 Liber
578 5206 767 5261 inqu
790 5205 1224 5277 suntjudicialia
1250 5207 1556 5277 complura,
1586 5208 1641 5262 in
1672 5208 1891 5279 papyris

312 5300 463 5353 corio
492 5299 690 5354 ruber).

385 5392 538 5446 Alter
570 5392 788 5455 similis.
820 5394 975 5448 corio
1007 5394 1185 5465 nigro.

389 5482 611 5539 Tabula:
645 5484 877 5541 Persicae
904 5503 919 5553 ;
951 5497 1002 5540 et
1035 5486 1336 5557 descriptio
1368 5486 1664 5542 Astrolabii
1705 5486 1761 5541 in
1798 5502 1894 5556 pa-

321 5595 487 5649 pyris.

394 5670 670 5727 Ptolemaei
701 5673 1003 5743 Almcgisti,
1030 5672 1083 5726 in
1115 5674 1478 5743 pergamcnis.

395 5762 670 5821 Ptolemaei
702 5764 1072 5836 Geographia,
1105 5765 1157 5818 in
1195 5765 1559 5836 pcrgamcnis.

568 5866 839 5926 l’nuoc.
872 5870 989 5929 Gn.
1050 5864 1192 5923 CLX
1212 5865 1253 5923 l‘.

2064 4548 2319 4602 Melctius
2346 4549 2414 4603 de
2451 4558 2646 4603 natura
2683 4551 2952 4617 hominis,
2989 4553 3044 4607 in
3080 4556 3325 4627 papyris.

2072 4642 2149 4696 De
2182 4657 2313 4695 cura
2344 4656 2611 4711 equorum
2646 4643 2948 4698 multorum
2995 4656 3308 4715 auctorum,
3339 4648 3394 4703 in
3443 4665 3565 4720 per-

1993 4751 2261 4805 gamcnts.

2066 4829 2143 4884 De
2190 4824 2453 4885 varietate
2520 4838 2577 4887 et
2622 4830 2824 4887 virtute
2874 4831 3302 4902 elementorum,
3350 4837 3406 4892 in
3468 4853 3566 4910 pa-

1993 4935 2163 4992 pyris,

2072 5014 2420 5069 Dioscorides
2452 5012 2507 5067 in
2540 5014 2892 5082 medicinam,
2929 5030 2983 5069 in
3021 5020 3388 5091 pergamenis.

2064 5108 2296 5164 Oribasii
2328 5094 2770 5173 inauedicinam,
2798 5110 2852 5164 in
2885 5110 3108 5180 papyris
3139 5111 3266 5167 libri
3299 5123 3560 5183 quatuor,

1993 5212 2050 5257 et
2110 5201 2179 5256 de
2233 5200 2569 5270 agricultura
2624 5201 2968 5257 diversorum
3009 5211 3322 5271 auctorum,
3376 5207 3432 5260 in
3477 5222 3571 5275 pa-

1997 5296 2163 5367 pyris.

2066 5386 2312 5441 Actuarii
2342 5386 2410 5441 de
2444 5386 2637 5465 urinis,
2676 5386 2732 5440 in
2761 5386 3001 5457 papyris.

2066 5481 2216 5535 Pauli
2242 5479 2487 5550 Aiginctae
2512 5478 2732 5545 medici,
2772 5481 2825 5533 in
2860 5481 3226 5549 pergameuis.

2071 5572 2296 5626 Eusebii
2330 5573 2397 5625 de
2426 5571 2773 5625 Constantini
2814 5572 2957 5636 Vita,
2995 5571 3050 5626 in
3088 5574 3331 5645 papyris,

1988 5648 1995 5655 q
2072 5666 2273 5734 Legum
2327 5666 2602 5733 opimam,
2665 5675 2715 5718 ct
2775 5664 3027 5721 Cauoncs
3071 5668 3461 5735 conciliorum,
3514 5670 3571 5723 in

1966 5743 2365 5833 'pcrgamcuis.

3058 5852 3136 5912 23
