3880 6220
381 256 491 320 ’ἵύῖ

449 365 615 420 Liber
644 367 833 438 legalis
876 374 1040 426 trium
1077 374 1493 445 imperatorum,
1527 381 1580 434 in
1607 383 1852 453 papyris.

449 457 627 513 Pltotii
680 463 922 517 narratio
969 479 1160 520 eorum
1211 478 1332 537 qua:
1380 466 1611 541 legerat,
1656 474 1710 527 itt
1758 491 1951 546 perga—

380 549 577 623 mettis.

448 640 602 703 Alter
630 642 848 709 similis,
879 644 932 698 in
969 651 1340 718 pergamenis.

378 777 444 833 In
466 796 625 850 capsa
658 782 877 852 signata
904 783 933 838 Ι
961 789 1205 856 ponderis
1241 789 1501 847 librarum
1533 794 1640 850 250
1672 806 1795 849 sunt
1825 798 1946 852 libri

961 858 1105 928 infra
1134 861 1340 929 scripti.

448 960 721 1021 Climacns
750 984 874 1023 cum
910 973 1275 1042 expositione,
1314 974 1369 1030 in
1400 979 1644 1052 papyris.

450 1053 673 1111 Eusebii
696 1057 1406 1137 Evangelicapra'paratio,
1440 1069 1499 1122 in
1526 1071 1770 1141 papyris.

446 1146 579 1200 Acta
617 1151 796 1217 quarti
835 1154 1080 1218 concilii,
1111 1153 1164 1208 in
1196 1157 1437 1227 papyris.

445 1241 583 1291 Acta
616 1240 795 1308 quinti
829 1245 1072 1309 concilii,
1106 1247 1158 1300 in
1195 1252 1566 1322 pergamenis.

410 1386 415 1391 η
445 1332 577 1382 Acta
605 1332 801 1401 synodi
828 1344 1022 1389 contra
1053 1338 1327 1409 Photium,
1375 1355 1430 1399 et
1460 1346 1862 1419 alterius-pars,
1894 1352 1944 1405 in

374 1422 623 1490 papyris,
648 1435 974 1495 consumpta
1006 1429 1061 1481 in
1096 1434 1468 1499 pergamenis.

447 1519 579 1569 Acta
608 1518 826 1572 concilii
866 1520 1195 1581 Florentini.

448 1606 635 1662 Sancti
667 1609 906 1681 Dionysii
938 1612 1279 1685 Areopagitae
1308 1620 1491 1672 omnia
1524 1635 1691 1691 Opera
1730 1626 1783 1679 in
1820 1642 1949 1696 per-

376 1700 642 1766 gamenis,
674 1702 816 1757 liber
842 1705 1274 1774 pulcherrimus.

445 1791 800 1863 Philosophia
838 1804 894 1849 et
940 1795 1239 1869 Theologia
1299 1801 1658 1872 Damasceni,
1705 1808 1759 1864 in
1812 1827 1941 1882 per-

377 1885 647 1951 gamenis.

444 1973 594 2027 Alter
623 1974 764 2027 liber
793 1974 1013 2042 similis,
1047 1978 1107 2032 in
1135 1984 1507 2050 pergamenis.

451 2066 610 2119 Alter
641 2066 783 2120 liber
813 2067 1033 2133 similis,
1069 2072 1126 2124 in
1156 2077 1399 2145 papyris.

452 2155 638 2210 Sancti
673 2156 892 2212 'l‘homae
921 2164 1129 2229 primus
1181 2174 1237 2219 et
1263 2168 1541 2224 secundus
1573 2182 1762 2230 contra
1804 2174 1949 2232 Gen-

376 2250 501 2303 tiles
524 2248 731 2315 Grmce,
772 2251 827 2304 in
859 2256 1105 2323 papyris.

450 2340 702 2410 Ejusdem
730 2342 798 2397 ad
846 2343 1165 2402 Sam-torem
1199 2354 1650 2423 Antrocherium,
1680 2371 1736 2415 et
1768 2364 1944 2433 prima

373 2434 564 2503 primae
597 2432 807 2501 ϐαιτερ,
846 2437 899 2490 in
932 2443 1175 2511 papyris.

439 2525 707 2596 Acyndini
740 2529 988 2597 quadam
1047 2547 1253 2603 opera;
1295 2546 1350 2594 et
1380 2540 1643 2600 Prochori
1687 2546 1756 2603 de
1792 2550 1945 2605 attri-

373 2614 546 2678 butis,
581 2617 633 2670 in
664 2621 1029 2688 pergamenis.

442 2706 649 2762 Nicolai
678 2706 944 2766 Cabasilae
968 2712 1038 2767 de
1076 2713 1216 2781 Vita,
1257 2718 1313 2773 in
1344 2724 1588 2794 papyris,
1622 2728 1674 2782 in
1709 2745 1765 2783 x.
1828 2720 1831 2725 ’

445 2798 631 2854 Sancti
676 2800 859 2857 Basilii
917 2805 1217 2874 orationes,
1271 2810 1327 2866 in
1376 2830 1707 2887 pergameno
1753 2838 1947 2879 mona-

373 2891 531 2947 stice.

442 2987 702 3058 Ejusdem
733 2987 801 3043 de
827 2989 1019 3047 eadem
1048 3009 1128 3061 re,
1155 2996 1212 3051 in
1250 3002 1613 3071 pergamcnis,
1645 3012 1702 3059 et

444 3079 705 3149 Ejusdem
733 3080 800 3136 de
827 3086 1015 3138 eadem
1048 3101 1127 3150 re,
1156 3089 1207 3141 in
1234 3095 1607 3161 pergatnenis.
1771 3128 1797 3151 ο

441 3173 598 3227 Cinoi
647 3174 723 3228 De
767 3176 1121 3243 processionc
1170 3180 1413 3251 Spiritus
1466 3186 1663 3254 sancti,
1714 3190 1770 3242 in
1820 3204 1945 3261 per-

371 3265 638 3336 gamenis.
707 3297 716 3315 .

371 3398 435 3453 In
464 3415 625 3470 capsa
654 3403 866 3473 signata
893 3405 943 3459 K
966 3407 1214 3478 ponderis
1241 3406 1502 3463 librarum
1539 3411 1647 3465 240
1672 3422 1793 3467 sunt
1826 3414 1948 3471 libri

970 3478 1110 3546 infra
1145 3479 1348 3548 scripti.

441 3583 664 3642 Zonaras
691 3587 937 3643 historici
961 3604 992 3643 a
1023 3591 1210 3644 mundi
1240 3592 1517 3649 creatione
1546 3595 1614 3650 ad
1650 3598 1943 3666 imperium

373 3692 549 3746 usque
578 3678 779 3743 Alexii,
812 3679 867 3732 in
900 3681 1145 3751 papyris.
1179 3682 1345 3739 Deest
1372 3698 1592 3754 parum,
1621 3701 1677 3743 et
1713 3691 1767 3744 in
1796 3691 1949 3758 prin-

370 3769 536 3839 cipio,
571 3780 627 3826 et
652 3771 706 3825 in
743 3772 872 3827 line.

446 3863 745 3918 Alexandri
775 3874 832 3919 ct
872 3864 1183 3926 Aristotelis
1215 3872 1585 3941 problemata,
1615 3875 1668 3929 in
1705 3880 1942 3948 papyris.

441 3955 633 4010 Galerii
667 3956 854 4011 decem
887 3969 1174 4027 tractatus,
1204 3963 1260 4016 in
1297 3969 1665 4036 pergamenis.

442 4048 688 4105 Theonis
717 4050 773 4105 in
811 4051 1094 4109 Platonem
1121 4055 1190 4110 de
1218 4060 1644 4125 mathematicis,
1674 4063 1726 4114 in
1754 4077 1948 4132 perga.

374 4159 575 4198 ments.

445 4235 699 4292 Aristidis
736 4239 1035 4309 orationes,
1073 4243 1127 4298 in
1165 4249 1407 4319 papyris.

445 4329 671 4383 Moralia
697 4330 1002 4400 Plutarchi,
1038 4335 1094 4389 in
1122 4341 1494 4409 pergamenis.

446 4422 675 4479 Luciani
709 4425 1009 4494 orationes,
1052 4429 1105 4484 in
1136 4433 1405 4503 papyris.

443 4520 575 4570 Acta
611 4518 751 4572 sexti
781 4528 835 4572 et
867 4504 1086 4590 septimi
1123 4525 1363 4591 concilii,
1408 4527 1461 4580 in
1492 4528 1733 4601 papyris.

447 4607 668 4663 Moralia
705 4611 1009 4680 Plutarchi,
1050 4624 1107 4670 et
1135 4615 1394 4674 Aristidis
1426 4623 1727 4689 orationes,
1759 4624 1814 4679 in
1850 4640 1948 4695 pa-

414 4716 544 4755 'y'l'lS.

414 4716 544 4755 "l‘lS.

373 4713 704 4865 ple‘.pistolie
736 4798 1039 4852 multorum
1076 4800 1320 4869 pulchra:
1353 4803 1406 4857 in
1437 4807 1676 4876 papyris.

444 4887 704 4959 Dialogus
758 4890 1022 4946 Planudis
1062 4893 1116 4947 in
1163 4892 1607 4966 Grammaticos,
1665 4909 1723 4956 et
1752 4900 1947 4958 «Ovidii

378 4979 853 5052 Metamorphoses
885 4982 1100 5051 Gnaeo,
1137 4986 1191 5040 in
1221 4989 1460 5059 papyris.

445 5072 632 5127 Flores
662 5090 727 5127 ex
757 5076 993 5131 diversis
1020 5080 1345 5133 auctoribus
1375 5095 1472 5150 per
1500 5083 1791 5151 quemdam
1838 5084 1951 5140 Ma-

372 5165 611 5224 cariuut.
648 5167 703 5220 in
734 5170 973 5239 papyris.

441 5257 611 5311 Multa
648 5260 701 5311 itt
729 5260 1125 5327 Grammatice,
1155 5263 1208 5316 in
1241 5279 1467 5337 papyro.

440 5349 692 5422 Gregorii
724 5353 1059 5411 Nazianzeni
1094 5359 1162 5411 de
1185 5356 1428 5423 homine,
1461 5372 1519 5415 et
1548 5360 1731 5416 Basilii
1762 5374 1952 5420 contra

381 5442 737 5512 Eunomium,
784 5449 837 5500 in
873 5452 1248 5520 pergameuis.

452 5647 529 5712 (i)
585 5647 682 5702 llic
717 5662 822 5716 est,
860 5664 916 5707 ut
951 5655 1191 5717 videtur,
1228 5657 1461 5711 duarum
1500 5660 1807 5714 litterarum
1840 5663 1956 5716 hia-

379 5725 487 5789 tus,
525 5733 650 5772 nam
698 5723 881 5777 littera
932 5725 974 5780 Ν
1011 5727 1270 5784 litterasO
1298 5740 1673 5798 postponitur,
1707 5734 1957 5804 adeoque

1328 268 1826 333 BESSARlUNlS
1882 278 1946 336 S.

2111 279 2178 340 E.
2215 280 2674 344 CARDlNALlS
3486 296 3577 361 703

1980 394 2024 449 Α
2125 387 2307 444 Basilii
2332 388 2732 461 Hexaemeron,
2755 405 2808 451 et
2830 406 3020 453 eontra
3045 399 3387 472 Eunomium,
3410 404 3459 460 in
3476 414 3582 478 per-

2053 479 2319 547 gamenis.

2123 575 2312 630 Basilii
2344 576 2397 630 in
2431 576 2651 645 Isaiam,
2681 581 2735 635 in
2767 587 3137 654 pergamenis.

2124 667 2383 738 Epistulae
2417 672 2572 728 Pauli
2604 672 2813 741 Graece,
2841 686 2898 731 et
2930 676 3141 747 Latine,
3174 690 3232 736 et
3258 680 3523 742 llebraice.

2124 760 2437 831 Dogmatica
2467 773 2768 830 armatura,
2802 767 2857 821 in
2901 773 3149 841 papyris.

2122 850 2387 921 Excerpta
2427 854 2497 910 de
2526 857 2739 913 sanctis
2771 857 3116 925 doetorihus,
3164 862 3217 917 in
3250 869 3581 935 pergamenis.

2124 942 2382 1007 Quaedam
2411 946 2689 1005 orationes
2716 947 3118 1022 Chrysostomi,
3160 940 3227 1010 in
3248 961 3581 1029 pergatnenis.

2122 1034 2287 1090 Liber
2315 1036 2653 1094 Monasticus
2676 1039 2958 1111 Antiochi,
2993 1045 3047 1099 in
3076 1052 3436 1119 pergamenis.

2123 1125 2377 1196 Origenis
2409 1129 2727 1197 Philncalia,
2762 1134 2815 1187 in
2850 1140 3199 1207 pergamenis
3231 1156 3288 1197 et

2121 1219 2528 1277 Connuentaria
2586 1226 2835 1294 qna-dam
2899 1230 2956 1283 in
3010 1233 3324 1289 orationem
3376 1235 3584 1309 Gregorii

2051 1310 2408 1376 Nazianzeni,
2442 1315 2495 1367 in
2522 1327 2889 1389 pergamcnis.

2055 1466 2119 1520 In
2161 1485 2318 1540 capsa
2350 1470 2641 1552 signata-ﬂ
2671 1472 3046 1552 (l_).‘ponderis
3072 1478 3337 1552 librarum
3358 1481 3588 1552 250,581"

2560 1542 2681 1596 libri
2712 1542 2857 1613 infra
2896 1549 3104 1617 scripti.

2125 1675 2375 1748 Gregorii
2426 1678 2760 1735 Nazianzeni
2796 1695 3090 1741 sermones
3145 1702 3271 1742 cum
3318 1688 3582 1760 glossis,itt

1987 1733 2025 1793 Β
2053 1733 2292 1839 papyris.

2125 1859 2294 1930 Leges
2326 1862 2380 1916 in
2419 1865 2808 1935 compendium
2838 1869 3100 1939 redactae,
3132 1881 3190 1928 et
3232 1888 3458 1931 canones
3482 1890 3583 1931 con-

2051 1950 2327 2015 ciliorum,
2366 1955 2419 2008 in
2446 1959 2821 2025 pergamenis.

2123 2041 2293 2115 Leges
2338 2049 2560 2101 navales
2597 2047 2934 2107 Rhodiorum
2969 2068 3034 2108 ex
3093 2053 3164 2109 Η
3210 2056 3351 2112 libro
3375 2057 3581 2129 Digesto-

2055 2152 2176 2192 rum
2201 2177 2217 2204 ,
2247 2148 2301 2193 et
2335 2141 2474 2205 aliae,
2510 2144 2564 2196 in
2593 2148 2960 2214 pergamenis.

2120 2229 2406 2288 Orationes
2438 2235 2686 2306 Gregorii
2724 2238 3086 2306 Nazianzeni,
3145 2244 3200 2299 in
3257 2244 3580 2316 pergamenis.

2121 2322 2302 2377 Prima
2350 2340 2477 2393 pars
2535 2328 2711 2381 sancti
2749 2328 2975 2386 Thema:
3008 2332 3228 2401 Graece,
3258 2335 3314 2404 in
3344 2350 3581 2407 pergame-

2054 2428 2162 2468 υιε.

2118 2501 2495 2574 Chrysostomi
2524 2486 2529 2495 V
2562 2508 2807 2565 homilitc
2872 2513 2926 2566 in
2972 2513 3228 2571 diversas
3277 2515 3581 2571 auctoritates

2049 2595 2330 2667 Evangelii
2369 2602 2634 2670 pulchras,
2666 2605 2729 2658 in
2754 2611 3131 2678 pergamenis.

2120 2687 2377 2760 Ejusdem
2412 2693 2737 2764 Margaritae,
2775 2698 2829 2753 in
2863 2704 3242 2771 pergamenis.

2118 2781 2375 2851 Ejusdem
2421 2785 2475 2840 in
2525 2786 2822 2857 Epistulam
2872 2792 2941 2846 ad
2993 2791 3279 2864 Hebraeos,
3318 2797 3384 2852 ad
3412 2795 3580 2867 Philip-

2048 2885 2266 2940 penses,
2296 2875 2349 2928 in
2373 2869 2746 2946 pergatnen‘is.

2120 2965 2377 3036 Ejusdem
2426 2971 2481 3023 in
2531 2971 2794 3027 Joannem
2844 2976 3025 3046 prima
3062 2995 3217 3048 pars,
3252 2981 3304 3036 in
3337 2993 3579 3051 pergama

1971 3069 2014 3129 ε
2051 3057 2157 3123 nis,
2184 3069 2240 3114 et

2123 3150 2374 3209 Homilirc
2411 3154 2789 3227 Chrysostomi
2826 3174 2892 3214 ex
2933 3161 3115 3231 ipsius
3156 3164 3467 3219 Sermonum
3495 3162 3578 3217 llo-

2048 3242 2201 3298 ribus
2230 3247 2567 3315 compositae.

2048 3401 2112 3457 In
2142 3420 2302 3472 capsa
2334 3406 2549 3475 signata
2579 3406 2634 3461 Ν
2653 3408 2897 3477 ponderis
2927 3409 3187 3465 librarum
3217 3411 3320 3467 2'50
3345 3417 3458 3466 sunt
3484 3405 3581 3463 libri

2648 3478 2792 3547 infra
2824 3481 3028 3549 scripti.

2118 3605 2355 3677 Gyrillus
2387 3608 2439 3661 in
2466 3607 2763 3676 Joannem,
2796 3610 2847 3664 in
2885 3616 3137 3682 papyris.

2116 3698 2494 3769 Chrysostomi
2526 3701 2579 3754 in
2607 3700 2842 3770 primam
2870 3716 3085 3772 partem
3120 3704 3375 3770 Matthxi,
3404 3704 3454 3758 in
3481 3715 3583 3772 peri

2048 3794 2314 3860 gamenis,
2350 3792 2567 3847 initium
2601 3808 2631 3848 a
2662 3810 2731 3849 xv
2769 3795 3032 3852 Homilia.

2119 3885 2373 3954 Ejusdem
2424 3886 2478 3937 iu
2515 3887 2798 3954 eumdem,
2851 3890 2902 3941 in
2942 3889 3310 3959 pergatnenis,
3343 3888 3534 3943 initium
3557 3897 3585 3936 a'

2052 3980 2209 4029 tertia
2253 3976 2511 4031 Humilia.

2119 4071 2307 4125 Sancti
2369 4073 2551 4128 Basilii
2600 4073 2979 4131 Hexaemeron
3019 4086 3078 4133 et
3122 4077 3364 4142 moralia,
3401 4075 3451 4129 in
3480 4087 3582 4144 per-

2048 4164 2315 4231 gamenis.

2116 4257 2494 4328 Chrysostomi
2549 4258 2601 4312 in
2652 4258 2954 4314 secundam
3011 4273 3221 4331 partem
3273 4259 3499 4324 Joannis,
3536 4255 3583 4310 in

2052 4350 2416 4419 pergamenis.
2448 4349 2647 4419 Incipit
2676 4368 2705 4404 a
2740 4367 2804 4405 LV
2838 4351 3092 4411 llomilia.

1977 4416 2021 4471 Β
2124 4416 2250 4494 Sani
2273 4442 2312 4494 ti
2351 4416 2592 4513 Dionysii
2626 4445 2967 4517 Areopagitae
2995 4447 3179 4501 omnia
3210 4460 3387 4517 opera,
3411 4443 3459 4497 in
3482 4453 3581 4510 per‘

2051 4546 2319 4599 gillllCﬂlS.

2125 4625 2309 4678 Sancti
2346 4626 2527 4680 Basilii
2565 4628 2617 4680 in
2655 4627 2874 4694 Isaiam,
2906 4630 2960 4682 in
3004 4630 3359 4701 pergamenis.

2123 4717 2323 4771 Contra
2364 4722 2642 4788 Agarenos
2678 4736 2776 4789 per
2803 4720 3043 4786 Judtcos,
3077 4726 3129 4778 in
3166 4723 3393 4794 papyris.

2124 4808 2502 4880 Chrysostomi
2535 4810 2888 4877 Andriantes,
2929 4814 2984 4867 in
3028 4814 3382 4884 pergamenis.

2127 4900 2505 4972 Chrysostomi
2545 4903 2796 4959 llomilia:
2825 4907 3095 4975 quadam,
3141 4910 3278 4961 inter
3326 4916 3446 4973 quas
3469 4901 3573 4951 ειηιι

2061 4995 2308 5064 quinque
2340 4996 2393 5049 in
2423 4995 2566 5051 beati
2607 4996 2759 5051 Pauli
2789 4999 3001 5065 laudes,
3041 5002 3094 5055 in
3133 4996 3470 5070 pergamenis.

2126 5083 2505 5154 Chrysostomi
2540 5087 2595 5140 in
2623 5086 2891 5143 Joannem
2939 5091 3178 5146 Secunda
3222 5101 3357 5158 pars,
3391 5085 3435 5136 in
3472 5091 3571 5148 μορ

2056 5177 2315 5245 gamenis,
2350 5186 2407 5231 et
3517 5262 3524 5268 ο

2129 5268 2388 5335 Quaedam
2448 5262 2700 5345 Gregorii
2756 5275 3015 5347 Nysseni,
3059 5274 3296 5335 Eusebii,
3333 5262 3566 5334 Origeais,

2058 5362 2358 5426 Zaeltat'ize,
2417 5366 2600 5432 lineae,
2636 5366 2926 5438 TltCOpbtll
2968 5382 3023 5424 et
3074 5364 3366 5437 Epipltattii,
3398 5362 3441 5410 itt
3469 5369 3568 5422 PV"

2059 5460 2329 5527 gatttettis.

2062 5665 2184 5719 dum
2228 5666 2423 5721 littera:
2472 5667 2694 5729 desunt,
2745 5670 2826 5724 vel
2889 5671 3096 5725 librarii
3149 5660 3339 5719 incuria
3370 5653 3562 5708 οηιιεεπ,

2069 5740 2153 5791 \el
2183 5738 2289 5792 alia
2326 5742 2394 5793 de
2421 5753 2584 5795 causa
2617 5741 2754 5796 mihi
2785 5746 2987 5811 ignota.
