3880 6220
332 324 446 398 ⁵109
474 394 485 399 κ

1778 314 2180 402 Ἐριδτριιῖ.

3476 332 3584 414 7ιο

341 451 408 508 In
444 465 604 520 supra
633 448 845 519 signata
872 445 918 501 P
944 447 1483 531 po‘itderisdibrarum
1516 447 1623 502 πο
1647 458 1769 505 sunt
1797 449 1916 503 libri
1944 456 1989 511 Α
2024 451 2283 516 rinthios,
2310 453 2374 507 ad
2394 451 2792 522 Philemonem,
2818 454 2885 511 ad
2913 434 3119 524 'l‘itum,
3149 459 3210 512 ἐι
3245 444 3310 514 ad
3342 459 3581 531 Galatas,

937 518 1078 586 infra
1104 520 1311 587 scripti.

409 629 699 688 Orationes
746 630 1044 686 multorum
1095 628 1384 683 doctorum
1436 630 1491 683 in
1542 631 1709 685 rariis
1739 629 1911 687 festis.

342 725 531 797 Incipit
563 727 756 794 quinta
790 722 1155 793 Septembris.
1209 721 1356 776 Finit
1405 724 1456 775 in
1494 723 1712 779 laudem
1762 723 1911 797 ipse-

339 817 454 888 phi,
487 816 542 872 in
570 815 942 886 pergamenis.

410 907 795 977 Metaphrastm
835 904 1044 961 mensis
1080 904 1409 959 Novembris
1439 921 1466 959 a
1495 922 1602 960 xvu
1662 908 1713 960 in
1748 907 1910 961 tinem

340 1017 532 1071 usque.
1526 988 1535 997 ’

411 1096 546 1150 Vitae
595 1094 925 1149 Sanctorum
977 1092 1181 1146 mensis
1232 1090 1409 1145 Martii
1465 1099 1520 1144 et
1569 1090 1794 1160 Aprilis,
1855 1090 1908 1143 in

337 1190 711 1263 pergamenis.
1072 1233 1078 1239 .

412 1282 793 1351 Metaphrastm
838 1278 1081 1336 secunda
1133 1292 1260 1347 pars
1308 1274 1515 1329 mensis
1542 1271 1809 1337 Januarii,
1856 1272 1909 1325 in

337 1373 711 1445 pergamcnis.

406 1466 692 1521 Orationes
724 1473 849 1519 octo
891 1476 957 1518 ex
1008 1461 1210 1531 quibus
1240 1465 1353 1513 tres
1392 1456 1566 1513 sancti
1619 1454 1824 1522 Basilii,
1857 1464 1913 1511 et

335 1557 587 1629 quardatn
613 1556 757 1614 alim.
795 1556 849 1609 in
880 1550 1253 1623 pergamenis.

412 1645 791 1716 Metaphrastm
825 1641 1034 1698 mensis
1073 1637 1397 1694 Novembris
1422 1652 1454 1691 a
1486 1634 1598 1690 xvii
1635 1634 1690 1689 in
1744 1634 1908 1689 linem

339 1755 536 1806 usque,
567 1738 620 1790 in
662 1734 1029 1804 pergamenis.

2019 545 2073 597 in
2108 546 2472 617 pergamenis.

2096 634 2283 689 Sancti
2332 635 2562 692 Joannis
2609 639 2928 696 Damasce‘ni
2980 643 3260 712 parallcla,
3298 645 3350 698 in
3396 660 3587 718 perga-

2017 726 2215 791 menis,
2246 735 2301 781 et

2086 819 2276 891 Cyrilli
2309 824 2572 891 thesauri,
2607 825 2662 880 in
2699 830 3065 898 pergamenis.

2017 955 2084 1009 1η
2118 973 2281 1028 capsa
2313 961 2526 1030 signata
2563 953 3156 1103 Syriinderislibrarttm
3182 961 3287 1021 2J0
3320 977 3443 1022 sunt
3467 968 3587 1024 libri

2609 1049 2662 1086 tn
2693 1051 2752 1088 ra
2786 1046 2985 1103 scripti.
3190 1041 3199 1049 ‘

2609 1041 2752 1103 infra
2786 1041 2985 1106 scripti.
3190 1041 3199 1049 ‘

2086 1163 2465 1236 Chrysostomi
2530 1169 2583 1222 in
2637 1171 2768 1225 Acta
2815 1172 3239 1243 Apostolorum,
3297 1175 3351 1230 in
3395 1192 3590 1248 perga-

2013 1273 2213 1314 ments.

2083 1355 2457 1428 Chrysostomi
2482 1359 2531 1414 in
2549 1358 2819 1430 EpiStolas
2843 1361 2910 1415 ad
2954 1359 3239 1430 Ephesios,
3278 1360 3590 1433 Philippen-

2011 1452 2102 1501 ses
2132 1462 2194 1502 ac
2219 1446 2592 1515 Golossenses,
2621 1451 2675 1504 in
2710 1453 3072 1522 pergamenis.

2073 1531 2260 1594 Sancti
2312 1540 2687 1612 Ghr’ysostomi
2743 1542 2799 1597 in
2850 1542 3082 1613 primam
3144 1557 3357 1616 partem
3410 1546 3583 1602 sancti

2014 1622 2244 1684 Joannis
2270 1632 2650 1704 Evangelistte,
2685 1636 2739 1689 in
2778 1638 3142 1708 pergamenis.

2032 1723 2058 1747 '
2087 1720 2367 1791 Expositio
2392 1724 2764 1794 Chr‘ysostomi
2793 1732 2847 1781 in
2877 1734 3084 1798 partem
3112 1732 3280 1798 lsaiae,
3303 1742 3352 1785 ct
3381 1732 3582 1784 multo-

412 1831 561 1886 Muiti
616 1828 913 1885 Sermones
964 1825 1111 1880 beati
1143 1819 1398 1894 Gregorii
1451 1818 1806 1885 Naxianzeni,
1848 1816 1907 1871 in
1941 1789 1988 1850 Β
2018 1828 2139 1868 rum
2176 1814 2449 1869 dictorum
2480 1817 2532 1869 in
2557 1820 2811 1873 Cllllltlcm
2843 1819 3056 1883 lsaiam,
3088 1822 3172 1875 τρι
3207 1823 3258 1875 in
3286 1822 3580 1892 quamdam
3611 1813 3640 1839 ⁹

310 1890 792 2089 1aillatamrasta':
823 2013 892 2070 de
913 1998 1129 2069 .mense
1157 2008 1501 2074 Decembris,
1533 2006 1589 2062 in
1630 2017 1913 2076 pergame-

336 2118 443 2181 nis,
472 2131 502 2170 a
533 2113 851 2177 medietate,
885 2120 940 2167 et
974 2109 1138 2164 ultra.
1762 2150 1769 2157 .

406 2205 792 2276 Metaphrastte
821 2200 892 2256 de
920 2201 1033 2255 vita
1070 2198 1425 2263 Sanctorum,
1469 2193 1524 2250 in
1558 2191 1911 2265 pergamenis

333 2315 364 2352 a
399 2295 690 2351 medietate
715 2301 772 2347 et
804 2291 945 2346 ultra
973 2288 1041 2343 de
1065 2300 1254 2342 mense
1294 2282 1636 2339 Decembris.

407 2388 789 2457 Hctaphrastie
837 2382 907 2438 de
959 2386 1150 2437 mense
1204 2376 1483 2441 Octobris,
1520 2374 1573 2428 in
1625 2385 1909 2443 pergame—

333 2482 445 2558 nis,
473 2476 528 2536 ἐι

406 2572 621 2632 Laudes
650 2571 822 2625 beatae
856 2563 1118 2637 Virginis,
1148 2571 1202 2618 et
1228 2561 1524 2616 multorum
1557 2557 1906 2617 Sanctorum,

335 2668 393 2723 in
418 2662 781 2737 pergamenis.

331 2825 397 2883 In
425 2838 589 2893 capsa
614 2821 825 2891 signata
851 2816 895 2884 ρ
921 2813 1460 2957 ppufdgicsﬁl'i’brarum
1484 2807 1593 2864 EMO
1626 2788 1747 2861 sunt
1782 2805 1907 2860 libri

949 2904 1006 2942 tn
1035 2903 1061 2940 r
1269 2902 1305 2938 ι.

949 2902 1305 2942 ιηιτωετιυιι.

403 3034 703 3091 Sermones
741 3023 1057 3100 panegyrici
1085 3020 1313 3086 diversi,
1345 3019 1401 3074 in
1438 3013 1802 3087 pergamenis.

404 3122 689 3195 Expositio
733 3119 788 3174 in
820 3117 1063 3172 Lucam:
1096 3109 1359 3168 Carmina
1411 3102 1741 3163 Nazianzeni
1780 3116 1904 3157 curn

232 3220 235 3225 ’
331 3193 678 3289 expositione
724 3207 968 3279 Dionysii
1002 3202 1367 3273 Areopagitae,
1397 3214 1522 3254 eum
1561 3193 1903 3265 expositione

334 3288 640 3379 theologica
693 3300 1039 3360 Damasceni.
1081 3295 1365 3367 Expositio
1408 3293 1462 3346 in
1497 3288 1932 3360 Apocalypsim,‘

330 3418 386 3461 et
416 3405 520 3459 alia
562 3401 751 3461 multa,
779 3397 834 3450 in
865 3394 1103 3465 papyris.

407 3496 787 3565 lletaphrasta:
840 3487 1081 3545 secunda
1130 3483 1395 3539 medietas
1442 3476 1792 3540 Nowmbris,
1851 3474 1903 3528 in

332 3588 700 3661 pergamenis.

405 3680 785 3747 Metaph'astaa
819 3676 888 3729 de
927 3673 1046 3729 Vita
1087 3672 1419 3727 Sanctorum
1464 3678 1652 3718 mense

330 3774 445 3827 bris
472 3788 501 3826 a
536 3771 708 3841 prima
736 3768 1056 3831 medietate,
1098 3765 1154 3817 in
1183 3759 1550 3832 pergamenis.

404 3865 785 3934 Melaphrasttl:
813 3858 1140 3917 Novembris
1168 3854 1347 3925 prima
1382 3848 1671 3908 medietas,
1701 3847 1753 3897 in
1786 3858 1904 3895 ner-

329 3957 600 4027 ςῖὶιὶῑεηίεδ

403 4046 783 4115 Metaphrasta:
812 4039 1143 4100 Januarius,
1176 4036 1231 4087 in
1261 4029 1609 4102 pergamenis

400 4138 584 4191 Sancti
622 4132 913 4204 Epiphanii
950 4127 1199 4187 Panaria,
1232 4125 1286 4177 in
1318 4122 1683 4193 pergamenis,
1712 4127 1768 4171 et

402 4229 589 4284 Sancti
619 4222 1159 4292 Maximiorationes,
1179 4218 1235 4272 in
1261 4212 1623 4287 pergamenis,
1650 4213 1899 4265 diversm.

400 4322 781 4391 Mctaphrastm
812 4317 1015 4371 mensis
1042 4308 1370 4365 Novembris
1396 4306 1636 4361 secunda
1667 4320 1816 4373 pars,
1848 4305 1901 4355 in

328 4416 691 4489 pergamcuis.

1681 3661 1906 3716 Decem-

324 4572 383 4624 ιη
408 4585 567 4641 capsa
598 4568 811 4639 signata
840 4561 886 4617 R
914 4561 1157 4702 perieris
1190 4559 1447 4682 tibrnrum
1482 4554 1588 4611 250
1615 4563 1732 4608 sunt
1777 4554 1898 4607 libri

921 4650 978 4687 ιη
1006 4649 1067 4686 ra
1098 4647 1237 4701 scrip
1267 4647 1303 4684 t.

921 4647 1067 4701 intra
1098 4647 1303 4701 scripti.

396 4776 584 4833 Sancti
621 4773 808 4847 Cyrilli
842 4770 909 4827 ad
942 4767 1246 4827 Palladium
1275 4765 1343 4822 de
1389 4764 1573 4819 Latria
1617 4763 1670 4815 in
1699 4760 1896 4828 Spirlttl

325 4884 379 4925 et
408 4872 655 4932 veritate,
691 4869 745 4922 in
780 4868 1023 4937 papyris.

398 4964 655 5034 Epistola:
696 4960 871 5017 sancti
918 4955 1167 5027 Gregorii
1212 4953 1564 5035 Nazianzcni,
1601 4952 1657 5006 in
1709 4966 1895 5020 perga-

328 5057 526 5111 ηιυηίε.

397 5149 691 5202 Sermones
739 5143 912 5198 saneti
967 5139 1217 5210 Gregorii
1267 5136 1625 5199 Nazianzeni,
1678 5135 1735 5189 in
1781 5150 1897 5202 per-

324 5243 587 5310 gatttettis.
717 5232 732 5248 ⁸

392 5333 575 5385 Sani-ti
616 5328 920 5392 Athanas’i,
965 5327 1015 5378 in
1060 5320 1426 5393 pergameuis.

393 5424 684 5477 Sermones
729 5422 901 5475 sancti
948 5415 1327 5486 Chrysostooti
1375 5414 1428 5467 in
1471 5402 1767 5481 Epistulam
1824 5409 1893 5461 ad

327 5517 627 5577 ltntnanos,
656 5518 707 5568 in
747 5511 1113 5583 pergameuis.

394 5608 691 5662 Sermones
718 5606 1062 5659 diversorum
1090 5601 1374 5655 doctorum
1411 5596 1479 5650 de
1506 5593 1629 5650 Vita
1661 5593 1890 5650 Sancto-

322 5716 442 5753 rum
483 5700 686 5752 mt-nsis
723 5696 851 5750 Julii
884 5707 935 5750 et
963 5694 1212 5764 Augusti,
1247 5695 1298 5743 in
1335 5685 1699 5759 pergamenis.

402 5791 776 5863 Chrysostomi
810 5787 1079 5857 expositio
1118 5785 1170 5838 in
1207 5780 1475 5853 Epistolas
1508 5777 1658 5833 l‘auli
1694 5777 1761 5830 ad
1794 5779 1893 5830 Go-

2014 1905 2248 1973 partent,
2280 1904 2654 1978 Chrysostomi
2683 1910 2735 1962 in
2766 1921 2974 1979 partem
3004 1908 3278 1966 Jcremie.

2089 1996 2418 2054 Theodoreti
2447 2000 2693 2071 episcopi
2726 2000 2853 2073 Cyri
2891 2002 2944 2057 in
2982 2012 3153 2058 torum
3184 2003 3497 2070 Jeremiam,
3524 2002 3577 2056 in

2015 2092 2387 2162 pergamenis.

2082 2182 2383 2238 Sermones
2422 2180 2601 2255 Magni
2638 2182 2946 2251 Athanasii,
2978 2187 3033 2242 in
3071 2188 3315 2260 papyris.

2084 2272 2345 2344 Epistolas
2374 2275 2569 2332 lsidori
2605 2276 2895 2333 Pelttsinttn
2926 2281 2978 2333 iu
3009 2285 3248 2352 papyris.

2081 2367 2453 2440 Chrysostomi
2514 2369 2569 2423 in
2615 2370 2915 2425 secundam
2968 2383 3180 2441 partem
3230 2372 3486 2442 Matthzei,
3526 2375 3582 2429 in

2012 2462 2381 2531 pergamenis.

2082 2550 2265 2606 Sancti
2298 2552 2519 2607 Maximi
2557 2553 2901 2625 ΡιιίΙοεθυιιί,
2931 2556 2985 2608 in
3016 2558 3380 2626 pergamenis.

2078 2643 2376 2700 Aristobuli
2410 2644 2662 2701 Monachi
2694 2658 2886 2702 contra
2932 2647 3175 2710 Judaaos,
3223 2650 3281 2704 in
3337 2650 3577 2722 papyris.

2080 2733 2465 2804 Expositioncs
2508 2737 2791 2791 nonnulla:
2836 2736 2891 2791 in
2927 2735 3221 2801 Evangelia
3260 2739 3579 2795 Dominica-

2008 2821 2080 2877 lia
2112 2824 2416 2879 secundum
2448 2824 2689 2892 Graecos,
2723 2827 2777 2880 in
2802 2827 3043 2898 papyris.

2076 2914 2452 2986 Chrysostomi
2503 2918 2557 2971 in
2598 2918 2896 2973 secundam
2943 2931 3152 2990 partem
3192 2920 3466 2989 Matthxi,
3522 2922 3577 2976 in

2010 3009 2377 3076 pergamenis,
2410 3018 2467 3065 et

2081 3099 2266 3157 Basilii
2297 3113 2484 3158 contra
2513 3104 2867 3172 Eunomium,
2897 3116 2953 3161 et
2975 3104 3222 3177 Gregorii
3248 3105 3574 3161 Nazianzeni

2008 3190 2064 3245 in
2094 3191 2491 3261 Hexaemeron,
2529 3194 2586 3249 in
2613 3196 2982 3265 pergamenis.

2005 3328 2070 3383 In
2089 3344 2251 3400 capsa
2278 3330 2488 3400 signata
2519 3329 2562 3384 Τ
2586 3330 2833 3400 ponderis
2863 3331 3121 3385 librarum
3166 3331 3272 3385 250
3302 3341 3423 3384 sunt
3459 3331 3580 3385 libri

2604 3402 2751 3470 irfra
2776 3403 2980 3470 scripti.

2080 3508 2461 3582 Cbrysostomi
2495 3525 2625 3580 pars
2652 3510 3094 3581 Margaritarum,
3128 3510 3181 3563 in
3216 3513 3574 3579 pergatttcttis.

2072 3603 2444 3675 Chrysostomi
2478 3602 2829 3669 Andriantes,
2861 3605 2914 3659 in
2947 3604 3307 3675 pergamenis.

2075 3696 2452 3768 Chrysostomi
2503 3696 2754 3753 Hon‘tilia:
2802 3697 2859 3752 in
2906 3698 3151 3752 diversas
3209 3700 3487 3754 materias,
3523 3700 3575 3749 in

2005 3790 2376 3860 pergamenis.

2075 3878 2333 3950 (trigenis
2373 3877 2653 3947 expositio
2702 3879 2755 3933 in
2806 3878 3122 3933 Matthmum
3170 3888 3226 3931 et
3286 3877 3574 3942 Joannem,

2004 3972 2060 4025 in
2092 3971 2332 4041 papyris.

2074 4068 2449 4138 Ghrysostomi
2480 4067 2853 4123 Hexaemeron
2898 4067 3141 4122 secutnla
3184 4084 3328 4137 pars,
3368 4070 3418 4120 in
3454 4081 3575 4135 pcr—

2004 4164 2269 4231 gantenis.

2074 4254 2258 4308 Sancti
2295 4252 2475 4307 Basilii
2510 4251 2756 4314 Moralia,
2791 4250 2841 4302 in
2877 4252 3237 4319 pergamenis.

2072 4346 2446 4418 Gltrysostomi
2478 4344 2829 4410 Andriantes,
2866 4342 2918 4395 in
2960 4344 3327 4412 pergamenis.

2080 4438 2451 4493 Auctoritates
2481 4438 2547 4491 de
2578 4436 2876 4498 attributis,
2915 4434 2968 4487 itt
3009 4420 3246 4505 papyris.

2078 4529 2333 4599 Epistula:
2368 4528 2538 4581 sancti
2570 4523 2776 4585 Basilii,
2815 4524 2867 4575 in
2903 4525 3269 4591 pergamenis.

2007 4664 2069 4718 1η
2094 4680 2253 4735 capsa
2282 4666 2492 4733 signata
2524 4653 2566 4713 γ
2590 4659 2833 4735 ponderis
2863 4656 3122 4735 librarum
3156 4658 3261 4713 250
3307 4671 3427 4715 sunt
3459 4662 3580 4717 libri

2604 4734 2746 4799 iulra
2773 4730 2979 4799 scripti.

2077 4844 2453 4917 Chrysostomi
2489 4844 2543 4897 itt
2577 4843 2923 4907 Psalterium,
2951 4828 3143 4898 etalio:
3170 4845 3286 4914 cjns
3308 4844 3577 4909 "mullng

2010 4941 2061 4994 in
2090 4941 2460 5010 pergantenis.

2085 5032 2462 5105 Ghrysostomi
2491 5031 2765 5100 expositio
2799 5030 2850 5082 in
2890 5028 3157 5097 Epistolas
3189 5029 3341 5085 Pauli
3374 5031 3440 5085 ad
3471 5032 3574 5087 Cn-

2004 5128 2280 5181 lossenses
2330 5131 2387 5175 et
2435 5118 2955 5173 ThcsSalonicenses
2992 5118 3226 5184 primaut
3265 5129 3322 5173 et
3380 5138 3579 5175 secun-

2006 5219 2170 5281 datn,
2224 5212 2289 5266 ad
2338 5209 2689 5264 Timotheum
2747 5210 2977 5278 printam
3026 5218 3082 5264 et
3126 5212 3461 5278 secundam,
3523 5217 3575 5267 in

1998 5302 2371 5377 'pvrgatnenis.

2078 5396 2283 5465 Regula
2335 5391 2509 5448 sancti
2557 5389 2738 5445 Basili
2775 5407 2895 5462 qua!
2938 5391 3186 5447 AScetica
3228 5391 3572 5458 inscribitur,

2006 5494 2060 5547 in
2093 5487 2458 5560 pergamenis.

2079 5586 2411 5641 Andriantes
2436 5579 2809 5650 Chrysostotui
2845 5579 2897 5632 in
2939 5579 3304 5648 pergamenis.

2077 5681 2240 5735 Isaias
2287 5675 2553 5747 propheta
2601 5687 2727 5729 eum
2780 5671 3246 5741 expositionibus,
3297 5671 3351 5726 in
3382 5682 3576 5745 perga-

2006 5789 2198 5830 Ill‘.‘|llS.
