3880 6220
345 286 445 354 7H
1282 280 1809 340 'BESS.\llION.S
1849 282 1905 342 Β.
1956 283 2022 345 ll.
2068 283 2129 342 E.
2186 282 2642 342 f‘ARDlNALIS
3464 286 3556 348 712

415 378 793 469 (iiil‘3’5tisl0tt‘ti
822 394 1092 470 expositio
1125 393 1176 447 in
1214 392 1445 463 primam
1478 394 1543 447 ad
1576 393 1916 459 Corinthios,
1948 397 1995 457 Δ
2096 394 2421 449 Psalterium
2457 410 2581 449 cum
2615 394 2960 465 expositione
2997 393 3348 462 Theodoreti,
3379 396 3427 451 in
3449 415 3556 469 pcr-

344 494 398 546 in
440 487 806 561 pergamenis.

2061 491 2290 544 amenis.
3405 530 3424 550 ._

415 582 600 637 Sancti
632 577 819 632 Basilii
854 574 1101 639 Moralia,
1142 574 1195 627 in
1230 574 1601 644 pergamenis.
2098 577 2264 632 Vetus
2308 577 2743 645 Testamentum,
2787 577 3018 634 Genesis
3047 592 3222 636 usque
3267 576 3332 630 ad
3368 578 3555 647 Esther,

413 671 664 744 Gregorii
698 666 1029 725 Nazianzeni
1080 665 1372 721 Orationes
1403 665 1636 721 diversae
1658 706 1673 731 ,
1706 667 1757 721 in
1795 683 1918 738 per-
2023 669 2076 723 in
2115 670 2484 740 pergameuis.

343 767 607 838 gamenis.
2096 757 2344 829 Quatuor
2383 762 2683 834 Evangelia
2713 778 2837 818 cum
2868 760 3330 834 expositionibus,
3368 758 3418 818 in
3458 778 3562 834 per-

411 854 653 927 Gregorii
679 852 1009 908 Nazianzeni
1039 849 1350 915 Orationes,
1389 850 1442 905 in
1481 850 1724 922 papyris.
2023 854 2288 926 gamenis.

410 947 789 1020 Chrysostomi
839 946 893 1000 in
921 945 1278 1006 Psalterium,
1314 952 1370 998 et
1414 943 1661 1015 ejusdem
1697 942 1771 996 De
1804 941 1918 996 vir-

341 1045 594 1117 ginitate,
622 1051 679 1094 et
704 1040 823 1094 alite
852 1037 1136 1093 orationes
1164 1037 1428 1108 pulcbrte,
1464 1037 1517 1090 in
1549 1035 1915 1106 pergamenis.

410 1133 594 1190 Sancti
620 1130 867 1200 Gregorii
898 1129 1229 1186 Nazianzenl
1265 1130 1551 1195 orationes
1587 1142 1758 1183 xxvttt
1790 1140 1915 1181 eum

340 1225 702 1298 expositione,
736 1224 789 1278 in
819 1225 1059 1301 papyris.
1127 1286 1131 1291 ,

2023 1012 2085 1068 In
2120 1030 2284 1083 capsa
2325 1013 2539 1084 signata
2584 1013 2782 1136 ,ἕηκε
2813 1012 3109 1137 libiéisigfra
3148 1013 3330 1084 scripti
3354 1012 3565 1083 ponderis

2628 1102 2641 1136 ι
2682 1100 2864 1136 rarum
3007 1122 3022 1137 .

2628 1100 2864 1136 wrarum
2893 1100 3022 1137 ‘ZOU.

2100 1217 2350 1286 Procopii
2386 1217 2658 1286 expositio
2691 1228 2859 1286 super
2891 1216 3112 1279 Isaiam,
3146 1215 3198 1269 itt
3232 1214 3561 1286 pergameuis.

2094 1309 2279 1363 Sancti
2331 1307 2567 1377 Ephrem
2629 1308 2814 1362 utultte
2852 1306 3149 1361 Orationes
3198 1307 3266 1361 de
3321 1309 3427 1359 vita
3472 1323 3564 1359 tuo-

2022 1400 2251 1466 nastica,
2291 1399 2343 1453 in
2375 1401 2739 1470 pergameuis.

2092 1491 2432 1546 Theodoreti
2460 1493 2515 1546 in
2545 1491 2825 1561 Epistolas
2858 1490 3037 1555 Pauli,
3067 1491 3122 1544 in
3160 1490 3504 1559 pergameuis.

2094 1582 2481 1652 Expositiones
2517 1582 2571 1636 in
2602 1582 2778 1638 libros
2804 1581 3122 1638 Salomonis
3163 1590 3217 1636 et
3241 1581 3359 1645 Job,
3387 1582 3438 1634 in
3463 1596 3565 1651 per-

411 1363 472 1417 ln
506 1377 670 1431 capsa
705 1361 922 1431 signata
953 1360 1039 1415 ΑΛ
1078 1359 1323 1426 ponderis
1368 1359 1625 1412 librarum
1654 1358 1760 1413 230
1795 1368 1918 1413 sunt

859 1431 978 1484 lib'ri
1011 1432 1156 1501 infra
1184 1431 1391 1498 scripti.

406 1548 785 1621 Chrysostomi
808 1546 1209 1612 Hexaemeron,
1241 1544 1296 1598 in
1333 1543 1699 1613 pergamenis.

406 1639 782 1712 Chrysostomi
831 1637 1209 1694 Hexaemeron
1239 1636 1415 1706 prima
1446 1650 1595 1706 pars,
1631 1635 1686 1689 in
1725 1650 1947 1709 pergag

472 1690 781 1746 3------”
1239 1690 1256 1706 .
1446 1690 1465 1706 ι
1580 1690 1595 1703 ι
1725 1690 1741 1705 -
1827 1690 1856 1706 υ
1942 1705 1947 1709 -
2023 1690 2288 1746 gantents.

339 1743 537 1873 wesms’
872 1817 883 1827 .
1077 1835 1092 1844 _
1322 1816 1335 1828 .
1712 1816 1725 1828 .
1950 1757 1994 1815 Β
2093 1770 2370 1825 Climacus
2423 1784 2548 1823 cum
2595 1767 2946 1841 expositione
3000 1767 3138 1823 Eliae
3192 1766 3474 1832 Cretensis,
3519 1765 3563 1817 in

448 1829 640 1872 auctus
659 1817 956 1873 Grerzortus
984 1816 1286 1873 stsenus.
1323 1832 1376 1870 tn
1408 1831 1776 1873 neraaments.
2202 1863 2212 1873 .
3063 1853 3071 1859 -

448 1829 640 1872 anellis
659 1817 956 1887 Gregorius
984 1816 1286 1888 Nyssenus,
1322 1816 1376 1870 in
1408 1816 1776 1887 pergamenis,
2024 1816 2370 1932 Ρθὲὲζὲζνπ
2427 1816 2548 1823 -----
2599 1816 2945 1841 *τ’τν-στ-ν--ν
3000 1816 3071 1859 -η

457 1911 652 1932 μλ-λιμεε
698 1910 928 1932 “ua-Au!
972 1918 1155 1932 ηιμ-...ι
1191 1909 1519 1932 1,·.-.1Αηεηυ
1585 1911 1637 1932 =_
1669 1908 1887 1932 -.ΠΗ-,ε-
2253 1897 2269 1914 ο

404 1910 653 1982 Gregorii
698 1910 929 1981 Nysscni
968 1918 1158 1963 contra
1191 1909 1547 1974 Eunomium,
1585 1911 1639 1962 in
1667 1908 1910 1980 papyris.

406 2003 792 2073 Metaphrastte
823 2003 1028 2056 mensis
1054 2000 1424 2070 Septembris,
1454 2001 1508 2055 in
1542 2001 1910 2072 pergamenis.

408 2096 739 2151 Sanctorum
771 2095 1050 2154 Dorotltei,
1088 2093 1261 2158 Isaim,
1293 2092 1481 2160 Marci,
1514 2102 1569 2148 et
1605 2093 1810 2165 Dialogi
1845 2093 1912 2148 de

336 2188 445 2243 vita
487 2188 814 2253 monastica,
846 2188 899 2241 in
934 2186 1305 2258 pergamenis.

406 2278 592 2334 Sancti
648 2279 756 2333 Nili
819 2281 1098 2334 orationes
1151 2277 1382 2333 diversa!
1434 2288 1491 2334 et
1549 2279 1802 2349 Optimae,
1854 2278 1907 2333 in

2092 1954 2218 2021 Job,
2263 1952 2586 2018 Proverbia,
2634 1952 3035 2019 Ecclesiastes,
3072 1951 3313 2008 Cantica
3361 1950 3565 2005 cantico—

2022 2064 2163 2116 rum,
2196 2048 2475 2119 Sapientia
2507 2047 2837 2116 Salomonis,
2867 2050 3031 2106 Iesus
3050 2047 3269 2113 Sirach,
3293 2049 3563 2119 Prophetas,

2018 2145 2239 2209 Tobias,
2287 2142 2499 2210 Judith,
2536 2142 2974 2198 Macltabaeorum
3054 2145 3182 2200 libri
3238 2153 3365 2211 tres,
3401 2151 3451 2197 et
3487 2142 3563 2197 Jo-

2019 2237 2175 2307 sephi
2211 2236 2356 2307 quod
2392 2235 2535 2291 ratio
2567 2236 2636 2291 sit
2678 2236 3016 2293 moderatrix
3062 2237 3361 2293 atlectuum
3393 2234 3560 2296 animi,

2019 2330 2076 2384 in
2110 2326 2480 2398 pergamenis.
2774 2360 2781 2365 -
2944 2368 2949 2377 .
3404 2310 3409 2315 δ

332 2388 701 2520 Ρρξωωῗηιε’
1039 2466 1047 2476 .
1563 2463 1575 2474 .
1725 2463 1737 2475 .
1855 2463 1866 2474 .
2093 2420 2460 2476 Ecclesiastes
2484 2426 2541 2474 et
2563 2417 2788 2475 Cantica
2813 2430 2938 2473 cum
2984 2418 3353 2488 expositione,
3386 2419 3434 2472 in
3457 2432 3558 2487 per-

444 2474 590 2521 aoett
638 2465 880 2536 Ephrem
912 2475 1191 2522 orationes
1236 2464 1305 2519 de
1337 2472 1645 2519 monasttca
1688 2473 1820 2528 vita,
1855 2480 1907 2517 tn
2020 2513 2265 2536 μωμε-
3216 2502 3220 2506 Α
3519 2532 3529 2536 Α

323 2538 697 2628 ‘pergatnenis
2017 2529 2080 2583 ga

2091 2605 2409 2670 Proverbia,
2447 2604 2808 2662 Ecclesiastes
2840 2614 2898 2660 et
2947 2604 3181 2661 Cantica
3224 2620 3347 2660 cum
3375 2602 3562 2673 exposi-

2020 2698 2192 2765 tione,
2221 2707 2279 2766 et
2298 2698 2500 2753 Justini
2525 2698 2594 2753 de
2624 2697 2754 2752 Fide
2779 2696 3097 2762 Catholica,
3136 2708 3193 2754 et
3213 2700 3381 2754 sancti
3410 2695 3562 2751 Basilii

2017 2792 2161 2861 quod
2214 2806 2324 2845 non
2372 2790 2445 2844 sit
2491 2790 2636 2846 idem
2692 2789 3001 2857 substantia
3050 2800 3112 2846 et
3157 2790 3470 2863 hypostasis,
3518 2789 3561 2840 iu

403 2644 731 2721 Sanctorum
765 2649 985 2703 Patrum
1020 2646 1153 2703 Vitae
1183 2664 1281 2718 per
1299 2648 1652 2703 Theodorum
1683 2647 1809 2720 Cyri
1840 2647 1908 2701 ad

333 2741 637 2797 Palladium
676 2740 946 2808 clausum,
999 2751 1056 2797 et
1098 2740 1167 2797 de
1199 2739 1579 2807 Brachmauis,
1614 2742 1668 2796 in
1716 2756 1909 2812 perga-

332 2848 532 2889 ments.

405 2922 775 2979 Erimachiet
805 2924 940 2989 lsae,
974 2923 1029 2977 in
1060 2924 1434 2995 pergamenis.

2055 2897 2388 2953 ergamems.

2090 2973 2408 2995 n-_ls-_‘.----.
2449 2986 2568 2995 -.ι-ι..
2623 2973 2960 2995 Α----2ι2--Α
3015 2975 3255 2995 ηκ---ι.--
3279 2976 3292 2995 9
3357 2976 3369 2995 2

405 2973 683 2979 ____-__--__
724 2973 774 2979 --
810 2973 940 2989 .__-,
974 2973 1029 2977 ,η
1060 2973 1433 2995 ,--,,_-------_-
1974 2974 1977 2975 ν
2300 2974 2309 2983 .
2795 2973 2807 2985 .
2840 2974 2852 2985 .
3279 2976 3292 2988 .
3358 2976 3369 2986 .

405 3018 736 3070 Sanctorum
775 3015 999 3070 Patrum
1046 3027 1351 3071 memoratu
1396 3015 1586 3088 digna,
1633 3015 1686 3070 in
1716 3031 1909 3088 perga-
2016 2973 2411 3134 8351:3112?qu
2446 2986 2573 3027 cum
2620 2983 2965 3042 “posumne
3015 2975 3315 3062 zygabcm.’
3357 2992 3407 3029 ¹¹¹
3453 2988 3559 3043 ΜΡ

335 3109 537 3165 menis.

402 3126 640 3258 ESinistus
668 3201 901 3270 Marcus,
931 3200 985 3256 in
1019 3201 1384 3273 pergamenis.
1937 3123 1981 3183 ϐ
2026 3155 2706 3273 -.ᾳῗηξιυξῗξῖξῗξέῃθῇ
2730 3158 3115 3273 lib]???
3181 3162 3452 3266 "010ml"?
3475 3172 3563 3213 σο·

2022 3260 2219 3321 operto
2258 3265 2383 3305 cum
2419 3252 2621 3318 serico,
2656 3252 2710 3307 in
2742 3255 3116 3323 pergamenis.

2086 3341 2326 3405 Melissa,
2354 3340 2657 3399 Cassianus
2706 3352 2762 3398 et
2800 3345 3096 3412 Maximus,
3138 3348 3193 3402 in
3227 3345 3557 3418 pergameuis.

2088 3436 2334 3502 Quatuor
2379 3437 2677 3509 Evangelia
2726 3454 2907 3508 ικιντςο⁸
2933 3441 3245 3507 volumine,
3294 3441 3347 3496 in
3393 3453 3559 3510 perga-

2019 3542 2221 3583 ments.

2087 3617 2483 3684 Octateuchus,
2519 3622 2724 3694 Regum
2774 3623 2901 3679 libri
2948 3634 3214 3695 quatuor,
3261 3622 3563 3680 Machabmo—

2018 3727 2141 3766 rum
2180 3712 2303 3767 libri
2342 3713 2474 3776 duo,
2513 3716 2566 3769 in
2610 3719 2978 3787 pergamcnis.

332 3339 397 3394 In
434 3352 597 3409 capsa
625 3340 837 3410 signata
861 3338 895 3395 9
923 3338 1173 3410 ponderis
1210 3337 1468 3391 librarum
1497 3336 1603 3393 250
1629 3347 1751 3392 sunt
1781 3336 1907 3392 libri

926 3412 1067 3482 infra
1108 3411 1311 3480 scripti.

407 3527 732 3593 Psalteriqu
768 3543 894 3582 cum
927 3525 1367 3594 expositionibus
1405 3522 1768 3593 plurimorum
1803 3521 1904 3578 do-

332 3634 547 3676 ctorum
584 3622 877 3689 Optiutunt,
909 3620 961 3671 in
1005 3618 1367 3688 pet‘gatucnis.

411 3715 576 3769 Vetus
633 3713 1089 3777 'l‘estatuentum,
1155 3711 1382 3766 Genesis
1441 3710 1544 3777 Vl,
1605 3724 1776 3782 usque
1837 3709 1904 3764 ad

333 3805 583 3873 E-dratn,
623 3809 673 3859 in
705 3803 1072 3874 pergantcttis.

404 3969 472 4023 Et
508 3984 636 4022 ecce
668 3966 961 4037 Gata,‘ogus
1005 3965 1097 4020 ille
1128 3964 1471 4021 Bibliotheca:
1509 3964 1867 4031 Bessarionis,
1921 3970 2014 4038 qui
2059 3967 2114 4021 in
2155 3967 2494 4025 Bibliotheca
2532 3970 2897 4030 Riccardiana
2939 3991 3264 4033 asservatur
3306 3977 3477 4033 Plutco
3510 3969 3558 4025 S.

330 4064 514 4116 ordine
547 4060 600 4116 I‘I
623 4077 771 4115 num.
804 4070 859 4115 et
888 4075 1052 4129 quem
1087 4074 1195 4114 non
1224 4060 1329 4115 alia
1360 4060 1428 4114 de
1464 4074 1633 4113 causa
1668 4059 2066 4114 luculentiorem
2111 4070 2159 4114 et
2190 4064 2537 4128 exactiorem,
2565 4081 2726 4134 quam
2763 4067 2826 4125 is.
2858 4083 3021 4137 quem
3054 4069 3116 4124 B.
3155 4066 3560 4123 Montfauronius

331 4155 592 4226 vulgavit,
624 4155 760 4216 dixi,
791 4168 953 4223 quam
980 4151 1109 4224 quia
1143 4161 1200 4206 et
1235 4152 1581 4223 synchronos
1618 4146 1960 4218 Bessarioni,
2000 4160 2061 4204 ut
2091 4151 2275 4219 inuui,
2312 4168 2435 4209 eSse
2470 4156 2731 4222 videtur;
2758 4166 2813 4212 et
2853 4162 2899 4212 is
2933 4175 3102 4227 quem
3154 4158 3285 4215 duim
3326 4159 3483 4212 libros
3513 4153 3557 4204 in

330 4248 508 4318 capsis
536 4247 873 4303 collocat-ent
926 4244 1336 4298 concinnarunt
1371 4242 1474 4307 illi,
1527 4241 1621 4311 qui
1661 4241 1790 4295 huic
1833 4242 2056 4309 negotio
2092 4253 2366 4312 praeerant
2401 4264 2415 4300 :
2447 4245 2521 4299 ita
2561 4257 2620 4300 ut
2670 4264 2779 4302 non
2817 4250 2890 4302 sit
2930 4249 3321 4315 dubitandum,
3355 4249 3476 4318 quitt
3511 4236 3557 4294 lli

330 4343 476 4405 labri,
523 4342 619 4412 qui
651 4348 1037 4402 recensentur,
1071 4337 1150 4391 illi
1186 4337 1286 4406 ipsi
1316 4337 1451 4399 sint,
1487 4352 1627 4405 quos
1656 4334 1881 4390 Venetis
1911 4334 2164 4391 Bessario
2197 4337 2443 4393 donavit.
2496 4339 2681 4404 Certe,
2715 4357 2877 4411 quem
2913 4342 3361 4399 Montl‘auconius
3387 4336 3556 4397 edidtt.

330 4457 436 4495 non
464 4440 569 4495 hoc
597 4438 835 4511 simplici
873 4447 928 4493 et
967 4438 1326 4491 tumttltuario
1357 4437 1580 4505 adgestu
1618 4436 1963 4504 compositus
1992 4447 2098 4501 est,
2133 4438 2229 4490 sed
2263 4437 2570 4492 {secundum
2601 4439 3008 4493 elementorum
3039 4440 3294 4495 ordinem
3325 4456 3339 4492 :
3371 4453 3431 4492 ex
3463 4446 3556 4504 quo

327 4537 473 4589 forte
509 4536 686 4588 multo
734 4532 1012 4603 posterior
1044 4546 1167 4585 esse
1211 4530 1574 4599 intelligatur.
1610 4527 1689 4583 illi
1724 4541 1932 4597 autem,
1983 4531 2189 4601 quibus
2235 4540 2413 4598 vacat,
2464 4540 2762 4603 utrumque
2791 4532 3115 4605 Catalogum
3154 4534 3399 4590 conferre
3427 4539 3560 4600 pote-

330 4644 481 4696 runt,
513 4642 678 4702 atque
700 4632 775 4685 ita
803 4642 1138 4700 cognoscere
1170 4642 1237 4680 an
1271 4640 1465 4680 omnes
1501 4625 1582 4679 illi
1609 4625 1713 4694 ipsi
1753 4626 1877 4680 libri
1907 4627 2111 4680 servati
2142 4626 2256 4683 siut
2279 4670 2294 4693 ,
2329 4643 2397 4681 an
2424 4627 2518 4682 alii
2544 4627 2745 4682 deinde
2774 4626 2987 4683 fuerint
3012 4629 3212 4690 additi,
3255 4645 3321 4682 an
3347 4629 3445 4681 ulla
3465 4624 3556 4680 alia

327 4726 642 4782 itittereutia
678 4725 823 4778 inter
873 4738 970 4778 eos
1017 4719 1350 4777 intercedat.
1401 4716 1703 4789 Catalngus
1743 4729 1917 4788 certe,
1950 4734 2112 4790 quem
2147 4720 2265 4790 ipse
2296 4721 2493 4791 prodo,
2520 4722 2587 4774 ab
2619 4721 2844 4776 homine
2895 4722 3078 4776 minus
3130 4725 3307 4795 perito
3345 4724 3556 4791 scriptus

329 4822 571 4885 videtur,
606 4825 663 4871 et
696 4815 924 4886 quidem
951 4814 1166 4870 Graeco.
1201 4811 1254 4864 id
1286 4810 1434 4879 qttod
1465 4810 1677 4862 evincit
1711 4809 1828 4879 ipsa
1858 4811 2171 4866 Graecarum
2206 4812 2476 4867 vocalium
2515 4813 2942 4883 pronuntiatio;
2973 4825 3030 4871 et
3063 4818 3252 4875 minus
3277 4818 3552 4874 litterarum

328 4915 648 4970 Latinarum
689 4906 934 4971 erudito,
970 4904 1119 4974 qttod
1149 4899 1576 4973 orthograpltica
1618 4901 1816 4954 menda
1863 4909 2147 4972 arguunt;
2185 4910 2239 4957 et
2270 4902 2434 4972 paulo
2458 4902 2781 4970 indoctiori,
2808 4906 2954 4972 quod
2988 4908 3275 4964 nominum
3299 4900 3552 4973 corruptio

330 5009 546 5083 passiva
586 5002 953 5060 demonstrat.
987 4997 1101 5054 Nos
1137 4994 1321 5051 tamen
1360 4996 1624 5065 pleraque
1656 4995 1878 5059 menda,
1911 4996 2091 5065 quoad
2140 4995 2259 5050 ﬁeri
2302 4996 2506 5066 potuit,
2542 4996 2938 5065 substulimus,
2964 5008 3019 5055 et
3048 5001 3117 5055 ad
3152 4982 3550 5057 emendatiorem

226 5102 239 5109 ”
324 5081 682 5171 icriptionem
740 5094 1071 5164 redegimus,
1115 5090 1243 5144 licet
1274 5090 1443 5143 multa
1474 5090 1676 5142 intacta
1711 5088 2126 5159 reliquerimus,
2167 5087 2263 5141 ubi
2304 5104 2503 5145 sensus
2533 5105 2600 5146 ex
2629 5106 2801 5162 pravo
2831 5093 2998 5147 etiam
3031 5093 3212 5163 positu
3247 5081 3549 5161 deprehendi

326 5199 676 5267 aliquatenus
711 5196 949 5261 poterat.
996 5185 1276 5242 Caeterum
1320 5185 1376 5236 in
1411 5182 1516 5237 hoc
1548 5180 1809 5253 CataIOgo
1845 5183 2173 5254 perlegenda
2210 5184 2476 5239 nonnulla
2510 5185 2826 5254 observavi,
2859 5201 2983 5257 qua:
3022 5187 3112 5244 hic
3146 5200 3419 5242 recensere
3456 5180 3544 5235 Le-

327 5290 465 5345 ctori
501 5286 724 5342 erudito
754 5286 1029 5354 ingratum
1060 5296 1172 5333 non
1206 5277 1397 5343 fuerit,
1433 5287 1489 5333 et
1527 5288 1658 5333 sunt
1681 5293 1804 5347 quae.
1840 5288 2173 5347 sequuntur.

2007 5443 2317 5514 discipulus
2345 5444 2470 5511 fuit,
2509 5446 2667 5517 cujus
2697 5462 2919 5520 quoque
2965 5456 3143 5504 exstat
3177 5441 3434 5500 Hcthodus
3470 5450 3542 5507 sy-

2017 5539 2230 5608 n0ptica
2256 5539 2559 5594 rhetorices.

2076 5630 2253 5686 CAPSA
2306 5646 2498 5687 Esneu.
2556 5632 2869 5687 Erotemata
2923 5617 3536 5702 Ptoclioprodomimujus

1978 5762 1980 5765 ι
2020 5724 2185 5779 multa
2226 5724 2329 5779 alia
2378 5742 2565 5796 Opera,
2622 5737 2673 5781 et
2720 5727 2971 5797 quaedam
3023 5730 3153 5784 alias
3199 5724 3382 5792 ignota,
3412 5723 3534 5767 cotu-

396 5451 564 5504 Gttrsa
610 5448 676 5503 Α.
702 5446 939 5501 Joannes
968 5444 1189 5501 Italicus
1224 5447 1276 5499 iu
1309 5444 1585 5516 Lngicam,
1625 5438 1674 5499 et
1711 5444 1902 5515 Topica

329 5543 648 5596 Aristotelis.
690 5538 830 5595 Phil.
862 5539 1114 5595 Labbeus
1142 5547 1539 5595 commemorat
1569 5546 1779 5593 tantum
1806 5538 1907 5591 bu-

319 5638 411 5704 jus
435 5634 893 5688 conuuentarium
918 5633 973 5686 in
991 5632 1200 5687 librum
1232 5631 1367 5702 Περὶ
1391 5631 1720 5702 ἑρμηνείαςς
1750 5629 1907 5684 Lam-

334 5728 525 5786 becius
558 5742 718 5797 vero,
753 5727 923 5781 alium
954 5727 1007 5780 in
1040 5711 1265 5796 Topica.
1299 5724 1398 5780 Hic
1434 5724 1711 5779 Michaelis
1743 5722 1905 5780 Psclli

1938 5496 1980 5549 D

3584 1880 3617 1919 δ
