3880 6220
273 3528 305 3549 δ

375 362 478 428 721

1822 374 1911 436 EI
1929 375 2235 441 ISTOLzﬁ.

3524 383 3639 453 722

376 479 493 573 εἴγε
525 472 596 550 ἦν
623 479 1026 552 ἐπιμεληθῆναί
1049 499 1107 537 τε
1140 482 1312 539 αὑτοῦ
1347 486 1441 541 καὶ
1488 487 1726 558 ἀσκῆσαι
1760 488 1958 559 βουλη-
1988 499 2030 554 Λ
2061 493 2301 565 ἀνάγκῃ.
2350 493 2408 547 ’0
2448 494 2493 548 δ’
2530 493 2634 549 ὑπὸ
2674 495 2781 550 τῶν
2814 495 2916 568 τῆς
2967 498 3215 568 μοιχείας
3252 497 3507 570 θεμάτων
3531 500 3634 573 τὴν

382 570 587 642 θῶμεν,
626 574 721 627 καὶ
765 573 898 626 αὐτὸ
927 573 1260 630 ἐπιδίδωσιν.
1306 578 1470 633 Ἃ).λά
1515 579 1610 633 καὶ
1648 580 1839 634 τούτου
1866 583 1953 636 δό-

376 662 476 727 ξαν
503 663 625 716 τινά
654 663 971 734 ἡγήσασθαι
1000 665 1102 731 δεῖ,
1148 668 1250 738 τὴν
1281 668 1375 722 τοῦ
1416 671 1493 733 ώς
1530 673 1868 743 έπιμελητέα
1895 691 1953 727 τε

382 750 573 818 αὑτοῦ,
607 753 702 807 καὶ
740 755 1009 824 ἀσκητέα,
1045 753 1114 829 ἦς
1157 759 1250 812 καὶ
1291 761 1562 835 πρότερον
1602 764 1957 833 ἔγγεγονυίας

382 845 461 915 τῷ
525 845 814 917 φρονοῦντι
864 849 1022 920 ἡμῶν
1073 851 1184 905 οὐδ’
1225 852 1291 907 ἂν
1332 854 1729 927 ἐπιμεληθῆναι
1789 856 1956 911 αὐτοῦ

378 931 481 992 οἷοί
520 940 643 993 ποτ’
693 940 923 1012 εἴημεν,
961 942 1313 1015 βουληθῆναι,
1350 946 1492 999 ὥστε
1549 948 1643 1000 καὶ
1693 946 1840 1002 σ’ύτω
1893 949 1954 1002 τὸ

383 1030 615 1099 φρονοῦν
652 1032 811 1102 ἡμῶν
843 1034 946 1107 τὴν
988 1035 1247 1108 βούλησιν
1285 1037 1373 1107 ἐφ’
1416 1039 1612 1092 ἑαυτοῦ
1651 1044 1823 1094 κινεῖν
1851 1040 1958 1096 ὑπὸ

315 1116 323 1124 ’
379 1125 482 1191 τῆς
531 1125 789 1197 τοιαύτης
836 1126 968 1182 αύτὸ
1025 1132 1295 1201 πρότερον
1348 1132 1719 1204 κεκινημένης
1774 1134 1958 1205 δόξης.

382 1212 542 1269 Οῦτω
572 1213 668 1282 οῦν
694 1217 757 1270 τὸ
798 1218 1156 1291 αὐτοκίνητον
1199 1219 1324 1275 οὔτε
1357 1222 1428 1276 τά
1470 1224 1555 1293 ἐφ’
1606 1225 1741 1295 ἡμῖν
1784 1214 1960 1297 ὀρθῶς

383 1307 652 1376 λεγόμενα
678 1310 779 1380 τὴν
807 1312 1156 1383 εἱμαρμένην
1204 1315 1442 1386 ἀναιρεῖ.
1477 1315 1707 1387 Δηλοῦσι
1755 1318 1814 1371 δὲ
1863 1318 1959 1373 καὶ

382 1400 431 1452 οἱ
451 1399 549 1463 τάς
579 1401 762 1469 φωνὰς
787 1402 992 1467 ταύτας
1024 1404 1239 1476 πρῶτοι
1284 1407 1681 1476 ὀνομάσαντες,
1704 1411 1801 1481 τὴν
1855 1410 1960 1481 μὲν

383 1490 628 1556 Πλάτων,
664 1493 765 1563 τὴν
801 1493 846 1546 δ’
880 1496 928 1547 οἱ
978 1496 1234 1563 Στωϊκοὶ,
1263 1499 1324 1552 ού
1356 1501 1450 1552 καὶ
1492 1501 1593 1574 τὴν
1617 1502 1959 1574 εἱμαρμένην

376 1582 756 1655 ἀναιροῦντες,
794 1585 930 1641 ἀλλά
993 1588 1196 1659 μᾶλλον
1224 1591 1322 1643 καὶ
1366 1590 1643 1662 τιθέμενοι
1690 1596 1760 1664 τῇ
1794 1593 1954 1668 δόξῃ’

378 1675 430 1727 οἱ
455 1675 552 1746 μὲν
572 1676 681 1748 γὰρ
705 1679 940 1736 Στωῖκοὶ
954 1682 1049 1736 καὶ
1081 1682 1572 1753 παρακελεύονται,
1603 1685 1787 1738 ἐκεῖνα
1810 1684 1960 1757 θαμά

2060 585 2163 655 τῆς
2203 587 2550 658 εἱμαρμένης
2579 588 2868 660 ἀναίρεσιν
2904 590 3341 662 ἰσχυριζόμενος,
3381 591 3476 646 ἃτε
3525 592 3633 646 ἀπὸ

2065 676 2371 744 δυσκρίτων
2404 677 2514 733 τῶν
2542 679 2802 734 τοίούτων
2830 680 3000 734 ὄντων
3039 680 3293 751 θεμάτων
3337 682 3635 754 ἐπιχειρῶν

2016 830 2017 833 η
2054 770 2154 822 καὶ
2182 770 2291 824 οὐδ’
2318 772 2385 826 ἀν
2416 771 2579 835 αὐτὸς
2607 771 2749 826 κατά
2770 789 2830 825 τε
2857 771 2918 825 τὸ
2949 771 3097 835 εἰκὸς
3122 771 3308 836 καλῶς
3331 772 3633 843 κεκρικὼς,

2059 861 2286 926 εἰκότως
2314 863 2437 917 οὐδὲ
2472 865 2604 934 ἡμῖν
2647 863 2894 926 πιθανός.
2936 864 3177 917 Ἐκείνου
3215 863 3316 933 μὲν
3361 865 3456 917 ἐπὶ
3492 866 3663 920 πᾶσι“

2057 951 2268 1017 τούτοις
2296 953 2704 1026 προσθήσομεν,
2737 955 2812 1017 ὡς
2868 955 2990 1009 οὐδὲ
3021 955 3121 1026 τὴν
3163 952 3258 1007 τοῦ
3325 953 3463 1007 Θεοῦ
3500 957 3637 1025 πρόο

2059 1060 2262 1113 γνωσιν
2313 1046 2675 1117 συναιροῦντα
2738 1049 2805 1118 τῇ
2840 1046 2938 1116 τῆς
2965 1045 3310 1116 εἱμαρμένης
3356 1045 3635 1116 ἀναιρέσει

2058 1135 2219 1205 λόγου
2245 1175 2258 1200 ,
2318 1136 2502 1200 καλῶς
2565 1136 2786 1191 λύουσιν
2835 1137 2885 1190 οἱ
2938 1136 3271 1208 πειρώμενοι
3334 1136 3634 1206 φάσκοντες

2058 1228 2150 1284 τὸν
2180 1228 2313 1285 Θεὸν
2352 1230 2673 1302 ὡρισμένως
2706 1229 2777 1284 τά
2808 1229 3044 1300 ἀόριστα
3071 1229 3367 1298 γινώσκειν
3393 1245 3407 1259 ο
3441 1232 3491 1283 εἱ
3529 1229 3632 1300 μὲν

2060 1321 2170 1392 γάρ
2225 1320 2287 1374 τὸ
2334 1318 2590 1391 ἀόριστον
2642 1322 2827 1392 σχέσις
2863 1338 2948 1385 τις
2977 1319 3108 1393 περὶ
3163 1321 3226 1373 τὸ
3272 1321 3578 1387 διπλάσιον,
3607 1320 3636 1374 ὃ

2061 1413 2247 1482 σχέσις
2281 1410 2362 1478 ὸν,
2397 1411 2551 1466 τοῦδε
2599 1411 2699 1482 μὲν
2726 1410 3043 1479 διπλασίου,
3084 1410 3274 1483 ἐτέρου
3298 1411 3374 1478 ,δὲ
3413 1411 3473 1465 τὸ
3503 1411 3638 1465 αὐτὸ

2059 1504 2259 1575 ἥμισυ,
2293 1505 2424 1568 ἴσως
2475 1504 2700 1568 εἰκότως
2748 1504 2817 1559 ἀν
2866 1505 2959 1558 καὶ
3012 1504 3236 1558 ἐδόκουν
3288 1503 3469 1570 λέγειν
3500 1521 3549 1556 τι
3586 1505 3636 1557 οἱ

2058 1594 2203 1651 οὕτω
2240 1597 2515 1665 λέγοντες.
2562 1597 2716 1651 Ἐπεὶ
2738 1596 2795 1650 δὲ
2824 1597 2984 1667 εἴπερ
3011 1614 3063 1650 τι
3092 1596 3220 1651 ἄλλο
3246 1594 3515 1650 ἀπόλυτον
3543 1597 3638 1649 καὶ

2058 1688 2118 1743 τὸ
2151 1689 2399 1763 ἀόριστον
2422 1689 2806 1760 παραπλήσιον
2828 1688 2894 1743 ἀν
2922 1688 3007 1760 εἰη
3037 1688 3098 1743 τὸ
3128 1689 3421 1758 λεγόμενον
3446 1687 3637 1758 ῶσπερ

377 1767 607 1835 ἐπάγειν
636 1769 704 1822 τά
736 1770 993 1840 ἰαμϐεῖα·
1050 1772 1223 1834 ’Δγοῦ
1273 1773 1330 1827 δέ
1375 1790 1469 1843 με,
1503 1772 1632 1840 Ζεῦ,
1661 1776 1754 1827 καὶ
1788 1773 1853 1827 σὺ
1884 1772 1956 1842 γῆ
2068 1780 2134 1832 ἂν
2156 1780 2248 1835 τὸν
2274 1779 2406 1833 Θεὸν
2436 1780 2679 1850 ἔφασκον
2730 1780 2823 1833 τὸν
2850 1778 2977 1850 βοῦν
3006 1780 3296 1851 ἄνθρωπον
3317 1780 3446 1834 ὄντα
3474 1779 3638 1849 γινώ-

378 1860 717 1932 πεπρωμένη
749 1863 859 1933 ὂπη
901 1862 1022 1917 ποθ’
1062 1851 1785 1937 ὑμῖνέὶμιδιατεταγμένος.
1817 1866 1959 1937 Πρὸς
1986 1851 2034 1912 Β
2064 1873 2301 1944 σκειν,ἢ
2351 1874 2444 1928 τὸν
2488 1873 2779 1944 ἄνθρωπον
2842 1874 3069 1943 ἀστέρα.
3098 1874 3234 1930 Ποία
3280 1869 3372 1929 οὖν
3412 1873 3634 1943 γνῶσις.

378 1950 434 2004 δὲ
472 1951 694 2016 τούτους
744 1955 839 2015 καὶ
869 1955 1153 2026 φαίνονται
1203 1959 1546 2029 ἁπανταχοῦ,
1588 1958 1658 2012 τὰ
1705 1959 1951 2029 δόγματα

376 2032 518 2091 εἶναι
541 2037 610 2092 τὰ
631 2042 887 2097 κινοῦντα
910 2046 1058 2115 ἡμᾶς
1081 2045 1457 2116 θρυλλοῦντες,
1486 2048 1589 2101 καὶ
1618 2049 1729 2112 τοῖς
1749 2048 1883 2120 μοχθ
1893 2068 1952 2120 η-

342 2139 357 2148 ’
376 2130 493 2200 ροῖς
528 2130 605 2201 μὴ
641 2131 989 2201 χαλεπαίνειν
1017 2135 1283 2204 ἀξιοῦσιν,
1315 2139 1412 2192 ἀτε
1448 2138 1555 2192 ὑπὸ
1591 2140 1698 2193 τῶν
1744 2140 1952 2212 δογμά-

374 2238 482 2276 των
507 2224 977 2299 ἀναγκαζομένοις
1004 2232 1151 2285 κακά
1175 2232 1307 2304 δρᾷν
1333 2234 1427 2288 καὶ
1455 2234 1684 2290 ἄκουσιν
1711 2236 1955 2308 ἐξαμαρ-

373 2314 654 2372 τάνουσιν.
687 2319 749 2373 Εἰ
784 2319 896 2392 γάρ
924 2322 993 2375 τά
1020 2323 1267 2395 δόγματα
1301 2326 1449 2396 ἡμᾶς
1478 2329 1618 2381 κινεῖ
1637 2324 1704 2382 αὖ
1732 2329 1950 2402 ἀνάγκῃ

375 2407 553 2479 δήπου
586 2413 682 2466 καὶ⁵
707 2416 849 2467 κινεῖ
872 2431 888 2447 ο
921 2416 1015 2469 καὶ
1046 2416 1272 2472 Πλάτων
1299 2418 1357 2473 δὲ
1386 2419 1665 2490 πανταχοῦ
1700 2420 1948 2489 φαίνεται

375 2501 474 2554 σὺν
525 2503 738 2578 ἀνάγκη
784 2506 884 2579 τὴν
933 2507 1115 2582 ψυχὴν
1164 2510 1438 2581 αἱρεῖσθαι
1485 2511 1681 2567 ἄττ’ἀν
1722 2513 1952 2583 αἱρῆται

376 2594 565 2660 ἀξιῶν.
595 2598 677 2651 Τά
704 2598 749 2652 δ’
782 2601 839 2655 ἐν
884 2603 998 2666 τοῖς
1048 2602 1243 2674 μύθοις
1304 2604 1470 2658 αὐτοῦ
1516 2604 1578 2657 ού
1624 2603 1731 2676 χρὴ
1776 2607 1852 2670 ώς
1883 2605 1951 2659 δι’

375 2686 665 2755 ἀκριϐείας
694 2690 913 2748 ἅπαντα
938 2693 1209 2766 λεγόμενα
1237 2696 1421 2767 ζητεῖν
1440 2713 1456 2729 ο
1490 2698 1623 2751 ίδιον
1653 2698 1762 2766 γὰρ
1788 2696 1949 2751 τοῦτο

371 2775 484 2830 τῶν
516 2779 722 2849 μύθων,
758 2784 834 2856 μὴ
860 2785 1079 2842 ἅπαντα
1106 2787 1176 2842 δι’
1208 2789 1500 2859 ἀκριϐείας
1539 2788 1741 2858 λέγειν.
1784 2789 1952 2843 Οὐδέν

372 2885 455 2921 τοι
483 2866 646 2942 ἦττον
675 2876 837 2930 κάκεῖ
880 2879 1210 2947 ὲμφαίνεταί
1239 2897 1322 2944 τις
1372 2881 1588 2951 ἀνάγκη
1620 2881 1820 2951 ψυχαῖς
1849 2879 1950 2950 τῆς

374 2962 485 3016 τῶν
525 2962 658 3033 βίων
704 2968 970 3040 αἱρέσεως
992 2987 1007 3002 ο
1043 2974 1189 3026 κατὰ
1226 2974 1517 3045 συνήθειαν
1553 2974 1662 3045 γάρ
1686 2991 1820 3043 φησι
1853 2973 1947 3026 τοῦ

376 3056 644 3127 προτέρου
683 3058 802 3129 βίου
836 3063 930 3116 καὶ
958 3064 1082 3118 καθ’
1115 3066 1306 3137 εἱρμόν
1334 3082 1479 3119 τινα·
1516 3068 1565 3120 εἰ
1596 3066 1652 3120 δὲ
1686 3065 1811 3120 καθ’
1839 3064 1952 3134 εἱρ-

381 3152 503 3215 μὸν,
553 3150 665 3205 οὐδ’
696 3154 826 3208 ἄνευ
872 3157 1080 3222 αἰτίαςσ
1124 3159 1225 3213 οὐκ
1268 3161 1396 3216 ἄνευ
1444 3159 1648 3228 αἱτίας,
1699 3160 1792 3214 καὶ
1850 3158 1948 3214 σῦν

2068 1966 2256 2036 ἔτερόν
2279 1984 2332 2020 τι
2363 1966 2490 2037 περὶ
2553 1970 2648 2021 τοῦ
2682 1966 3133 2037 γιγνωσκομένου
3167 1968 3199 2037 ἢ
3229 1968 3257 2023 ὃ
3299 1969 3418 2022 ἑστι
3464 1967 3526 2021 τὸ
3554 1983 3638 2032 γι⁴

2062 2058 2441 2126 γνωσκόμενον
2459 2057 2789 2126 γιγνῶσκον;
2818 2056 2940 2110 Ἔτι
2966 2057 3131 2111 πᾶσιν
3152 2056 3501 2127 ὡμολόγηται
3524 2058 3639 2120 τοῖς

2068 2150 2274 2217 σοφοῖς,
2311 2148 2403 2201 τὸν
2430 2148 2566 2203 Θεὸν
2593 2148 2810 2204 ᾶπαντα
2841 2148 2879 2204 ἃ.
2898 2149 3046 2203 ποιεῖ
3072 2147 3427 2219 γιγνώσκειν.
3460 2148 3524 2203 Εἰ
3543 2147 3639 2202 οῦν

2063 2238 2142 2310 τῷ
2187 2244 2362 2294 ποιεῖν
2399 2241 2615 2296 ἅπαντα
2666 2241 2984 2311 γιγνώσκει,
3019 2241 3115 2294 καὶ
3154 2243 3327 2310 ὁρίζοι
3359 2242 3427 2296 ἂν
3466 2240 3638 2311 δήπου

2064 2328 2182 2384 ἄττ’
2209 2331 2277 2384 ἂν
2303 2334 2448 2385 ποιοῖ
2467 2348 2526 2383 τε
2554 2331 2649 2384 καὶ
2673 2330 2971 2400 γιγνώσκοι
2994 2330 3088 2385 καὶ
3112 2331 3265 2385 οὐδὲν
3288 2332 3356 2385 ἂν
3386 2330 3640 2401 ἀόριστον

2063 2424 2148 2494 είη
2182 2415 2257 2475 ῶν
2307 2421 2374 2477 ἀν
2403 2422 2568 2485 αὐτὸς
2595 2424 2706 2476 εἴτε
2739 2421 2964 2491 ἀμέσως
2995 2421 3108 2476 είτε
3156 2420 3247 2475 διὰ
3277 2420 3464 2491 μέσων
3492 2424 3641 2473 ποιοῖ

2063 2532 2124 2568 τε
2154 2516 2250 2570 καὶ
2280 2514 2579 2584 γιγνώσκοι
2600 2531 2614 2545 ο
2645 2513 2865 2569 ἅπαντα
2891 2513 2936 2567 δ’
2970 2514 3037 2568 ἂν
3081 2512 3254 2575 ὁπόσα
3284 2512 3493 2582 ἀγαθοῦ
3515 2512 3642 2583 ἔχη-

2063 2622 2153 2660 ται
2194 2607 2423 2658 ποιεῖτε
2470 2604 2565 2658 καὶ
2610 2603 2933 2673 γιγνώσκει,
2965 2604 3016 2657 εἱ
3049 2602 3236 2673 μέλλοι
3269 2604 3347 2675 μὴ
3377 2602 3636 2672 κόλουρος

2072 2698 2171 2762 ῶν,
2202 2696 2368 2752 αὐτοῦ
2396 2699 2431 2768 ἥ
2461 2714 2521 2751 τε
2556 2699 2784 2767 πρόνοια
2806 2693 3145 2769 ληφθήσεται
3174 2696 3519 2762 καὶιγνῶσις.
3555 2696 3636 2748 Τά

2063 2786 2120 2840 δὲ
2161 2787 2305 2840 κακά
2338 2787 2433 2843 ἅτε
2462 2787 2554 2841 τοῦ
2573 2787 2721 2851 ὄντος
2740 2787 2867 2843 ὄντα
2894 2786 3192 2855 ἀπτώσεις,
3226 2787 3336 2842 οὐδ’
3360 2787 3426 2842 ἂν
3461 2787 3639 2851 αἰτίας

2063 2882 2620 2953 δέοιτο.’Ὢστόύδἰἂν
2645 2884 2674 2936 ὁ
2701 2882 2832 2945 Θεὸς
2858 2882 2937 2949 τῷ
2957 2883 3059 2951 τῆς
3084 2883 3167 2945 εἰς
3204 2883 3477 2951 τῶσχατον
3508 2897 3642 2951 προ-

2065 2973 2215 3036 νοίας
2246 2990 2305 3026 τε
2343 2972 2439 3026 καὶ
2468 2973 2818 3043 εἱμαρμένης
2848 2973 2993 3044 λόγῳ
3027 2973 3095 3044 τῇ
3143 2971 3350 3027 τούτων
3399 2972 3641 3042 ὲνέχοιτο

2067 3065 2236 3134 αἰτίᾳ.
2270 3064 2360 3118 Ec).
2376 3063 2596 3134 τοσαῦθ’
2624 3066 2785 3135 ἡμεῖς
2803 3066 2858 3128 ἐς
2885 3065 2956 3120 τὰ
2982 3065 3305 3137 ὴπορημένα
3338 3064 3641 3134 συμϐαλλό-

2073 3154 2232 3224 ρεθα,
2267 3154 2429 3210 ἱκανά
2453 3155 2518 3225 δὴ
2556 3152 2712 3226 ἀνδρὶ
2738 3155 2835 3227 οἴῳ
2864 3172 2973 3228 περ
2996 3156 3101 3214 σοί.
3260 3170 3267 3177 ’

1247 3450 1647 3504 ΑΠΟΚΡΙΣΙΣ
1677 3450 2061 3508 ΓΕΜΙΣΊὉΥ
2079 3454 2279 3508 ΠΡΟΣ
2314 3451 2798 3522 ΒΗΣΣΔΡΙΩΝΔ.

464 3588 686 3661 Ἐπειδὴ
752 3590 846 3643 καὶ
900 3587 1224 3660 μαρτυριῶν
1276 3588 1388 3643 δέοι
1444 3589 1582 3654 πρὸς
1638 3588 1708 3643 τὰ
1752 3605 1955 3659 προγε-
1984 3590 2029 3655 C
2062 3590 2313 3663 ἀλλήλοιν
2344 3591 2622 3661 ὁμωνύμω
2660 3589 2832 3647 ἐστίν.
2871 3591 3044 3662 ’Υπὲρ
3074 3591 3132 3647 δὲ
3162 3591 3258 3646 τοῦ
3305 3593 3405 3664 τῆς
3434 3595 3633 3666 εἱμαρ-

380 3684 678 3754 γραμμένα
706 3700 790 3737 σοι
821 3682 962 3752 ὑπὲρ
999 3682 1100 3752 μὲν
1130 3681 1260 3753 περὶ
1284 3682 1396 3735 τῶν
1426 3681 1518 3736 τοῦ
1560 3682 1957 3753 αύτοπαραγώ-

383 3790 482 3843 γου
516 3790 609 3845 μοι
636 3773 948 3845 εἰρημένων
976 3773 1077 3827 οὐκ
1124 3774 1191 3827 ἀν
1218 3771 1403 3841 ἔχοιμί
1433 3789 1518 3826 σοι
1551 3772 1864 3843 μαρτυρίαν
1891 3773 1955 3842 δή

266 3851 283 3865 ’
377 3880 501 3917 τινα
550 3863 923 3934 παρασχέσθαι
945 3878 963 3895 ⁶
987 3863 1049 3917 ού
1073 3866 1182 3932 γὰρ
1216 3861 1493 3925 ούδάύτὸς
1524 3862 1620 3933 ὅλῃ
1653 3861 1848 3934 γνώμῃ
1877 3863 1958 3917 εἰ·

377 3974 522 4027 ρηκα
572 3956 601 4009 δ
648 3956 850 4028 εἰρηκα
876 3969 892 3986 ’
928 3955 1064 4010 ἀλλὰ
1106 3953 1364 4009 τοσοῦτον
1405 3955 1567 4026 μόνον
1619 3954 1956 4019 ἐνδείξασθαι

380 4049 729 4121 βουλόμενος,
762 4049 847 4103 ὅτι
890 4049 941 4102 εἰ
972 4047 1117 4101 οὕτω
1167 4047 1444 4117 τιθέμενοι
1475 4046 1686 4115 λέγοιεν
1734 4046 1795 4101 τὸ
1823 4047 1956 4103 αύτὸ

293 4210 300 4218 .
377 4140 713 4213 παράγωγον
736 4139 787 4193 οἰ
817 4138 1092 4208 λέγοντες,
1124 4138 1222 4191 οὐκ
1250 4137 1317 4191 ἂν
1349 4137 1412 4207 δὴ
1450 4138 1607 4192 αὐτοὶ
1645 4138 1828 4202 αὐτοῖς
1857 4155 1954 4194 πε·-

378 4232 709 4305 ριπίπτοιεν.
761 4231 935 4301 ’Υπὲρ
966 4230 1023 4283 δὲ
1073 4228 1169 4284 τοῦ
1228 4228 1498 4299 μεθεκτοῦ
1553 4229 1629 4294 ὡς
1681 4230 1951 4303 πλεοναχῇ

374 4325 597 4392 λέγεται
625 4323 687 4377 τὸ
725 4322 1012 4392 μεθεκτὸν,
1049 4322 1326 4389 ἀνάγνωθι
1377 4321 1469 4374 τὸν
1522 4321 1808 4383 Πλάτωνος
1850 4324 1951 4394 μὲν

372 4415 788 4493 Παρμενίδην·
824 4414 1079 4483 εὑρήσεις
1124 4413 1233 4483 γάρ
1297 4413 1417 4466 ἐκεῖ
1473 4412 1796 4484 ἀμφοτέρας
1850 4413 1952 4477 τὰς

376 4509 621 4578 μεθέξεις
656 4510 714 4561 ἐν
737 4509 803 4577 τῇ
842 4506 951 4560 τῶν
979 4507 1107 4578 τῇδε
1136 4506 1274 4576 πρὸς
1298 4508 1368 4561 τά
1403 4507 1569 4585 νοητά
1599 4507 1718 4577 εῖδη
1757 4524 1950 4562 κοινω-

372 4603 603 4676 νίᾳ,καὶ
633 4601 731 4670 τὴν
783 4600 905 4669 μὲν,
953 4598 1029 4665 ώς
1086 4600 1325 4670 μάλιστα
1376 4599 1945 4671 ἀποδοκιμαζομένην,

368 4697 471 4766 τὴν
503 4696 548 4748 δ’
584 4696 659 4757 ώς
688 4696 920 4767 ἥκιστα,
945 4694 1046 4764 τὴν
1094 4693 1217 4747 κατ’
1253 4695 1435 4748 αἰτίαν
1468 4694 1532 4765 δὴ
1578 4677 1635 4747 ἓν
1669 4688 1751 4757 οἷς
1785 4712 1942 4764 φησι,

366 4786 439 4839 τά
468 4784 567 4856 μὲν
588 4784 703 4854 είδη
730 4784 910 4838 ταῦτα
939 4783 1091 4837 ῶσπε
1102 4801 1133 4854 ρ
1160 4783 1584 4854 παραδείγματα
1620 4784 1845 4838 ἑστάναι
1887 4786 1947 4838 ὲν

365 4882 437 4949 τῇ
470 4877 650 4948 φύσει,
694 4876 763 4929 τὰ
813 4876 857 4929 δ’
910 4874 1047 4929 ἀλλα
1089 4875 1303 4939 τούτοις
1368 4877 1607 4931 ἑοικέναι
1659 4878 1751 4930 καὶ
1800 4873 1941 4932 εἶναι

368 4969 695 5040 ὁμοιώματα
718 4983 734 5000 ο
775 4968 869 5021 καὶ
903 4968 935 5040 ἡ
968 4967 1208 5038 μέθεξις,
1239 4967 1377 5040 αὔτη
1400 4969 1514 5032 τοῖς
1544 4968 1727 5034 ἄλλοις
1756 4970 1945 5038 γίγνε-

375 5061 503 5115 σθαι
548 5061 658 5114 τῶν
706 5061 866 5115 εἱδῶν
891 5056 992 5114 οῦκ
1019 5060 1153 5131 άλλη
1183 5077 1267 5123 τις
1300 5060 1334 5131 ἢ
1366 5062 1691 5133 εἰκασθῆναι
1721 5063 1907 5126 αὐτοῖς
1933 5078 1946 5093 ⁸

366 5153 605 5209 ενταῦθα
632 5154 742 5223 γάρ
770 5150 895 5207 κατ’
928 5154 1107 5208 αἰτίαν
1133 5153 1227 5206 καὶ
1256 5155 1463 5223 ταύτην
1511 5154 1610 5224 τὴν
1649 5156 1948 5226 παραδειγ-

372 5245 615 5314 ματικην
643 5243 739 5296 καὶ
766 5244 828 5297 οὐ
873 5242 975 5312 τὴν
1016 5244 1137 5297 κατ’
1172 5243 1456 5314 ἐμπλοκὴν
1509 5244 1729 5314 μέθεξιν
1770 5246 1943 5301 καλεῖ.

369 5337 505 5408 Περὶ
542 5336 598 5390 δὲ
627 5336 728 5407 τῆς
753 5335 848 5389 τοῦ
880 5337 1033 5397 ὄντος
1057 5335 1379 5406 ὁμωνυμίας
1408 5338 1481 5405 μή
1516 5354 1575 5389 σε
1602 5338 1942 5408 ταραττέτω,

366 5429 428 5482 τὸ
455 5428 525 5482 τά
550 5429 681 5500 τῇδε
715 5431 823 5492 τοῖς
855 5430 1067 5498 νοητοῖς
1105 5428 1377 5499 ὁμώνυμα
1410 5427 1666 5496 λέγεσθαι
1687 5445 1703 5460 ·
1738 5430 1800 5482 ού
1832 5430 1941 5500 γάρ

367 5520 417 5573 εἰ
446 5520 573 5590 τῇδε
607 5519 897 5591 ἄνθρωπος
924 5518 1003 5590 τῷ
1023 5518 1199 5590 νοητῷ
1228 5518 1518 5589 ὁμώνυμος
1577 5520 1700 5573 καθ’
1730 5521 1757 5574 δ
1775 5521 1944 5591 ἀμφι)

362 5612 660 5684 ἀνθρώπω,
686 5600 803 5684 ἥδη
839 5612 1052 5682 ἀνάγκη
1081 5614 1175 5666 καὶ
1206 5612 1336 5666 ὄντα
1362 5611 1634 5682 ὁμώνυμα
1666 5608 1806 5667 εἶναι
1827 5629 1842 5644 ·
1879 5616 1939 5666 οὐ

366 5702 476 5771 γάρ
497 5701 609 5754 οὐδ’
641 5703 691 5755 εἰ
718 5704 747 5755 ὁ
779 5702 1069 5765 θαλάττιος
1101 5702 1251 5755 κύων
1279 5701 1358 5771 τῷ
1383 5702 1622 5772 χερσαίῳ
1652 5688 1940 5772 ὁμώνυμοέ

359 5792 483 5853 καθ’
517 5793 697 5847 δκύνε
751 5794 919 5865 ἄμφω
949 5793 1254 5858 καλεῖσθαι,
1306 5793 1404 5863 ἤδη
1444 5795 1537 5846 καὶ
1593 5795 1716 5860 ζώω
1767 5795 1938 5847 τούτω

2063 3681 2230 3752 μένης
2263 3681 2423 3749 λόγου
2452 3682 2712 3753 οὐδεμίαν
2740 3682 2908 3754 ἀλλην
2937 3699 3025 3737 σοι
3069 3683 3380 3754 παρέξομαι
3426 3702 3634 3757 μαρτυ..

2060 3773 2181 3842 ρίαν
2209 3775 2241 3833 ἢ
2275 3773 2373 3844 τὴν
2421 3774 2589 3829 αὐτοῦ
2638 3774 2947 3840 Πλάτωνος,
2999 3775 3219 3846 ἐκείνην
3269 3773 3370 3846 τὴν
3412 3776 3478 3830 ἐκ
3531 3776 3631 3846 τῆς

2069 3864 2474 3933 Ἐπινομίὸος.
2518 3867 2583 3920 Ἦ
2607 3865 2754 3936 ψυχὴ
2783 3866 2840 3920 δὲ
2878 3866 3126 3937 ἀνάγκην
3157 3860 3253 3920 οῦν
3287 3866 3632 3938 κεκτημένης

2057 3955 2287 4011 ἀπασῶν
2313 3956 2572 4024 ἀναγκῶν
2592 3956 2729 4011 πολὺ
2755 3958 2988 4027 μεγίστη
3014 3958 3245 4026 γίγνοιτ’
3270 3956 3360 4012 ἀν·
3387 3959 3631 4029 ἄρχουσα
3724 3948 3729 3953 θ

2054 4047 2187 4116 γὰρ,
2216 4046 2334 4102 ἀλλ’
2354 4048 2455 4101 οὐκ
2481 4047 2763 4119 ἀρχομένη
2790 4048 3092 4118 νομοθετεῖ.
3119 4048 3194 4101 Τὸ
3212 4048 3268 4104 δὲ
3288 4049 3635 4119 ἀμετάστροο

2056 4157 2175 4210 φον,
2205 4140 2333 4194 ὅταν
2373 4139 2520 4210 ψυχὴ
2553 4138 2615 4193 τὸ
2653 4139 2874 4210 ἄριστον
2922 4140 3061 4194 κατὰ
3092 4139 3185 4194 τὸν
3230 4140 3455 4210 ἄριστον
3504 4141 3633 4212 βου-

2052 4233 2316 4303 λεύσηται
2369 4230 2520 4299 νοῦν,
2546 4232 2732 4286 τέλεον
2761 4232 3004 4287 ἐκϐαίνει
3053 4232 3129 4303 τῷ
3162 4232 3276 4287 δντι
3332 4235 3472 4288 κατά
3505 4234 3631 4289 νοῦν

2051 4326 2146 4379 καὶ
2177 4324 2332 4379 οὐδὲν
2365 4325 2579 4395 ἀδάμας
2615 4325 2683 4378 ἂν
2750 4323 2919 4378 αὐτοῦ
2958 4328 3230 4395 κρεῖττον,
3258 4325 3379 4379 οὐδὲ
3422 4327 3629 4392 ἀμετα-

2051 4418 2424 4489 στροφώτερον
2448 4417 2515 4471 ἄν
2534 4434 2663 4471 ποτε
2686 4417 2915 4486 γένοιτο*
2936 4417 3069 4471 ἀλλά
3090 4417 3258 4481 ὅντως
3274 4419 3422 4486 τρεῖς
3442 4420 3633 4488 μοῖραί

2050 4511 2359 4579 κατέχουσα
2392 4509 2725 4579 φυλάττουσι
2746 4509 2931 4563 τελέον
2955 4504 3096 4562 εῖναι
3124 4510 3186 4562 τὸ
3213 4508 3470 4581 βελτίστῃ
3504 4510 3629 4579 βουο

2050 4600 2118 4670 λῇ
2147 4599 2576 4671 βεϐουλευμένον
2599 4600 2845 4654 ἑκάστων
2865 4599 3023 4653 θεῶν.
3044 4596 3199 4653 Οὕτω
3223 4597 3416 4652 πολλοῦ
3437 4600 3629 4653 δέουσα

2047 4690 2145 4758 τῆς
2191 4687 2287 4742 τοῦ
2329 4690 2623 4754 Πλάτωνος
2653 4689 2871 4761 έχεσθαι
2905 4690 3145 4753 διανοίας
3181 4690 3232 4743 οἰ
3260 4686 3630 4762 τεθηλυμένης

2046 4784 2227 4855 ψυχῆς
2255 4784 2355 4853 τὴν
2386 4782 2485 4852 τῆς
2515 4783 2854 4854 εἱμαρμένης
2904 4778 3044 4836 εἱναι
3088 4782 3245 4848 δόξαν
3292 4784 3618 4852 φάσκοντες,

1980 4929 2021 4983 D
2049 4875 2125 4927 ὅτ’
2175 4876 2384 4937 ἐκεῖνος
2434 4876 2500 4945 τῇ
2571 4872 2956 4945 φρονιμωτάτῃ
3012 4871 3157 4945 {om
3211 4873 3311 4944 τὴν
3363 4871 3657 4943 μεγίστην·

2051 4965 2307 5035 ἀναγκῶν
2358 4965 2684 5035 ἐπιτίθησιν.
2726 4963 2865 5017 Ἀλλ’
2902 4964 3032 5028 ἴσως
3083 4964 3299 5037 οἰηθείη
3344 4965 3411 5019 ἀν
3435 4981 3518 5027 τις
3552 4967 3629 5034 μή

2052 5060 2146 5112 καὶ
2177 5060 2242 5128 τῇ
2274 5056 2470 5128 ἄφρονι
2492 5057 2636 5127 ψυχῇ
2670 5057 2916 5126 ἀνάγκην
2944 5056 3108 5110 αὐτόν
3137 5073 3286 5121 τινος
3309 5057 3618 5112 ὲκτιθέναι’

2050 5151 2188 5205 ἀλλά
2239 5149 2336 5203 καὶ
2366 5152 2497 5221 περὶ
2550 5150 2652 5220 τῆς
2709 5150 2968 5220 τοιαύτης
3002 5150 3161 5221 δῆλός
3195 5154 3314 5204 ἐστι
3374 5142 3621 5217 Πλάτων,

2048 5242 2331 5314 πανταχοῦ
2364 5242 2504 5313 βοῶν
2527 5259 2585 5295 τε
2620 5245 2714 5298 καὶ
2734 5243 3138 5312 διατεινόμενος
3171 5243 3247 5306 ώς
3273 5244 3446 5306 οὐδεὶς
3473 5243 3617 5295 ἑκὼν

2048 5338 2238 5403 κακὸς,
2272 5336 2388 5390 ἀλλ’
2422 5335 2649 5398 ἄκοντες
2698 5335 2747 5387 οἱ
2783 5337 2944 5389 κακοὶ
2969 5334 3131 5388 κακοὶ
3166 5335 3450 5403 γίγνονται
3488 5336 3620 5401 ἐξας

2053 5430 2452 5501 μαρτάνοντες’
2473 5428 2522 5479 εἱ
2547 5428 2593 5481 δ’
2611 5428 2858 5491 ἄκοντες,
2883 5426 3084 5497 δηλαδὴ
3109 5426 3193 5480 ὄτι
3222 5426 3315 5480 καὶ
3349 5425 3441 5479 ὑπ’
3463 5426 3630 5495 ἀνάγ-

2048 5538 2152 5590 κης
2187 5520 2352 5583 τινός.
2393 5518 2597 5572 Ἐκεῖνο
2631 5518 2815 5588 μέντοι
2856 5515 2931 5587 μὴ
2962 5516 3024 5569 σὲ
3082 5514 3416 5577 λανθανέτω,
3450 5515 3479 5567 ὅ
3529 5517 3628 5570 καὶ

2049 5613 2176 5674 τοὺς
2208 5610 2441 5674 πολλοὺς
2476 5610 2700 5680 λεληθὸς
2732 5607 2938 5678 σφόδρα
2966 5608 3255 5678 ταράττειο
3285 5607 3360 5670 ὡς
3393 5608 3489 5662 ἕνα
3523 5609 3625 5678 μὲν

2048 5704 2250 5774 τρόπον
2279 5703 2492 5774 ἀνάγκη
2528 5704 2749 5772 λέγεται
2781 5703 2903 5757 καθ’
2949 5703 3016 5775 ἢν
3059 5704 3168 5756 πᾶν
3205 5702 3267 5756 τὸ
3308 5703 3383 5775 μὴ
3408 5703 3622 5773 ἐνδεχόο

2049 5812 2210 5864 μενον
2250 5796 2424 5859 ἄλλως
2485 5800 2635 5866 σχεῖν
2688 5798 2982 5864 ἀναγκαῖον
3028 5787 3275 5863 λέγεται.
3307 5794 3535 5867 Ἕτερον
3576 5792 3622 5847 δ’
