3956 6210
363 295 465 358 7ἁ5
1204 298 1604 362 GEORGIUS
1644 301 2264 362 TRAI’EZUN'l‘iUS.
2301 327 2370 338 -
2413 299 2742 360 NOTITIA.
3490 303 3620 364 716’

358 411 536 466 τάτων
569 409 873 478 ἑκάστους,
935 410 1026 465 καὶ
1062 416 1304 482 πατράσι
1355 417 1449 468 καὶ
1488 416 1719 486 ἄρχουσι
1763 415 1973 479 τούτοις
2025 415 2245 469 ὁτουοῦν
2277 416 2411 478 ὅλως
2445 413 2653 483 ἀγαθοῦ
2694 413 2876 480 σφέσιν
2919 413 3236 483 ὑπάρξασι,
3280 417 3594 485 νενόμισταί

358 525 421 577 γε
457 523 470 536 ·
517 509 612 562 καὶ
642 507 785 562 πάνυ
817 506 1069 569 δικαίως.
1103 508 1317 564 Desinit
1354 528 1368 565 :
1405 513 1503 566 καὶ
1533 513 1658 575 τοῦς
1679 511 1914 566 ἐνταῦθα
1945 511 2140 580 λόγους
2190 512 2332 581 ὑπὲρ
2364 511 2518 582 ὑμῶν
2553 510 2736 581 ἔργοις
2776 510 2958 570 αὐτοῖς
2999 508 3348 577 βεϐαιώσετε.

435 602 561 656 Haec
600 601 946 656 Bessarionis
974 603 1151 655 oratio
1183 619 1292 658 non
1324 603 1489 658 modo
1522 605 1664 674 typis
1693 614 1778 659 est
1809 604 2039 668 intacta,
2070 604 2164 661 sed
2200 606 2255 660 in
2294 620 2425 660 mss.
2456 605 2622 660 etiam
2652 602 3004 657 bibliothecis
3036 603 3390 672 infrequens;
3422 605 3593 659 Vene-

355 694 444 748 tiis
473 702 656 747 tamen
684 701 867 746 exstat
894 692 946 745 in
979 692 1166 748 Graeca
1191 693 1255 747 ι).
1291 692 1458 748 .‘darci
1506 693 1836 750 bibliotheca
1877 696 2132 750 codicum
2169 710 2300 750 mss.
2329 695 2454 750 cod.
2493 693 2949 761 CCCCCXXXIII,
2984 697 3130 750 inter
3159 697 3310 750 varia
3337 697 3581 768 ejusdem

356 787 655 844 cardinalis
701 802 867 857 opera
891 826 907 852 ,
953 787 1059 842 hoc
1093 787 1253 842 titulo
1284 804 1393 842 non
1440 788 1574 843 satis
1611 800 1866 845 accurato
1901 809 1914 845 :
1944 789 2260 846 Encomium
2299 790 2353 844 in
2401 790 2808 857 Trapezuntium
2833 831 2848 853 ,
2892 791 2972 854 εἰς
3008 789 3424 860 Τραπεζοῦντα..
3459 791 3590 843 Eam

352 898 484 938 vero
518 881 610 935 hic
636 894 966 950 apponerem
997 879 1201 947 libens,
1239 881 1342 936 nisi
1373 883 1641 952 prolixior
1677 883 1861 950 foret;
1903 883 2093 955 implet
2122 885 2268 939 enim
2302 883 2536 954 ampiius
2561 883 2671 937 duo
2700 894 2752 938 et
2781 883 3000 952 triginta
3035 883 3160 937 folia
3197 884 3405 938 minute
3439 899 3594 938 com-

350 975 722 1042 pendioseque
756 981 972 1028 exarata
1003 970 1104 1042 (a).

409 1089 482 1152 (a)
509 1088 724 1148 Yrisrte,
750 1088 970 1150 Catalog.
993 1089 1102 1138 cod.
1124 1089 1208 1140 Gr.
1246 1089 1427 1138 Matrit.
1457 1103 1503 1151 p.
1547 1092 1657 1140 288.

351 1203 3590 1691 Μ

1734 1821 2231 1915 ΝΟΤΙΤΙΑ

913 2018 1008 2082 (Ex
1034 2019 1180 2072 Allat.
1209 2019 1280 2073 De
1311 2021 1540 2086 Georgils
1561 2037 1610 2072 n.
1645 2021 1701 2074 L.
1724 2036 1805 2085 ap.
1830 2019 2022 2072 Fabric.
2043 2019 2176 2074 Bibl.
2203 2021 2288 2072 Gr.
2313 2022 2395 2072 ed.
2421 2021 2619 2083 Harles,
2645 2024 2766 2072 tom.
2786 2020 2918 2082 ΧΗ.)

412 2317 488 2372 De
521 2317 740 2390 Georgii
766 2316 1118 2390 Trapezuntii
1147 2321 1347 2392 patria,
1380 2321 1490 2376 vita
1521 2332 1576 2378 et
1629 2321 1830 2378 studiis
1852 2323 1992 2378 habe
2026 2321 2132 2376 tibi
2153 2321 2270 2376 hac
2303 2335 2370 2375 ex
2399 2319 2594 2390 elogiis
2616 2317 2772 2372 Pauli
2793 2315 2933 2372 Jovii
2964 2334 2978 2370 :
3005 2317 3294 2372 Paternam
3319 2317 3593 2387 originem

335 2426 371 2464 a
399 2411 623 2466 Pontica
655 2412 858 2467 celebri
892 2415 1026 2468 urbe
1058 2415 1257 2481 traxit;
1300 2415 1430 2471 licet
1473 2418 1527 2470 in
1561 2414 1724 2471 Creta
1761 2425 1925 2470 natus
1956 2414 2036 2487 (a)
2070 2424 2241 2479 esset,
2281 2413 2635 2483 Trapezuntii
2699 2411 2804 2467 sibi
2834 2425 3058 2476 nomen,
3092 2410 3220 2479 quia
3254 2409 3320 2463 ad
3375 2409 3586 2479 Trape-

336 2513 563 2556 zuntem
600 2503 962 2574 Cappadocia:
997 2507 1189 2572 urbem
1223 2523 1397 2579 genus
1445 2516 1733 2580 paternum
1772 2507 2069 2571 referebat,
2115 2505 2373 2570 adscivit,
2404 2515 2463 2561 ut
2502 2505 2776 2576 Gyraldus
2808 2504 2880 2575 (b)
2931 2511 3108 2572 putat,
3143 2503 3354 2556 veritus
3387 2502 3588 2558 veteris

341 2604 519 2660 poeue
555 2596 895 2666 Epimenidis
940 2600 1008 2668 (c)
1041 2599 1398 2664 versiculum,
1430 2617 1594 2672 quem
1628 2611 1684 2656 et
1706 2601 1998 2656 aemulatus
2021 2611 2105 2656 est
2133 2601 2273 2656 alter
2296 2606 2456 2668 poeta
2477 2596 2849 2652 Callimachus
2883 2595 2980 2665 (ά).
3012 2594 3148 2649 Cum
3181 2593 3424 2650 feliciore
3446 2596 3588 2667 styio

344 2688 532 2744 Graeca
563 2691 618 2744 in
650 2690 903 2746 Latinum
929 2703 1298 2760 verterentur,
1336 2695 1522 2749 Roma
1556 2695 1668 2748 fere
1697 2695 1908 2765 primus
1932 2693 2247 2750 Graecorum
2279 2692 2502 2746 habitus
2533 2700 2640 2757 est,
2672 2691 2831 2762 plura
2857 2689 3006 2744 enim
3049 2703 3116 2744 ex
3151 2688 3352 2744 Graecis
3395 2687 3588 2744 Latina

339 2786 493 2850 [αξη.
517 2801 615 2840 nec
646 2787 962 2843 infeliciter.
997 2789 1221 2861 Ingenio
1255 2790 1357 2844 fuit
1383 2791 1520 2856 acri,
1557 2790 1763 2855 vivido,
1789 2790 1918 2844 licet
1942 2792 1997 2845 in
2025 2791 2164 2845 alios
2194 2789 2489 2859 iniquiore.
2521 2788 2588 2842 Et
2613 2799 2810 2856 praeter
2833 2801 3003 2840 unum
3027 2784 3584 2855 Aristotelem,quem

339 2878 465 2946 ipse
491 2879 660 2932 veiuti
691 2895 896 2933 numen
933 2879 1322 2947 venerabatur,
1351 2891 1579 2936 caeteros
1612 2896 1822 2948 omnes,
1859 2881 1955 2936 sed
1991 2881 2276 2935 Platonem
2311 2880 2612 2950 praecipue,
2643 2879 2756 2934 acri
2785 2894 2849 2933 ac
2884 2878 3160 2932 maledico
3177 2878 3344 2932 dente
3384 2879 3588 2934 dilace-

338 2973 505 3026 ravit.
541 2973 676 3029 llinc
728 2975 1027 3030 multorum
1072 2976 1213 3042 odia,
1247 2977 1342 3032 sed
1394 2977 1734 3033 Bessariouis
1782 2977 2128 3048 potissimum
2162 2977 2232 3048 (ε)
2266 2977 2536 3032 calamum
2587 2977 2642 3030 in
2685 2991 2744 3030 se
2777 2975 3097 3039 concitavit,
3133 2984 3190 3029 et
3241 2991 3364 3030 cum
3393 2989 3584 3030 eorum

339 3071 606 3136 impetum
636 3071 754 3138 ipse
791 3070 1064 3126 sustinere
1108 3087 1216 3126 non
1261 3081 1470 3141 posset,
1503 3072 1778 3142 praesidiis
1826 3072 1904 3128 illi
1945 3072 2188 3142 undique
2217 3073 2284 3126 ad
2334 3072 2502 3126 vitam
2534 3069 2950 3126 sustentandam
2979 3085 3010 3124 a
3052 3071 3456 3139 potentioribus
3488 3073 3588 3126 bo-

337 3164 522 3216 stibus
546 3163 885 3228 interclusis,
915 3166 1110 3218 misere
1142 3165 1307 3219 vitam
1338 3180 1500 3234 agere
1525 3177 1750 3220 coactus
1778 3175 1882 3221 est.
1918 3164 1983 3219 Et
2007 3181 2140 3219 sane
2172 3174 2443 3221 tantarum
2490 3165 2830 3220 simultatum
2867 3163 3087 3220 turbine
3116 3179 3413 3235 oppressus
3447 3182 3585 3236 pene

339 3261 718 3322 occubuisset,
754 3259 809 3312 ni
838 3274 929 3312 rex
962 3259 1280 3328 Aplionsus,
1312 3262 1457 3332 quod
1485 3263 1730 3318 Andreas
1761 3263 1906 3318 illius
1941 3263 2083 3318 (ilius
2115 3264 2169 3317 in
2195 3263 2511 3333 praefatione
2565 3261 2891 3318 Ptolemaica
2914 3261 2978 3315 ad
3009 3260 3220 3316 Sixtum
3273 3262 3584 3331 pontiﬁcem
3624 3266 3629 3271 '

332 3359 530 3418 refert,
557 3354 838 3421 Neapolim
866 3353 1206 3417 advocassct,
1243 3363 1299 3409 et
1340 3355 1395 3409 in
1426 3371 1604 3410 annos
1633 3357 1878 3426 singulos
1919 3359 2187 3424 desponsa
2223 3356 2460 3425 pecunia
2488 3369 2595 3408 non
2623 3354 2908 3416 mediocri,
2959 3355 3195 3409 comiter
3239 3355 3581 3427 benigneque

331 3450 694 3520 suscepisset.
730 3449 788 3502 lu
819 3457 1010 3501 exacta
1041 3456 1324 3502 senectute
1359 3462 1780 3515 repuerascens,
1806 3459 1863 3502 et
1896 3449 2160 3503 memoria
2185 3458 2460 3503 tantarum
2492 3463 2676 3502 rerum
2710 3446 3016 3516 deperdita,
3056 3459 3114 3502 ut
3156 3451 3224 3502 de
3267 3463 3334 3503 eo
3363 3465 3584 3520 quoque

335 3545 509 3600 refert
541 3542 781 3612 Bapbael
815 3541 1226 3605 Volaterranus,
1253 3541 1348 3596 lib.
1376 3557 1487 3605 xxI,
1515 3542 1607 3611 qui
1633 3553 1763 3596 ante
1791 3541 2109 3595 memoriam
2133 3541 2386 3595 amissam
2415 3542 2527 3610 jam
2552 3556 2742 3595 senem
2761 3556 2920 3611 \puer
2943 3539 3230 3596 audiverat
3259 3540 3573 3606 docentem,

334 3640 394 3692 in
433 3639 570 3691 urbe
606 3639 757 3692 solus
785 3636 986 3690 detrito
1020 3637 1072 3689 in
1112 3636 1299 3704 pallio,
1330 3637 1583 3705 pileatus,
1618 3645 1672 3690 et
1704 3634 1916 3689 nodoso
1973 3635 2219 3705 scipione
2257 3634 2477 3704 jamjam
2513 3636 2712 3690 ruituri
2747 3635 2997 3705 corporis
3035 3634 3276 3689 membra
3303 3635 3582 3693 sustinens

332 3729 671 3794 oberrabat;
708 3729 857 3798 juxta
890 3729 1147 3782 Minervae
1176 3729 1454 3783 habitasse
1502 3729 1706 3794 lerunt,
1739 3729 1793 3782 in
1825 3744 1932 3796 qua
1970 3736 2026 3783 et
2064 3739 2314 3782 mortuus
2362 3728 2668 3798 sepelitur;
2700 3740 2752 3784 et
2792 3745 2861 3783 ne
2893 3732 3026 3786 tanti
3071 3730 3171 3786 viri
3220 3745 3417 3785 nomen
3472 3745 3582 3786 una

332 3840 464 3879 eum
505 3825 627 3891 ipso
663 3831 908 3892 tempore
937 3822 1275 3888 elaberetur,
1304 3835 1612 3876 marmorea
1645 3821 2000 3890 inscriptione
2065 3821 2268 3892 ﬂgitur.
2297 3820 2427 3883 Sed,
2460 3822 2564 3874 heu
2617 3836 2806 3874 rerum
2855 3822 2984 3876 fata!
3020 3821 3157 3891 lapis
3202 3823 3290 3876 ille
3327 3822 3570 3876 omnium

343 3919 525 3974 oculis
571 3917 701 3972 dum
728 3933 760 3973 e
785 3915 1250 3987 Scevotrhylaceio
1280 3916 1573 3970 ecclesiam
1611 3915 2015 3986 ingrediuntur,
2047 3923 2276 3986 prostat.
2314 3913 2604 3983 Inscriptio
2645 3915 2833 3967 attritu
2876 3914 3073 3982 pedum
3101 3914 3575 3970 obambulantium

333 4013 618 4066 hominum
645 4011 862 4071 abrasa,
907 4019 1171 4079 tempore,
1201 4018 1256 4063 et
1285 4023 1352 4063 eo
1379 4025 1490 4063 non
1521 4010 1593 4063 ita
1627 4009 1797 4079 longo
1827 4009 2060 4077 aufugit,
2097 4009 2235 4063 adeo
2279 4019 2337 4062 ut
2389 4017 2587 4078 praeter
2619 4007 2784 4062 unius
2825 4005 3181 4078 Trapezuutii
3213 4009 3452 4063 nominis
3485 4024 3583 4062 ve.-

331 4105 521 4174 stigia,
580 4119 721 4158 caeca
773 4103 1061 4173 inscriptio
1102 4101 1308 4158 sensim
1357 4117 1715 4168 evanescens,
1782 4101 2035 4159 avolarit.
2079 4102 2336 4157 Extrema
2381 4110 2666 4158 senectute
2719 4101 3026 4156 doctrinam
3064 4117 3218 4158 suam
3263 4102 3576 4156 universam

329 4196 602 4252 oblivioni
634 4195 926 4251 tradidisse
959 4199 1025 4268 (fl
1057 4208 1274 4251 etanno
1312 4195 1448 4250 M86
1484 4193 1794 4248 decessisse
1833 4194 2225 4251 Genebrardus
2256 4196 2310 4250 in
2346 4195 2502 4250 Sixto
2532 4193 2600 4248 IV
2640 4202 2696 4250 et
2741 4194 3037 4250 Gualterus
3075 4194 3142 4249 ad
3195 4195 3454 4250 stet-uiam
3486 4211 3578 4262 xv,

329 4301 559 4347 narrant
587 4291 684 4361 (g).
719 4287 955 4345 Jacobus
1003 4288 1339 4358 Gordouius,
1374 4291 1427 4344 in
1468 4303 1635 4360 Opere
1666 4287 2083 4359 cbronologico,
2139 4305 2284 4344 anno
2320 4288 2459 4343 1454
2492 4287 2662 4343 fuisse
2709 4287 2895 4342 Romae
2927 4288 3208 4360 gymnasio
3232 4285 3575 4359 praefectum,

2059 4444 2160 4531 ’(ε)
2193 4460 2501 4531 Cardinalis
2537 4454 2898 4531 Bessarionis,
2936 4451 3314 4531 Fallajudice,
3352 4451 3571 4531 Latino.-

404 4454 484 4527 (α)
545 4451 606 4507 Δ.
663 4455 816 4511 1596.
859 4455 974 4526 [aut
1021 4460 1200 4527 potius
1269 4454 1428 4527 l595.
1472 4471 1527 4509 v.
1575 4456 1704 4510 Ζωιὶ
1771 4457 1904 4511 diss.

2015 4521 2487 4586 rum'ercissimi
2516 4537 2563 4581 et
2587 4526 2889 4581 Gra'corum
2927 4521 3252 4576 Latinistimi
3286 4522 3340 4575 in
3370 4523 3575 4576 calum-

330 4523 594 4597 Vossiaue
650 4542 770 4579 mox
811 4523 1104 4597 citandfp.
1138 4528 1193 4593 5,
1225 4537 1282 4581 et
1316 4526 1558 4580 Niceron.
1601 4530 1637 4583 Ι.
1686 4527 1908 4581 citaudu

335 4610 393 4664 P°
424 4593 542 4664 22']

407 4663 482 4734 (tu)
509 4663 680 4734 bilius
714 4665 979 4734 Gyraldus
1005 4664 1073 4719 de
1106 4667 1281 4733 poetis
1313 4667 1395 4720 sui
1429 4663 1693 4734 temporis
1723 4665 1818 4719 lib.
1851 4665 1904 4719 2.

329 4750 383 4803 p.
405 4731 614 4818 Ιϐξὶκιιεὲ
640 4731 841 4818 ιιὶλιίιι
869 4733 1006 4818 Qpp.
1043 4731 1174 4788 tum.
1210 4736 1270 4799 tl,
1291 4751 1368 4818 .p.

402 4803 469 4874 (ς)
505 4803 718 4874 ᾗρῆτες
765 4805 852 4856 ἀεὶ
877 4803 1131 4872 ψεῦσται,
1159 4803 1404 4874 quodex
1461 4803 1778 4874 Epimenide
1820 4825 1906 4862 re-

329 4873 467 4943 petit
501 4871 864 4944 Callimachus
897 4871 1189 4944 bymuorin
1215 4873 1402 4944 Jovem
1446 4871 1584 4932 v.'8.
1615 4879 1696 4933 0b
1745 4894 1899 4934 eam-

327 4950 453 4996 item
491 4957 710 4996 causam
738 4943 981 4996 Andreas
1011 4943 1303 4997 Eudaemon
1329 4943 1566 5000 Joannes
1617 4949 1900 5003 Cretensis

328 5012 436 5088 dici
477 5013 675 5088 noluit,
701 5012 796 5065 sed
831 5011 1105 5082 Cydonius
1135 5029 1148 5076 ;
1177 5027 1307 5088 non,
1344 5015 1489 5082 quod
1524 5018 1754 5088 Cydouii
1783 5034 1890 5072 non

331 5081 443 5134 sint
478 5080 790 5151 Cretenses,
835 5080 1023 5135 verum
1072 5098 1139 5136 ne
1168 5080 1373 5150 probro
1405 5080 1636 5151 pateret,
1664 5088 1811 5151 quod
1842 5088 1893 5142 ei

331 5103 443 5134 Ellll.
478 5103 790 5142 brClCIISCS,
835 5103 1023 5135 \‘CI'UIII
1072 5103 1139 5136 ne
1168 5103 1369 5150 pronro
1405 5103 1636 5151 pateret,
1705 5104 1732 5142 υ

328 5151 522 5218 objicit
550 5150 932 5216 Casaubonus,
953 5151 1145 5208 Exerc.
1181 5169 1217 5205 ι.
1241 5152 1306 5204 ad
1338 5153 1533 5209 Baron.
1571 5172 1617 5210 c.
1644 5103 1732 5212 ὦ.

401 5220 476 5290 (d)
509 5221 647 5290 Cum
680 5222 900 5275 nomine
946 5229 1123 5275 tamen
1157 5223 1239 5288 (ut
1268 5223 1454 5276 verbis
1481 5234 1604 5278 utar
1633 5226 1888 5282 Boerneri

330 5289 528 5358 [ηυξ
582 5289 708 5365 libri
744 5291 905 5365 paulo
950 5299 1068 5365 post
1119 5291 1318 5359 citati),
1366 5307 1540 5360 neque
1581 5296 1884 5365 ingenium,

329 5376 427 5436 nec
450 5375 646 5436 mores
675 5359 947 5436 deposuit_
970 5362 1148 5436 facile,
1179 5365 1366 5436 _\'a_l'cr,
1409 5359 1620 5436 siquid
1641 5359 1882 5436 'judicu.

327 5428 610 5492 subdolus,
642 5438 698 5480 et
746 5446 869 5504 cum
899 5431 1126 5504 alterius
1159 5430 1428 5486 dedecore
1456 5428 1690 5490 decoris'
1717 5452 1886 5504 appe-

331 5507 468 5576 tens,
505 5499 834 5576 lacessendis
863 5501 1004 5562 aliis,
1035 5502 1233 5576 _iisque
1276 5504 1529 5576 summis,
1579 5499 1884 5576 promptus,

329 5568 532 5642 nimius
581 5569 686 5630 sui,
749 5584 945 5637 parcus
1001 5568 1233 5622 aliorqu
1285 5568 1616 5642 admirator',
1669 5568 1886 5642 cuncta,

334 5638 492 5692 modo
522 5653 754 5702 summa,
783 5650 1040 5708 expertus
1083 5643 1222 5694 ultra
1255 5641 1422 5694 vircs.
1461 5642 1666 5712 Uiuri.)

2011 4601 2281 4654 uiatorem
2342 4598 2584 4652 Platonis
2626 4595 2749 4649 libri
2801 4602 3039 4662 quatuor
3087 4593 3260 4646 lucem
3313 4592 3571 4662 viderunt

2011 4669 2256 4724 Venetiis
2285 4669 2426 4736 apud
2465 4667 2664 4722 Aldum
2721 4660 2876 4736 tSlb‘,
2912 4662 3136 4736 fol..uua
3163 4677 3286 4736 cum
3311 4660 3430 4731 eius
3449 4677 3573 4736 cor-

2014 4739 2260 4793 rectione
2279 4729 2547 4792 librorum
2569 4736 2808 4789 Platonis
2839 4733 2907 4787 de
2935 4731 3142 4801 legibus
3159 4748 3187 4784 a
3209 4729 3577 4800 'l'rapezuntio

2016 4824 2319 4866 versarunt.
2381 4818 2436 4860 et
2488 4806 2628 4859 libro
2677 4803 2744 4858 de
2792 4812 2984 4857 natura
3039 4812 3095 4854 et
3142 4809 3261 4854 arte
3308 4801 3574 4860 adversus

2011 4878 2262 4931 eumdem
2285 4875 2712 4945 Trapezuutium
2734 4883 2787 4927 et
2814 4870 3138 4945 Plethonem
3162 4869 3575 4945 pro‘Theodoru

2011 4946 2174 5001 Gaza.
2230 4947 2286 5000 In
2335 4939 2498 5016 hujus
2539 4945 2663 4998 libri
2707 4943 2884 5009 capite
2922 4941 3220 5016 tertio,_ait
3258 4939 3569 5016 Bessariou.

2009 5017 2194 5084 odium
2236 5017 2306 5070 ab
2350 5010 2424 5070 eo
2457 5027 2704 5084 tempore
2753 5021 3075 5084 conceptum
3112 5011 3163 5062 iu
3215 5025 3273 5084 se
3330 5010 3496 5084 [uisse
3541 5029 3571 5062 a

2007 5083 2401 5156 Trapezuntio,
2439 5101 2549 5156 quo
2570 5078 2584 5084 ’
2603 5082 2952 5156 Theodorum
2974 5079 3217 5156 gazam“
3233 5081 3288 5132 in
3304 5078 3572 5156 Adoctrina

2002 5147 2435 5225 praeponendum
2457 5147 2529 5208 ἐἰ
2566 5153 2891 5225 censuisset.
2936 5147 3151 5225 (Fabp)
3181 5148 3357 5225 ῼυιιΐ.⁸
3382 5163 3570 5225 supra,

1998 5218 2237 5288 voL'Xl,
2269 5242 2322 5295 p.
2357 5226 2462 5279 422
2494 5240 2625 5294 sqq.
2649 5237 2704 5291 p.
2745 5218 3024 5295 4;’.8,_tmt.
3061 5218 3150 5295 Ιψ.
3185 5223 3237 5274 lu
3280 5219 3566 5295 primisnp.

1997 5295 2123 5358 432,
2158 5289 2293 5351 sect'.
2333 5295 2420 5361 18,
2467 5306 2521 5350 et
2541 5289 2698 5348 intra
2736 5291 2993 5344 Allatium
3029 5289 3095 5342 ad
3132 5298 3269 5344 sect.
3320 5291 3353 5344 8
3401 5300 3454 5342 et
3477 5289 3568 5343 90.

1995 5365 2198 5436 (Harl.)

2067 5405 2320 5516 ξέίύυοᾱ
2348 5405 2537 5516 tamen
2566 5431 2904 5516 abinimnic‘is
2937 5429 3118 5485 lictum
3144 5445 3289 5497 esse,
3323 5428 3558 5485 Niceron

1997 5501 2204 5574 aliique
2235 5507 2608 5574 suspicantur.
2646 5501 2851 5574 (Πανί.)

2074 5568 2148 5646 (ά)
2192 5568 2352 5646 [eum
2387 5592 2436 5629 a.
2479 5576 2615 5646 Ηδό
2655 5568 3064 5628 ’ἀίοηῐοὴὶἰεεο
3103 5585 3445 5646 supremum,
3488 5568 3575 5646 all.

2002 5642 2217 5699 [iuuant
2250 5645 2522 5711 Petavius,
2552 5645 2763 5700 nation.
2799 5653 2957 5714 temp.
2993 5655 3132 5714 part.
3171 5642 3207 5714 ἰ,
3241 5644 3276 5697 l.
3313 5656 3387 5707 rx,
3411 5659 3461 5697 c.
3491 5642 3523 5696 9
3550 5659 3583 5709 λ
