3880 6220
474 354 583 417 753
1213 332 1224 341 ’
1567 354 1965 415 amamus
2001 354 2610 415 TRAPEZUNTIUS.
3556 365 3630 427 τα

471 469 721 537 corporis
750 469 925 533 dotes,
953 487 1048 540 pro
1076 470 1329 541 corporis
1382 480 1441 525 et
1472 468 1640 523 attimi
1664 467 1857 525 dotes?
1890 468 1984 524 Ubi
2010 470 2345 533 conferrem,
2376 485 2495 539 pro,
2528 467 2680 523 utilis
2702 483 2901 535 essent,
2934 469 3079 525 nullo
3110 486 3231 525 casu
3260 473 3518 539 adjuncto!
3538 473 3627 539 ωε,

470 569 736 613 aeternum
762 561 839 615 illi
874 577 1073 615 nomen
1102 562 1171 616 ad
1197 576 1412 627 ouiucs,
1438 562 1534 631 qui
1567 545 1770 615 Latitie
1797 562 2002 627 sciunt,
2029 563 2313 625 aderrem,
2345 577 2442 630 pro
2467 572 2735 617 aeternum
2792 562 2872 616 illi
2906 578 3105 617 nomen
3166 564 3307 633 apud
3343 580 3529 628 omnes,
3566 567 3628 637 qui

473 650 664 708 Latina
695 654 875 724 lingua
903 665 1153 720 utuntur,
1188 653 1290 719 vel,
1323 657 1415 723 qui
1442 653 1691 708 Latinam
1716 653 1957 722 linguam
2021 668 2132 707 non
2188 655 2458 723 ignorant,
2490 654 2913 723 compararem?
2940 652 3042 708 Sed
3072 653 3193 709 nolo
3218 655 3348 710 in-re
3374 660 3624 725 manifestis-

474 744 625 800 sima‘
650 748 847 801 diutius
875 750 1175 807 immorari.
1204 753 1276 808 Et
1298 762 1637 823 postremum
1665 748 1937 821 quidquid
1968 752 2136 805 estin
2164 752 2297 805 orbe
2330 749 2752 815 maledicentia,
2784 749 2837 804 id
2875 759 3045 805 totum
3082 752 3136 802 in
3196 766 3358 804 unum
3387 753 3632 822 Trapezun-

477 839 610 892 tium
633 840 953 895 cumulavit.
985 842 1174 913 Neque
1202 846 1350 900 enim
1378 856 1599 900 veretur
1621 857 1747 897 eum
1782 842 2115 913 compellare
2157 843 2410 910 belluam,
2472 843 2703 913 putrida:
2755 843 2935 897 carnis
2986 832 3172 896 inutile
3211 844 3440 911 frustum,
3495 857 3633 901 nostra

474 934 648 987 aetatis
683 932 1003 1002 pra-'clarttm
1042 937 1343 1005 Nestorem,
1375 938 1528 1009 cujus
1548 954 1613 992 ex
1635 954 1727 992 ore
1763 936 1886 1009 felle
1915 938 2157 990 amarior
2187 940 2307 1008 ﬂuit
2338 940 2535 1003 oratio,
2592 938 2826 1001 asinum,
2862 932 3326 991 sceleratissimum
3364 934 3527 996 virum.
3552 952 3634 989 tar-

472 1027 699 1093 niﬁcem,
734 1029 1086 1095 perniciosam
1116 1041 1335 1101 pestem,
1371 1034 1594 1087 dedecus
1618 1034 1911 1095 hominum,
1938 1033 2139 1097 turpitu
2160 1032 2318 1084 tinem
2344 1031 2547 1095 saeculi,
2586 1039 2783 1085 nostra:
2817 1027 3120 1099 reipublicae
3144 1024 3527 1094 sterquiliniunt.
3553 1045 3627 1084 ste-

473 1122 812 1174 lestissimum
841 1162 855 1185 ,
884 1124 1183 1194 impurum,
1216 1129 1459 1198 impium,
1494 1125 1782 1195 inﬁdelem,
1806 1125 2124 1189 barbarum,
2153 1124 2444 1190 sordidum,
2474 1126 2800 1195 proditorem
2852 1123 3046 1177 divina
3077 1120 3359 1191 religionis,
3387 1117 3637 1185 heretica,

471 1223 664 1269 tetrum
692 1224 739 1266 et
774 1214 1083 1279 detestabtle
1120 1230 1436 1283 monstrum,
1467 1217 1654 1280 scelus,
1680 1219 1972 1289 ﬂagitium,
2000 1219 2159 1277 luem,
2190 1215 2383 1280 tabem,
2414 1216 2739 1286 prodigium,
2757 1223 3079 1284 portentum,
3116 1209 3570 1266 truculentissime:
3589 1213 3640 1284 {e-

470 1324 610 1372 ram,
644 1308 864 1365 humani
893 1315 1101 1380 generis
1128 1314 1439 1382 infamiam,
1470 1312 1847 1371 miserrimum,
1882 1311 2114 1363 omnium
2145 1309 2518 1362 avarissimum
2538 1319 2757 1363 nostra:
2786 1312 2981 1370 (etatis.
3017 1309 3353 1381 praeclarum,
3388 1310 3641 1362 immanissi-

470 1418 635 1467 mum,
671 1416 884 1474 tetrum,
948 1408 1287 1474 [tectissimum
1313 1421 1375 1458 ac
1400 1402 1708 1457 detestabile
1736 1410 2055 1469 monstrum,
2084 1402 2341 1468 Turcum,
2364 1403 2475 1455 imo
2508 1400 2679 1456 Turco
2700 1404 3004 1470 turciorem,
3028 1404 3526 1469 sceleratiorem,imo
3551 1401 3641 1455 Tur-

468 1513 649 1554 corum
677 1506 912 1558 omnium
943 1503 1323 1565 tureissimum,
1345 1501 1578 1554 omnium
1611 1515 1729 1570 qua
1768 1499 2174 1553 memoravimus
2207 1499 2518 1568 turpiorem,
2541 1505 2589 1552 et
2608 1502 2655 1552 si
2679 1500 2805 1569 quid
2834 1500 2937 1553 dici
2961 1502 3148 1554 tetrius
3179 1507 3362 1570 potest.
3394 1499 3548 1561 Addit,
3580 1495 3643 1550 lii-

469 1595 635 1645 mium
670 1595 830 1647 crevit
863 1596 1110 1658 audacia,
1141 1605 1190 1647 et
1218 1596 1495 1648 temeritas
1519 1595 1763 1649 dominii.
1790 1594 1887 1648 Ter
1912 1596 2053 1646 intra
2079 1608 2248 1647 annos
2282 1594 2577 1665 quindecim
2601 1610 2868 1648 carcerem
2897 1605 2972 1649 est
2996 1602 3277 1669 expertus;
3303 1594 3459 1664 primo
3487 1593 3642 1646 iracun-

468 1681 582 1746 dia,
621 1686 848 1738 secundo
885 1684 1068 1751 libido,
1111 1687 1266 1740 tertio
1288 1686 1665 1756 perduellionis
1687 1687 1888 1740 crimen
1917 1702 2035 1739 eum
2063 1687 2119 1740 in
2141 1686 2351 1739 vincula
2384 1686 2775 1755 compulerunt.
2810 1689 2973 1740 Auxit
3025 1703 3230 1758 semper
3260 1686 3491 1756 furorem,
3516 1694 3555 1737 et
3579 1685 3643 1736 ia-

308 1814 315 1820 .
388 1852 397 1855 _
467 1776 677 1841 punitus
705 1791 823 1828 eam
850 1778 922 1829 ad
951 1778 1150 1847 quavis
1179 1779 1388 1850 flagitia
1419 1779 1744 1849 praecipitem
1784 1778 1921 1848 fecit.
1949 1778 2259 1832 i’rmterea:
2285 1777 2425 1831 Nam
2453 1780 2604 1849 quia,
2633 1794 2759 1832 casu
2805 1779 2976 1832 nescio
3014 1794 3141 1849 quo,
3168 1778 3397 1849 opinione
3421 1778 3528 1829 olim
3559 1791 3643 1842 qu-

468 1871 592 1919 dam
621 1870 920 1921 doctrinam
946 1881 1254 1923 consecutus
1290 1872 1345 1922 in
1376 1870 1538 1923 Italia
1572 1871 1770 1939 fuerat,
1798 1871 1984 1939 primis
2016 1867 2124 1922 illis
2160 1870 2503 1938 temporibus,
2543 1870 2731 1939 quibus
2786 1869 3025 1923 revocari
3054 1870 3111 1923 in
3141 1867 3324 1933 lucem,
3357 1884 3462 1937 quae
3500 1867 3568 1919 diu
3586 1882 3642 1920 st-

466 1957 618 2025 pulta
648 1959 883 2026 fuerant,
911 1959 1236 2028 optimarum
1269 1960 1678 2031 disciplinarum
1715 1962 1896 2014 studia
1926 1975 2159 2030 coepere,
2206 1972 2485 2031 postquam
2535 1965 2762 2014 adventu
2819 1960 3245 2013 ductissimorum
3298 1960 3506 2013 virorum
3558 1972 3640 2029 quos

474 2046 729 2103 Nicolaus
760 2051 990 2116 Quintus
1010 2053 1251 2122 pontifex
1280 2056 1622 2125 undecunque
1650 2058 1703 2108 in
1732 2054 1923 2109 Urbem
1957 2056 2163 2120 accivit,
2187 2058 2495 2125 ignorantia
2532 2064 2625 2109 tua
2678 2057 2881 2108 detecta
2918 2063 3019 2118 est,
3055 2054 3341 2122 praesertim
3394 2056 3637 2122 interprets-

470 2143 608 2193 tione
639 2140 1042 2199 Problematum
1074 2146 1399 2212 Aristotelis,
1435 2162 1550 2216 qua:
1580 2146 1873 2202 Theodorus
1905 2146 2385 2203 Thessalonicensis
2416 2150 2689 2215 utriusque
2717 2146 2913 2218 tinguat
2978 2146 3311 2200 doctissimus
3364 2144 3538 2198 edidit:
3566 2154 3642 2196 ut:

475 2247 526 2288 te
558 2235 728 2289 rabies
755 2240 996 2305 qua’dam
1026 2241 1268 2293 immensi
1303 2242 1501 2310 furoris
1530 2243 1746 2306 invasit,
1778 2260 1841 2295 ac
1869 2243 2027 2296 veluti
2059 2242 2306 2296 draconis
2334 2252 2483 2313 epoto
2514 2241 2678 2295 calice
2706 2241 2967 2306 insanire,
2998 2256 3065 2293 ac
3091 2239 3273 2308 palam
3299 2237 3460 2308 furere
3507 2238 3643 2303 cupisti

466 2332 638 2384 instar
663 2330 833 2384 rabidi
861 2333 1030 2398 cauis,
1054 2334 1152 2386 huc
1185 2344 1342 2402 atque
1374 2335 1502 2389 illuc
1533 2337 1729 2390 anxius
1747 2338 2104 2404 circumferri.
2132 2334 2357 2403 Iamque
2392 2347 2498 2387 non
2527 2333 2682 2387 modo
2710 2335 2883 2403 ipsum
2928 2332 3281 2395 Theodorum,
3317 2331 3401 2385 sed
3453 2343 3644 2397 quassatio

466 2412 729 2477 Theodoro
754 2425 932 2492 [avere
958 2426 1299 2494 intelligens,
1325 2443 1503 2482 attines
1529 2439 1710 2481 autem
1741 2429 1788 2481 ei
1813 2428 2049 2494 palmam
2076 2429 2203 2498 jure
2234 2429 2431 2497 optimo
2464 2426 2678 2489 debent,
2717 2427 2769 2477 in
2803 2440 2924 2477 eum
2974 2425 3265 2493 genuinum
3286 2436 3518 2478 exercere.
3546 2420 3636 2473 liis:

465 2526 515 2569 te
531 2533 735 2586 semper
762 2517 920 2588 furia:
946 2520 1171 2588 agitare,
1205 2520 1325 2572 hinc
1362 2522 1632 2590 superbia,
1666 2520 1984 2587 indignatio,
2024 2521 2222 2574 invidia
2256 2518 2580 2589 precipitem
2628 2518 2790 2587 ferre.
2830 2514 2966 2569 Hinc
3004 2526 3064 2569 tu
3117 2512 3400 2569 maledictis
3437 2517 3484 2568 in
3516 2529 3641 2569 omnes

465 2606 655 2670 invehi.
686 2626 789 2663 non
853 2613 1200 2681 principibus,
1257 2631 1360 2668 non
1407 2616 1797 2677 cardinalibus,
1849 2631 1954 2667 non
1976 2618 2196 2668 summis
2249 2611 2582 2683 pontificibus
2612 2627 2848 2682 parcere.
2875 2612 2942 2666 Et
2967 2613 3085 2668 haec
3123 2615 3345 2685 quidem
3378 2614 3585 2667 Perottus
3607 2611 3642 2662 in

464 2703 921 2774 Trapezuntium,
973 2707 1202 2770 oblitus,
1253 2719 1311 2763 ut
1346 2709 1583 2778 ingenue
1616 2710 1810 2776 fatear,
1842 2710 2124 2764 modestiae
2151 2749 2166 2774 ,
2198 2710 2506 2778 gravitatis,
2542 2717 2707 2777 atque
2747 2706 2877 2762 boni
2943 2708 3045 2761 viri
3083 2707 3269 2774 ollicii,
3302 2723 3415 2778 qum
3438 2717 3646 2775 tantopere

464 2795 785 2855 laudaverat
853 2816 953 2870 pro
1010 2801 1327 2856 codemmet
1364 2801 1819 2871 Trapezuntio‘in
1860 2801 2205 2856 Bessarioue.
2234 2800 2357 2854 ch
2376 2802 2580 2867 omnia,
2621 2800 2823 2867 aiebat,
2859 2809 2910 2854 et
2948 2799 3113 2871 plura
3137 2803 3384 2876 potuisset
3412 2801 3463 2853 in
3485 2798 3647 2850 medim

464 2895 655 2964 afferre
681 2895 1036 2961 Bessario,'si
1063 2898 1346 2963 voluisset;
1374 2898 1466 2952 sed
1496 2899 1636 2951 dedit
1662 2900 1757 2952 hoc
1787 2900 1985 2968 partim
2011 2899 2261 2969 gravitati
2293 2912 2424 2963 sum,
2458 2913 2521 2951 ne
2547 2908 2729 2951 castas
2760 2907 2811 2951 et
2842 2900 3063 2969 pudicas
3099 2912 3255 2951 aures
3279 2906 3421 2950 tanta
3447 2895 3648 2949 verborum

463 2991 793 3059 impuritate,
820 3003 973 3047 tanta
1009 2995 1348 3048 obscoenitate
1376 2995 1657 3060 orationis,
1687 3003 1797 3048 tant
1826 2993 2096 3048 [torrenda
2129 3003 2286 3063 atque
2340 2994 2651 3047 exsecrabili
2680 2994 2939 3048 scelerum
2975 2993 3494 3056 commemoratione,
3522 3003 3649 3044 matt-

464 3082 600 3136 laret
638 3094 797 3154 atque
828 3087 1061 3153 inliceret
1085 3104 1105 3152 ;
1130 3088 1329 3157 partim
1360 3088 1752 3141 mansuetudini
1768 3077 1825 3139 let
1856 3086 2086 3149 linitate,
2115 3103 2177 3139 ne
2205 3096 2252 3138 te
2276 3088 2515 3161 quamvis
2547 3089 2938 3141 atrocissimum
2963 3089 3191 3151 hostem,
3214 3085 3317 3141 Deo
3342 3084 3650 3151 hominibvqic

466 3176 694 3228 invisum
729 3178 992 3243 redderet,
1026 3188 1075 3231 et
1100 3179 1326 3232 salutem
1384 3196 1446 3233 ac
1475 3181 1640 3233 vitam
1670 3190 1816 3232 tuam
1838 3180 1891 3232 in
1920 3178 2415 3248 periculofponeret.
2441 3179 2605 3234 Vides
2626 3195 2762 3251 ergo~
2787 3180 3279 3249 praestantissimos
3302 3184 3523 3250 quosque
3549 3174 3651 3227 illius

463 3270 642 3321 intutis
670 3269 817 3323 viros
859 3272 1063 3325 acriter
1084 3271 1229 3326 dicta
1261 3272 1613 3342 Trapezuntii
1638 3270 2002 3334 examinasse,
2032 3273 2487 3343 reprobasscque,
2520 3275 2669 3343 quod
2703 3289 2810 3327 non
2832 3274 2954 3328 leve
2986 3285 3074 3330 est
3099 3278 3248 3334 illius
3276 3274 3515 3330 doctrinae
3533 3282 3651 3337 ιτῑιι·

464 3374 709 3415 silentum
742 3377 755 3425 ;
790 3376 985 3431 graves
1018 3363 1377 3418 nihilominus
1398 3363 1712 3416 Bcssarioni
1749 3378 1874 3416 cum
1911 3377 1978 3416 eu
2013 3363 2320 3417 inimicitiae
2345 3361 2525 3428 luere,
2568 3377 2623 3420 et
2646 3381 2856 3436 magnas
2882 3368 2958 3421 rei
2994 3368 3277 3424 litterariae
3308 3359 3649 3422 controveb'ic.

462 3454 578 3525 lege
596 3457 943 3514 Bt-ssarionis
970 3464 1089 3530 cap.
1130 3459 1185 3525 ιι,
1214 3459 1319 3513 lib.
1347 3474 1398 3511 Vl
1424 3458 1477 3512 in
1506 3458 1980 3513 Calumniatorem
2014 3457 2281 3513 Platonis.

530 3549 672 3615 QUld
708 3563 890 3608 autem
925 3554 1168 3624 Angelus
1199 3554 1508 3609 Politianus
1537 3554 1671 3607 olim
1720 3553 1787 3608 de
1817 3555 2066 3608 doctrina
2108 3556 2487 3620 mstimaverit,
2521 3556 2851 3628 ingenioque
2891 3559 3117 3631 Georgii
3168 3555 3515 3630 Trapezuntii,
3558 3549 3645 3605 inse

460 3644 760 3700 illiscellan.
786 3663 908 3717 cap.
939 3650 1032 3712 90,
1064 3658 1295 3704 testatus
1321 3657 1408 3702 est
1434 3689 1442 3697 .
1481 3647 1630 3702 Illud
1659 3651 1715 3701 in
1748 3647 2022 3702 Theodoro
2053 3649 2244 3702 mirari
2274 3666 2354 3702 me
2385 3652 2576 3720 fateor,
2627 3654 2751 3722 quid
2794 3656 2868 3706 ita
2912 3656 3179 3723 scripserit
3230 3656 3284 3708 in
3312 3649 3581 3723 prnfationt
3603 3639 3649 3693 li-

463 3736 673 3797 brorum
706 3744 781 3796 De
812 3742 1131 3797 animalibus
1165 3744 1484 3811 Aristotelis,
1518 3745 1705 3814 quibus
1730 3747 1846 3801 unis
1863 3746 2129 3817 praecipue
2150 3746 2569 3810 commendatur,
2597 3748 2845 3817 adjutunt
2865 3764 2979 3803 sese
2998 3766 3031 3802 a
3062 3750 3341 3818 nullo,nec
3366 3757 3541 3801 certare
3556 3739 3649 3794 ad“

462 3853 585 3889 cum
617 3837 823 3889 caeteris
863 3835 1263 3903 interpretibus,
1304 3851 1457 3906 quos,
1491 3838 1686 3906 inquit,
1715 3838 1919 3889 vincere
1958 3834 2165 3888 nullum
2197 3839 2460 3906 negotium
2486 3847 2582 3901 est,
2608 3854 2725 3891 cum
2750 3838 2906 3893 libros
2930 3845 3158 3905 eosdem,
3190 3842 3266 3894 sic
3299 3839 3518 3908 Georgius
3559 3832 3650 3887 Τη-

456 3928 738 3993 pezuntius
770 3936 894 3979 ante
924 3926 1099 3995 ipsum
1132 3923 1393 3978 luculente
1422 3927 1657 3989 verterit,
1698 3934 1752 3977 ut
1782 3924 1860 3977 vel
1892 3925 2131 3985 redditis,
2159 3940 2278 3993 qua:
2334 3927 2474 3996 apud
2505 3935 2700 3980 veteres
2737 3931 3032 3993 invenerat,
3057 3930 3140 3984 vel
3181 3945 3274 4001 per
3300 3946 3352 3983 se
3380 3930 3528 3981 denuo
3548 3920 3648 3992 ﬁdit

454 4022 878 4091 excogitatisque
900 4021 1186 4085 vocabulis,
1213 4018 1463 4072 Latinam
1495 4035 1710 4089 prorsus
1737 4020 1975 4073 indolem
2007 4020 2383 4087 referentibus,
2418 4022 2541 4074 vitio
2575 4023 2776 4091 factum
2805 4032 3005 4090 nostro,
3035 4027 3260 4094 primus,
3312 4025 3499 4095 opinor,
3517 4016 3649 4088 julv‘

462 4129 584 4167 runt
614 4114 872 4178 docuerit,
905 4130 1001 4166 cur
1029 4114 1326 4183 ipsijminus
1360 4111 1576 4177 multas,
1607 4128 1769 4183 quant
1814 4114 2013 4178 Graeci,
2044 4129 2221 4167 rerum
2251 4112 2635 4183 appellationes
2660 4117 2976 4172 habeamus.
3020 4117 3135 4172 llos
3170 4119 3327 4188 igitur
3349 4117 3392 4169 si
3409 4114 3508 4183 quis
3532 4109 3648 4163 libros

449 4209 744 4277 diligenter
774 4208 979 4278 legerit,
1024 4210 1195 4262 minus
1222 4208 1460 4277 profecto
1489 4207 1694 4261 Gazam
1744 4207 2007 4272 laudabit,
2062 4223 2193 4278 pene
2223 4207 2370 4262 illius
2398 4211 2634 4281 vestigiis
2656 4214 3004 4280 insistentem,
3030 4217 3162 4284 quin
3194 4214 3240 4270 si
3265 4215 3408 4267 homo
3433 4209 3521 4263 erit
3543 4206 3649 4273 inge.

464 4320 625 4368 nuus,
653 4304 832 4369 credo,
858 4306 1283 4359 stomacltabitur
1305 4307 1383 4359 sic
1408 4322 1445 4358 ιι
1486 4304 1750 4358 Theodoro
1770 4304 2192 4372 dissimulatum,
2228 4324 2326 4378 per
2360 4324 2514 4379 quem
2548 4311 2778 4369 maxime
2810 4311 3148 4381 profecerat,
3182 4312 3262 4373 sic
3298 4309 3511 4365 habiturn
3552 4312 3647 4372 ριιι

450 4401 789 4470 contemptui
847 4399 1199 4469 ludibrioque,
1237 4400 1389 4467 cuius
1419 4398 1751 4470 potissimum
1776 4398 2043 4457 laboribus
2068 4403 2446 4468 insidiabatur,
2482 4404 2630 4459 uobis
2658 4420 2774 4459 vero
2791 4406 2956 4465 etiam
2991 4406 3216 4474 fortasse
3240 4403 3428 4463 habebit
3448 4397 3646 4471 θταιέαιο

462 4495 608 4564 quod
640 4497 744 4549 ista
800 4496 1018 4549 reddere
1051 4498 1160 4548 suis
1188 4495 1606 4548 auctoritatibus
1635 4495 2038 4553 contendamus.
2069 4493 2210 4553 Nam
2231 4510 2498 4568 quantum
2518 4498 2625 4555 sibi
2655 4498 2922 4569 Beorgius
2951 4501 3007 4557 in
3030 4516 3096 4554 eo
3126 4499 3375 4570 placuerit
3394 4507 3547 4564 apere,
3590 4483 3648 4541 vel

454 4585 557 4642 illa
583 4588 647 4641 de
675 4586 1002 4657 Pra'fatione
1068 4588 1223 4641 verba
1287 4587 1620 4658 signiﬁcant,
1648 4587 1835 4668 quibus
1861 4604 1973 4643 sese
2009 4588 2169 4645 libros
2203 4605 2288 4644 eos
2313 4588 2553 4657 Latinis,
2583 4593 2684 4655 ait,
2727 4608 2833 4652 naut
2866 4594 3042 4655 minus
3084 4592 3347 4671 elegantes
3379 4588 3646 4651 malum“

456 4695 563 4745 que
594 4680 744 4745 dare,
768 4697 927 4750 quant
952 4679 1098 4750 apud
1131 4677 1338 4735 ercos
1368 4680 1686 4735 habeantur.
1716 4678 1821 4735 Sed
1846 4682 2018 4737 ethoc
2052 4683 2129 4739 ad
2151 4696 2206 4736 se
2231 4676 2443 4735 trahere
2470 4681 2765 4739 Theodorus
2786 4692 3040 4750 conatur,
3072 4693 3129 4738 ut
3160 4687 3301 4747 item,
3331 4696 3437 4752 quae
3460 4677 3515 4731 de
3538 4685 3646 4725 Μ·

456 4772 601 4823 sibus
624 4768 803 4824 Greece
862 4770 1118 4839 prodidit.
1151 4785 1214 4821 ex
1243 4769 1399 4834 huius
1425 4770 1781 4839 potissimum,
1810 4771 1875 4823 de
1905 4787 2013 4841 qua
2036 4769 2325 4840 loquimur,
2350 4773 2808 4842 interpretationis
2825 4776 3087 4845 protentio
3102 4775 3446 4845 subleguiuur.
3464 4769 3522 4821 At
3540 4761 3643 4816 ιιὶκι

462 4865 635 4936 fuere.
654 4867 787 4919 sicut
819 4874 1064 4934 apparet,
1098 4863 1449 4919 acerbissima:
1475 4867 1616 4919 inter
1635 4866 1729 4921 Itas
1760 4866 1969 4923 Circeas
1993 4867 2308 4930 inimicitia,
2334 4878 2471 4923 sicut
2505 4870 2562 4923 in
2580 4875 2939 4940 grammatico
2966 4888 3177 4943 quoque
3195 4888 3287 4927 suo
3313 4857 3640 4927 Commentario

464 4962 764 5014 Theodorus
798 4958 1082 5029 Georgium
1102 4970 1252 5012 vocat
1283 4960 1422 5013 hunc
1458 4960 1845 5025 l’ornobvscon,
1870 4962 2011 5032 quod
2041 4961 2272 5016 alentem
2296 4973 2533 5017 scortum
2562 4952 2851 5034 signjﬁcat,
2875 4967 3137 5031 alludens,
3165 4965 3397 5027 arbitror,
3426 4959 3487 5012 ad
3515 4951 3642 5006 ϐιοῖ’

458 5060 609 5129 gium
642 5066 863 5112 veterem
905 5055 1352 5125 Grammaticum,
1386 5058 1890 5130 cuicognontentum
1922 5056 2096 5117 Caeci
2128 5059 2506 5115 Chwroboscon
2537 5062 2739 5119 dixere.
2766 5060 2981 5123 Cetera
3013 5076 3191 5133 porro,
3245 5072 3354 5130 qua:
3408 5048 3642 5109 Theodori“

459 5154 546 5205 ttic
578 5151 759 5211 edidit,
790 5153 876 5204 ubi
898 5152 1055 5204 modo
1085 5168 1189 5205 non
1227 5153 1641 5223 repetundarum
1660 5154 1732 5205 sit
1762 5152 2112 5218 accusandui,
2140 5154 2275 5207 sicut
2331 5152 2628 5206 eruditione
2660 5153 3043 5225 diligentiaque
3074 5171 3179 5209 non
3237 5156 3423 5213 carent,
3472 5144 3551 5202 ita,

466 5244 592 5298 mihi
620 5246 833 5312 quidem
863 5247 1094 5305 videtur.
1130 5244 1199 5298 ad
1225 5260 1446 5299 emmen
1470 5244 1736 5317 quoddam
1776 5247 2011 5301 strictius
2059 5247 2419 5327 curiosiusque
2451 5246 2768 5302 revocanda.
2812 5248 2918 5302 Nos
2948 5250 3042 5302 hoc
3074 5249 3181 5302 loco
3200 5261 3289 5301 nec
3307 5242 3542 5299 doctorum
3582 5240 3640 5279 ιιι·

460 5333 826 5417 ιὶάαμυηιίιια
875 5342 1137 5389 tentumus
1185 5335 1328 5406 apud
1373 5336 1735 5406 imperitorum
1786 5334 1992 5391 decolor

2142 5325 2396 5411 judicia,
2450 5353 2542 5392 nec
2569 5346 2773 5391 .tameu
2810 5339 3177 5403 dissimulare,
3213 5340 3343 5408 quod
3383 5336 3432 5385 is
3482 5325 3635 5393 quoque

450 5428 839 5496 desideremus,
896 5438 1000 5485 aut
1044 5431 1434 5484 inhonoratum
1486 5432 1729 5487 tramire
1784 5431 2030 5486 volumus
2053 5472 2069 5499 ,
2137 5435 2223 5486 cui
2278 5437 2475 5487 veritas
2524 5434 2908 5503 patrocinetur.
2962 5434 3036 5490 0t
3096 5444 3267 5488 autem
3341 5426 3505 5482 habere
3556 5419 3636 5503 ll!"

456 5520 598 5584 dum,
622 5521 1025 5592 quummaxime
1055 5523 1370 5593 ingenuum,
1398 5531 1756 5593 paratumque
1783 5522 2048 5590 volumus,
2077 5524 2157 5579 ita
2181 5541 2342 5593 quam
2374 5526 2589 5580 minime
2609 5528 3022 5593 accusatorium,
3056 5542 3210 5595 quam
3233 5522 3429 5578 minime
3448 5502 3635 5566 ιὲιιπείο·

460 5632 605 5680 sum,
624 5628 682 5673 .et
705 5621 944 5674 noxium.
976 5618 1084 5674 Nec
1120 5622 1258 5674 enim
1285 5631 1397 5675 tam
1438 5620 1718 5691 vufricium
1744 5625 2084 5692 proﬁtemur,
2115 5639 2279 5687 quam
2309 5624 2607 5678 exhibemus
2630 5624 2972 5678 industriam.
3008 5624 3225 5680 Vossius
3252 5632 3412 5675 tamen
3444 5603 3633 5664 1mm"-

465 5718 666 5761 orator.
697 5712 790 5767 lib.
824 5727 901 5772 tv,
934 5728 1058 5780 cap.
1094 5712 1148 5776 5,
1183 5712 1650 5780 quemadmodum
1707 5714 2043 5769 et'Bcssario
2071 5714 2511 5783 Trapezuntium
2546 5713 2702 5769 Gazae
2736 5716 3038 5786 postponit.
3081 5714 3303 5776 Minime,
3350 5706 3514 5775 inquit.
3545 5709 3635 5786 ρκ’

465 5800 602 5861 fec;o
629 5800 855 5865 conferri
890 5804 1075 5853 meruit
1105 5819 1224 5855 cum
1260 5804 1525 5857 Theodoro
1569 5804 1741 5869 Gaza,
1780 5808 1864 5859 cui
1905 5822 2024 5860 eum
2089 5807 2442 5877 wquiparavit
2479 5808 2705 5877 Angelus
2739 5785 3061 5865 Politianus.
3096 5808 3274 5877 Itaque
3291 5803 3402 5872 jure
3428 5785 3634 5867 politissi-
