3880 6220
273 296 378 357 763
1708 310 2044 374 norma.
3403 339 3437 399 τ
3469 341 3504 400 δ

273 407 344 458 mi
367 405 564 476 ingenii
594 405 765 462 uirum
797 408 892 462 hoc
918 411 1126 465 nomine
1145 414 1472 482 reprehendit
1505 416 1834 476 Parrhasius
1859 421 1913 474 in
1940 421 2195 492 epistolis.
2220 421 2398 497 Neque
2428 431 2609 500 ignoro
2636 433 3042 505 Trapezuntium
3072 458 3274 500 errores
3299 448 3501 520 aliquot

266 500 572 554 observasse
602 501 655 553 in
688 502 1131 559 translationibus
1160 505 1339 573 Gaza.
1377 526 1505 579 quos
1531 512 1613 566 Itic
1646 515 1874 567 monitus
1895 517 2199 585 correxerit,
2224 528 2279 572 ut
2322 528 2371 573 et
2405 527 2667 580 memoria:
2687 531 2914 596 prodidit
2953 533 3209 591 Erasmus
3244 500 3504 612 Catalogo

268 593 741 649 Lucubrationutn
770 610 1024 651 suarum.
1064 598 1254 655 Verum
1280 610 1328 655 et
1356 603 1487 658 illud
1516 608 1621 660 scio
1658 606 1809 675 longe
1833 607 1990 679 plura
2019 625 2129 664 esse
2156 613 2210 665 in
2243 613 2625 699 Trapezunlt'o.‘
2660 593 2775 692 qua:
2800 624 2942 681 Gaza
2971 632 3197 696 potuerit
3256 593 3500 703 culpare.

276 684 418 739 Nunt
447 695 496 739 et
526 687 580 739 in
603 703 662 741 eo
692 688 997 742 desiderare
1027 693 1195 761 potuit
1225 693 1349 761 ﬁdei
1375 695 1492 765 plus
1524 697 1576 749 in
1609 699 2002 767 transferendis
2034 718 2060 754 e
2083 702 2263 759 Gra’co
2287 690 2625 776 auctoribus,
2653 684 2704 767 et
2743 684 3000 789 majorem
3046 721 3239 793 lingua:
3262 684 3499 782 ἰιξιεηω

265 778 535 846 peritiam.
560 779 627 834 Et
654 779 751 834 lib.
777 797 813 834 ll
847 780 921 835 De
942 780 1149 838 Hister.
1187 783 1311 838 Lat.
1340 802 1462 855 cap.
1491 788 1555 843 8:
1590 787 1794 843 Filium
1829 792 2038 862 reliquit
2069 795 2332 851 Andream
2358 799 2789 871 Trapezuntium,
2813 778 2905 881 qui
2945 778 3494 881 patris'defeniionpvyﬁ

259 873 472 941 scripsit
500 873 751 927 adversus
782 872 1113 928 Theodorum
1149 874 1387 940 Gazam;
1421 895 1483 932 ac
1507 881 1874 950 pmfationent
1906 884 1975 935 ad
2018 883 2226 939 Sixtum
2258 891 2563 958 pontiﬁcem
2592 872 2849 964 prtermisit
2880 872 3225 959 translationi
3251 914 3492 978 paterna

263 960 576 1017 Ptolemaici
605 965 778 1033 operis
806 962 881 1017 De
904 981 1096 1035 magna
1114 969 1513 1023 constructione.
1548 971 1773 1024 Andreae
1793 970 1908 1039 ﬁlia
1936 975 2114 1045 nupsit
2147 973 2353 1032 Fausto
2383 960 2714 1053 Magdalena:
2737 987 2975 1045 Romano
3003 1003 3193 1063 poetaz.
3219 960 3308 1067 qui
3333 960 3495 1055 Leonti

260 1066 540 1124 pergratus
573 1063 708 1121 erat,
736 1063 894 1126 atque
916 1072 1057 1109 anno
1102 1056 1236 1110 1527
1271 1056 1441 1112 Roma
1481 1060 1547 1113 ab
1577 1063 1808 1116 exercitu
1835 1062 2017 1119 Caroli
2059 1063 2117 1132 γ,
2150 1077 2328 1140 capta,
2368 1089 2432 1127 ac
2465 1075 2664 1139 diruta,
2687 1077 2837 1133 Jouio
2863 1056 3187 1155 testeperiit.
3219 1056 3338 1145 l‘lon
3370 1109 3489 1148 sum

262 1155 453 1203 tamen
479 1164 509 1202 a
540 1148 717 1204 Vossii
742 1151 1037 1215 sententia,
1059 1150 1151 1219 qui
1182 1150 1386 1205 ibidem
1411 1154 1769 1207 secretarium
1796 1156 2157 1226 pontiﬁcium,
2183 1162 2430 1220 maxima:
2479 1168 2906 1227 existimationis
2940 1148 3316 1247 ac'dignitatis
3350 1184 3493 1241 inter

256 1239 665 1298 ecclesiasticos
692 1242 894 1310 virum,
922 1260 1049 1300 eum
1073 1242 1254 1299 scriba
1304 1259 1401 1299 seu
1430 1246 1778 1309 amanuensi.
1803 1246 1988 1307 servili
2018 1253 2309 1322 mancipio,
2346 1265 2406 1311 ut
2433 1258 2505 1312 ita
2533 1260 2732 1326 dicam,
2757 1264 3064 1324 confundit.
3088 1269 3220 1336 Quis
3248 1273 3488 1342 tandem,

261 1340 323 1387 ut
356 1333 410 1387 id
435 1349 652 1405 quoque
681 1336 862 1391 obiter
887 1337 1230 1399 admoneam,
1267 1334 1394 1391 sine
1455 1336 1739 1391 stomacho
1774 1337 1914 1410 leget
1937 1337 2202 1397 Thomam
2233 1344 2451 1403 Rivium
2493 1350 2546 1405 in
2579 1351 2871 1411 Justiniani
2948 1333 3266 1419 defensione
3295 1333 3487 1423 contra

258 1430 643 1501 Alemannum,
676 1435 767 1503 qui
800 1432 1074 1490 Vaticana:
1100 1432 1452 1489 bibliotheca:
1478 1432 1786 1497 custodem,
1818 1449 2017 1493 munus
2050 1447 2108 1492 et
2138 1440 2403 1511 dignitate
2445 1460 2566 1507 sua.
2600 1459 2658 1503 et
2714 1451 3004 1506 custodum
3058 1455 3282 1524 virtute,
3322 1468 3488 1530 atque

259 1525 513 1581 doctrina
545 1529 941 1598 amplissimum
977 1527 1518 1600 pulcherrimumque
1577 1526 1811 1598 maligne
1864 1528 2182 1599 admodum,
2215 1535 2280 1589 de
2307 1537 2701 1606 pulverizandis
2740 1544 3074 1602 Bibliotltecte
3118 1525 3486 1608 Vaticanus-li-

262 1619 371 1673 bris
400 1636 610 1690 operam
641 1638 838 1677 navare
865 1621 1099 1679 scribit?

263 1842 3251 1879 ———————————————_____.____________________

1341 2084 1848 2179 NOTITIA
1918 2076 2415 2182 ALTERA.

465 2306 665 2370 (Christ.
692 2307 829 2357 ‘Frld.
856 2282 1160 2369 Boernerus,
1188 2310 1254 2361 De
1272 2307 1431 2360 doctis
1452 2306 1725 2363 horninibus
1753 2290 1936 2361 Graecis
1971 2308 2244 2362 litterarum
2260 2316 2547 2367 Grmrtun
2572 2320 2619 2366 in
2644 2316 2798 2368 ludia
2818 2316 3265 2385 instaurator-ibus.)

315 2701 605 2772 Georgius,
629 2716 656 2754 a
680 2700 1025 2770 Trapezunte
1047 2698 1335 2761 oriundus,
1365 2706 1525 2754 natus
1568 2711 1654 2754 est
1691 2699 1747 2753 in
1799 2700 1973 2765 Creta.
2001 2715 2145 2754 anno
2172 2703 2354 2756 saeculi
2386 2703 2569 2771 quarti
2600 2702 2813 2759 decimo
2842 2716 2995 2763 sexto
3020 2718 3076 2763 et
3106 2713 3479 2782 nonagesimo.

247 2794 458 2851 Relicta
490 2794 687 2864 patria,
714 2794 768 2847 in
798 2793 1010 2848 Italiam
1042 2793 1193 2848 venit
1226 2808 1292 2847 eo
1322 2793 1547 2847 circiter
1578 2803 1848 2859 tempore,
1879 2809 1990 2862 quo
2019 2793 2293 2865 Eugeniae
2328 2797 2396 2853 ιν
2435 2798 2629 2853 inierat
2662 2800 3059 2868 pontiﬁcatum.
3106 2805 3239 2860 Nam
3271 2807 3484 2879 aliquot

246 2892 322 2945 ibi
351 2902 473 2946 cum
497 2891 609 2961 jam
639 2898 883 2943 moratus
909 2896 1054 2943 esset
1086 2901 1280 2952 annos,
1306 2887 1375 2941 ad
1398 2888 1670 2944 Joannem
1702 2889 2085 2959 Palaologum,
2134 2890 2519 2959 imperatorem
2540 2894 3203 2968 Constantinopolitanum
3246 2904 3314 2958 de
3353 2920 3484 2975 pro-

246 2988 488 3043 iectione
518 2986 583 3041 ad
618 2984 910 3042 concilium
934 2983 1312 3047 ‘Ferrariense,
1343 2992 1527 3051 spreto
1550 2982 1867 3049 Basilcensi,
1897 2983 2262 3054 suscipienda,
2294 2985 2505 3040 litteras
2536 2987 2707 3045 dedit.

313 3080 535 3151 Lingua:
589 3078 796 3133 Latium
856 3079 1113 3149 magistro
1172 3091 1305 3131 usus
1361 3076 1643 3131 Victorino
1696 3076 1985 3142 Feltrensi,
2055 3077 2272 3134 scholas
2318 3081 2697 3177 complurist
2754 3086 2895 3141 locis
2945 3089 3161 3177 aperuit
3216 3091 3476 3161 quidem,

244 3178 512 3235 nusquam
542 3167 786 3234 gentium
820 3173 1002 3218 autem
1030 3162 1240 3218 ﬁrmam
1272 3176 1338 3216 ac
1366 3162 1619 3217 stabilem
1651 3164 1987 3218 fortunarum
2030 3174 2225 3221 nactus
2254 3177 2338 3222 est
2377 3168 2585 3224 sedem.
2616 3169 2858 3227 Venetiis
2882 3168 3117 3243 primum
3140 3218 3155 3245 ,
3191 3183 3478 3240 conatibus

245 3254 420 3323 ipsius
471 3252 687 3307 favente
742 3250 943 3307 illustri
990 3260 1244 3305 senatore
1297 3247 1588 3303 Francisco
1650 3249 1912 3317 Barbare,
1978 3268 2118 3322 quas
2172 3254 2497 3313 Franciscus
2543 3258 2861 3330 Philelphus
2917 3279 2980 3320 ea
3041 3265 3096 3320 in
3136 3271 3275 3325 urbe
3312 3273 3477 3341 paulo

240 3359 370 3404 ante
398 3350 689 3414 docuerat,
714 3349 929 3404 litteras
962 3346 1246 3418 professus
1272 3354 1356 3401 est
1384 3345 1619 3400 Cumas.

311 3437 431 3503 Quo
480 3436 662 3492 ofﬁcio
709 3451 835 3491 cum
882 3436 1090 3506 aliquot
1126 3433 1347 3489 functus
1389 3440 1538 3487 esset
1602 3447 1796 3497 annos,
1855 3433 2092 3489 Venetiis
2148 3434 2375 3492 Romam
2434 3435 2783 3509 demigravit,
2842 3440 3052 3513 ibique,
3126 3445 3357 3517 Eugenii
3405 3450 3470 3506 IV

244 3532 305 3586 Β.
341 3530 399 3584 P.
424 3531 703 3599 auspiciis,
742 3530 1008 3585 doctrina:
1040 3544 1152 3585 suae
1173 3528 1384 3599 copiam
1415 3526 1539 3582 iecit
1570 3527 1710 3592 aliis,
1736 3527 2000 3585 tradendo
2029 3540 2200 3585 artem
2234 3530 2450 3588 dicendi
2480 3542 2535 3588 et
2553 3534 2970 3606 philosophandi
2998 3540 3278 3597 scientiam
3309 3544 3475 3617 idque

241 3638 351 3681 tant
385 3626 530 3681 felici
562 3625 763 3681 laboris
790 3640 1049 3682 successu
1092 3635 1151 3680 ut
1178 3624 1481 3694 permultos
1509 3623 1737 3679 haberet
1767 3624 2082 3692 auditores,
2128 3638 2182 3681 ct
2210 3643 2276 3682 ex
2305 3629 2424 3701 eius
2468 3630 2758 3698 disciplina
2800 3633 2901 3689 viri
2941 3635 3244 3693 doctissimi
3290 3644 3475 3710 prodi-

239 3730 384 3775 rcnt.
441 3721 549 3776 llos
602 3720 821 3788 Georgii
882 3730 1112 3775 conatus
1151 3720 1243 3789 qui
1306 3719 1373 3774 ad
1425 3720 1641 3790 ingenia
1693 3719 1959 3776 doctrinis
2017 3723 2318 3779 excolenda
2366 3725 2776 3799 referebantur,
2812 3731 3037 3806 Eugenii
3083 3750 3209 3809 post
3260 3740 3471 3797 obitum

235 3814 489 3873 Nicalans
520 3817 559 3871 ν
600 3815 839 3887 pontifex
866 3815 1125 3871 suﬁeetus
1147 3852 1164 3879 .
1198 3814 1470 3884 stipendio
1490 3812 1805 3871 liberaliter
1833 3816 2131 3873 constituto
2154 3859 2170 3885 ,
2207 3818 2376 3890 juvit,
2406 3830 2457 3877 et
2506 3822 2683 3892 ipsum
2714 3827 2975 3898 dignitate
3003 3844 3223 3892 auctum
3252 3838 3320 3892 ab
3351 3843 3470 3909 cpi-

226 3902 389 3956 stolis
416 3918 538 3957 esse
591 3903 800 3968 voluit;
840 3911 953 3955 tum
1022 3916 1150 3954 vero
1188 3902 1238 3954 id
1278 3901 1555 3972 negotium
1599 3902 1651 3957 ei
1711 3902 1862 3957 dedit
1920 3912 1979 3957 ut
2031 3908 2509 3975 praestantissimos
2550 3911 2724 3969 libros
2762 3913 2978 3973 Graecos
3018 3919 3210 3978 Latina
3249 3901 3470 3982 civitate

230 3988 482 4043 donaret.
515 3988 645 4055 Quae
671 4000 851 4043 tamen
872 3987 1087 4058 Georgii
1115 3988 1333 4041 fortuna
1374 4003 1568 4058 parum
1608 3990 1710 4044 sibi
1742 3990 2006 4056 constitit,
2034 4002 2090 4046 et
2116 3993 2294 4049 subita
2325 4010 2508 4052 rerum
2546 4003 2906 4060 conversione
2927 4006 3148 4075 defecit,
3179 4011 3389 4070 oll‘ensa
3414 4017 3468 4070 in

227 4090 355 4128 cum
385 4092 494 4128 non
526 4078 596 4131 ita
624 4076 791 4130 multo
829 4083 948 4145 pust
969 4075 1239 4143 pontiﬁcis
1275 4074 1578 4130 voluntate.
1610 4077 1763 4141 Quod
1803 4079 1847 4131 si
1876 4079 2067 4147 ipsius
2108 4085 2419 4139 testimonio
2478 4086 2731 4142 standum
2796 4089 2959 4160 foret,
2998 4074 3268 4164 pontiﬁcis
3327 4102 3467 4157 iram

225 4160 282 4214 in
319 4177 377 4215 se
412 4164 725 4228 concitavit,
756 4174 811 4218 et
869 4163 1094 4232 gratiam
1122 4177 1284 4230 quam
1323 4163 1468 4231 apud
1513 4178 1636 4217 eum
1679 4164 1876 4219 inierat
1918 4164 2113 4221 etfudit
2165 4183 2382 4223 omnem
2437 4186 2504 4227 eo
2550 4175 2696 4244 quod
2738 4160 3014 4236 confectas
3066 4199 3097 4238 a
3147 4200 3205 4241 se
3246 4186 3466 4244 Patrum

223 4258 587 4326 quorumdam
640 4270 695 4314 et
748 4264 1198 4335 philosophorum
1259 4266 1574 4322 Graecorum
1626 4268 2113 4337 interpretationes
2157 4273 2377 4328 Latinas
2408 4276 2474 4330 ad
2527 4276 2664 4334 alios
2699 4281 2964 4350 quosdam
3001 4286 3191 4342 referri
3226 4290 3469 4345 noluerit

220 4366 497 4412 auctores.
531 4358 599 4410 At
623 4358 905 4415 enimvero
960 4363 1112 4416 nullo
1144 4361 1408 4417 credibile
1440 4373 1525 4418 est
1564 4364 1746 4428 Inodo,
1785 4367 1889 4421 tale
1920 4366 2049 4437 quid
2086 4369 2397 4437 postulasse
2428 4374 2780 4442 pontiﬁcem;
2820 4378 2950 4446 quin
2982 4382 3166 4449 potius
3189 4384 3465 4452 pontifex,

221 4449 315 4503 ubi
351 4447 776 4520 Trapezuutium
826 4454 1011 4508 minus
1044 4455 1234 4510 dextre
1271 4455 1443 4511 libros
1478 4457 1601 4513 illos
1633 4456 1853 4513 Gratcos
1902 4458 2092 4514 Latine
2130 4462 2492 4529 convertisse,
2524 4480 2591 4518 ex
2628 4466 2839 4523 idoneis
2868 4447 3135 4540 com—perit
3179 4447 3461 4530 existima-

221 4544 489 4610 tionibus,
547 4551 983 4620 arrogatttiaeque
1048 4559 1104 4603 et
1179 4550 1369 4608 livoris
1424 4553 1642 4622 plenum
1696 4552 1875 4623 ipsius
1934 4555 2213 4626 ingenium
2268 4558 2545 4628 cognovit,
2598 4560 2782 4615 odium
2831 4564 2885 4618 in
2951 4579 3079 4620 eum
3139 4569 3467 4639 concepisse

214 4637 455 4693 videtur.
2852 4707 2857 4710 .

282 4729 533 4787 IEmulos
559 4733 1012 4808 adversariosque
1042 4740 1354 4809 complures
1383 4739 1650 4811 Georgius
1680 4741 1870 4797 habuit
1904 4744 2110 4807 Romm,
2144 4758 2246 4798 nec
2271 4758 2395 4799 cum
2420 4745 2711 4802 Theodoro
2731 4750 2872 4804 Gaza
2897 4752 3097 4819 solum,
3135 4757 3229 4826 qui
3265 4757 3467 4814 humaw

212 4830 387 4883 nitate
416 4830 774 4900 doctrinaque
800 4832 981 4903 ipsum
1009 4835 1325 4903 praestabat,
1364 4834 1417 4888 in
1443 4835 1723 4920 simultate
1765 4838 1890 4905 fuit,
1922 4838 2017 4894 sed
2054 4854 2180 4893 cum
2226 4838 2529 4895 Laurentio
2586 4842 2735 4897 Valla
2781 4846 2969 4912 etiam,
3000 4860 3360 4920 posteaquam
3413 4857 3464 4911 is

198 4920 539 4988 Quintiliani
566 4925 1301 4994 susceperatdefensionem,
1333 4942 1400 4982 eo
1428 4912 1648 4982 nomine
1678 4931 1982 4985 contendit.
2014 4930 2309 5002 Aliquanto
2338 4943 2466 4987 ante
2508 4949 2671 5004 quam
2704 4936 3122 5009 Urbecederet,
3155 4945 3211 4997 in
3240 4946 3465 5000 theatro

210 5015 482 5086 Pompeii,
519 5031 642 5071 cum
668 5018 862 5074 tabula:
895 5019 1186 5089 pontiﬁciae
1220 5032 1645 5077 recenserentur
1667 5032 1723 5077 et
1749 5026 1944 5081 scribae
1977 5012 2115 5079 adeo
2156 5026 2432 5096 pontiﬁcis
2461 5043 2654 5085 omnes
2689 5033 2969 5101 adessent.
3001 5036 3117 5107 ipse
3139 5049 3195 5094 et
3222 5042 3466 5115 Poggius»

210 5109 563 5165 Florentinus
589 5110 841 5165 illiberali
871 5113 1123 5181 exemplo
1163 5113 1307 5166 inter
1348 5129 1407 5168 se
1456 5114 1833 5171 decertarent.
1871 5116 2009 5171 Cum
2046 5115 2281 5189 Poggius
2310 5120 2491 5176 verbis
2529 5123 2686 5179 valde
2724 5130 3135 5186 contumeliosis
3164 5109 3457 5191 lacesseret

206 5203 659 5274 Trapezuntium,
693 5206 784 5260 hic
810 5206 1136 5262 verberibus
1158 5208 1585 5263 conviciatorem
1623 5214 1989 5267 coercendum
2021 5217 2251 5283 putavit,
2289 5214 2557 5287 illumque
2582 5220 2813 5289 colapho
2840 5227 3008 5280 semel
3053 5238 3219 5298 atque
3251 5230 3456 5305 iterum

206 5301 508 5369 percussit.
558 5300 747 5354 Micam
805 5302 1101 5356 verborum
1143 5317 1267 5357 cum
1326 5304 1658 5361 verberibus
1717 5311 2203 5365 commutationem
2259 5321 2526 5368 memorat
2570 5314 2800 5383 Jovius,
2842 5321 3202 5395 eamdemque
3250 5300 3457 5399 Ροεςῶ

204 5393 502 5463 exprobrat
526 5393 686 5448 Laur.
709 5394 880 5448 Valla.
912 5395 980 5449 At
1008 5396 1156 5451 enim
1187 5396 1421 5466 Poggius
1459 5400 1940 5467 exprobrationem
1972 5402 2111 5459 hanc
2145 5404 2199 5458 in
2254 5405 2493 5461 ludibria
2522 5410 2709 5473 vertit,
2760 5426 2938 5481 neque
2969 5393 3143 5470 solum
3177 5393 3450 5490 colaphis,

207 5485 306 5540 sed
336 5486 600 5554 calcibus,
637 5486 896 5552 fustibus,
931 5488 1099 5555 ferro,
1134 5503 1248 5542 rem
1290 5500 1463 5544 actam
1501 5491 1693 5559 fuisse,
1724 5503 1932 5559 narrat,
1973 5503 2028 5550 et
2061 5495 2288 5565 Vallem,
2318 5509 2575 5568 tanquam
2609 5502 2946 5571 manipulum
2974 5505 3157 5561 furum
3190 5485 3448 5579 quo‘vut-

206 5590 336 5631 nera
362 5576 722 5648 abstergeret,
755 5580 822 5634 ad
860 5592 1136 5637 certamen
1172 5590 1279 5636 tam
1312 5592 1467 5637 atrox
1492 5598 1600 5638 non
1631 5584 1936 5641 accurrisse
1968 5586 2221 5643 miratur.

277 5667 430 5736 $a:pe
457 5671 795 5739 multumque
836 5669 1235 5742 Trapezuntius
1271 5672 1457 5728 Romae
1486 5674 1538 5727 in
1574 5674 1786 5731 uadibus
1811 5676 2150 5734 Bessarionis
2186 5680 2526 5748 versabatur,
2569 5693 2625 5739 et
2652 5684 2702 5739 in
2751 5688 2959 5745 circulo
2993 5690 3444 5751 doctissimorum
