3880 6220
416 385 432 398 ·
493 357 598 421 767
1356 342 1379 355 ‘
1646 348 1994 410 ‘GEORGlI
2037 345 2563 408 'IltAPEZUNTll
3572 353 3648 417 ηδε

494 473 804 529 hominum,
836 473 945 519 tam
979 463 1291 530 Grmcorum
1326 476 1487 532 quam
1508 458 1851 536 Latinorum,
1887 461 1977 530 qui
2019 458 2085 512 ad
2124 459 2265 514 hanc
2301 471 2578 512 musarum
2612 456 2796 513 sedem
2830 457 3022 528 quovis
3057 456 3147 514 die
3181 472 3385 529 semper
3412 464 3648 533 conspicie-

494 562 681 616 batur.
713 559 1099 615 Verumtamen
1154 555 1354 609 summi
1389 552 1514 619 viri,
1551 564 1607 608 et
1649 553 1965 607 communis
1991 548 2303 606 Graecorum
2354 551 2606 604 exsulum
2648 550 2887 620 patroni,
2930 549 3172 604 animum
3199 551 3348 619 plane
3401 551 3541 608 rebus
3571 559 3651 610 suis

499 652 848 714 abalienavit,
877 665 998 703 cum
1042 648 1243 702 librum
1280 646 1544 702 edidisset
1581 645 1806 715 plenum
1854 642 2181 714 probrorum
2240 651 2404 711 atque
2458 642 2945 706 contumeliarum,
2999 643 3200 712 quibus
3246 641 3467 699 Platonis
3507 645 3652 701 famam

496 748 794 809 lacerabat,
830 756 905 809 ut,
936 745 1195 813 depressa
1228 744 1364 798 tanti
1404 742 1668 813 sapientis
1694 740 2048 804 auctoritate,
2082 738 2388 803 Aristoteli,
2414 738 2571 809 cujus
2595 752 2717 793 sese
2746 738 3011 793 asseclam
3039 736 3405 807 proﬁtebatur,
3449 752 3653 796 assereret

504 839 892 912 principatum.
918 836 1054 891 Cum
1084 846 1266 891 autem
1297 835 1584 890 Bessarion
1627 834 2015 903 philosophum
2047 846 2211 902 quem
2244 832 2300 887 in
2333 831 2510 886 oculis
2542 830 2775 894 ferebat,
2806 830 3071 886 conviciis
3099 831 3242 886 illius
3265 830 3512 899 proscindi
3538 833 3653 888 iutel.

498 932 713 1001 ligcrct,
766 931 845 985 rei
890 939 1068 985 mutus
1114 931 1459 998 indignitate,
1502 928 1671 982 libros
1709 926 1919 996 aliquot
1956 940 2053 995 pro
2107 925 2435 980 vindicanda
2486 924 2730 979 Platonis
2755 924 2930 995 gloria
2958 920 3224 979 adversus
3276 924 3648 980 calumniatorem

505 1027 623 1095 ejus
652 1038 811 1095 quem
873 1023 1089 1076 vocavit
1146 1020 1601 1091 Trapezuntium,
1629 1018 1872 1088 scripsit.
1904 1017 2059 1084 Quos
2090 1017 2311 1086 quidem
2352 1016 2515 1086 plane
2555 1016 2804 1086 egregios
2843 1024 2900 1070 et
2934 1024 2993 1069 ut
3022 1016 3074 1069 in
3100 1023 3284 1070 nostra
3313 1015 3375 1069 de
3412 1014 3657 1070 Bessarione

504 1121 746 1174 diximus
798 1118 1287 1180 commentatione,
1340 1132 1556 1170 onmem
1606 1114 1852 1170 Platonis
1890 1114 2223 1177 doctrinam,
2264 1112 2458 1166 limato
2508 1109 2919 1166 commentandi
2965 1124 3187 1179 genere,
3248 1108 3531 1178 complexos
3572 1124 3658 1163 cum

507 1232 722 1279 omnes,
763 1216 965 1285 quibus
1014 1214 1131 1269 ha‘c
1155 1213 1382 1267 ﬂorebat
1406 1223 1563 1276 aetas,
1594 1211 1798 1267 eruditi
1825 1209 2209 1283 collaudarent
2234 1207 2454 1273 eximie,
2479 1217 2536 1261 et
2567 1205 3047 1261 vehementissime
3077 1205 3499 1275 comprobarent,
3524 1218 3661 1274 graves

501 1306 903 1376 Trapezuntius
938 1304 1261 1359 temeritatis
1289 1318 1401 1358 sua:
1434 1318 1623 1373 pmnas
1651 1302 1824 1368 dedit,
1855 1312 1911 1356 et
1947 1301 2179 1371 publica:
2209 1301 2429 1358 invidiae
2454 1300 2715 1358 incendio
2741 1303 3118 1373 conﬂagravit.

492 1441 502 1449 .
569 1401 855 1471 Georgius.
891 1410 1177 1470 postquam
1226 1399 1279 1453 in
1315 1399 1524 1459 odium.
1569 1398 1935 1453 oil'ensionem
1974 1397 2248 1467 pontificis
2302 1398 2594 1463 inciderat,
2645 1399 2927 1469 Neapolim
2967 1413 3090 1455 sese
3134 1397 3383 1458 contulit.
3422 1394 3655 1471 perfugiuu

501 1494 780 1564 praebente
811 1494 1113 1563 Alphonso,
1145 1495 1481 1563 Arragonum
1514 1492 1935 1561 Siculorumque
1964 1507 2110 1561 rege,
2135 1491 2229 1560 qui
2251 1491 2513 1547 doctrina:
2535 1506 2698 1562 quam
2727 1496 2966 1553 amabat.
2989 1492 3175 1547 studio
3198 1489 3498 1544 conciliatus
3520 1486 3662 1543 exsuti.

501 1588 648 1655 ejus.
684 1586 737 1639 in
774 1585 934 1639 ﬁdem
959 1584 1380 1651 clientelamque
1419 1583 1649 1654 recepti,
1686 1583 1927 1654 inopiam
1962 1584 2299 1654 perbenigne
2346 1582 2679 1647 sublevavit,
2736 1593 2794 1639 et
2840 1585 3072 1640 honesto
3120 1581 3410 1637 constituto
3454 1577 3657 1649 stipendio

502 1677 679 1747 ipsum
710 1686 765 1732 et
821 1677 1083 1732 familiam
1142 1692 1361 1730 omnem
1406 1676 1543 1741 aluit
1595 1680 1679 1730 ac'
1710 1676 2062 1732 sustentavit.
2116 1674 2411 1731 Francisco
2451 1676 2738 1746 Pbilelpho
2781 1676 2925 1746 apud
2957 1674 3244 1732 Nicolaum
3271 1671 3550 1742 pontificem
3594 1681 3662 1737 pro

505 1774 628 1843 ipso
665 1771 1041 1828 intercedente
1064 1811 1080 1836 ,
1111 1771 1341 1824 Ruinam
1372 1771 1500 1826 inde
1536 1768 1804 1824 redeundi
1836 1769 1887 1822 ei
1922 1769 2063 1824 facta
2088 1779 2173 1824 est
2208 1779 2467 1840 potestas.

575 1865 736 1918 Anno
788 1866 974 1920 saeculi
1004 1865 1179 1935 quinti
1211 1863 1407 1920 decimi
1454 1863 1649 1932 quinto
1679 1871 1736 1917 et
1783 1862 2148 1932 sexagesimo,
2182 1861 2587 1932 Trapezuntius
2617 1863 2673 1918 in
2718 1863 2933 1920 Cretam
2983 1861 3223 1931 indeque
3257 1855 3539 1930 Byzantium
3578 1850 3659 1908 nati

506 1956 785 2021 profectus
825 1967 911 2013 cst
942 1966 999 2011 et
1030 1959 1255 2028 trajecto
1296 1955 1430 2010 mari
1461 1954 1693 2008 Romam
1730 1946 2033 2020 revertens,
2064 1955 2183 2025 ejus
2214 1953 2426 2009 itineris
2451 1955 2665 2026 insigne
2702 1956 2888 2025 posuit
2915 1962 3348 2008 monumentum.
3387 1947 3550 2004 Paucis
3564 1945 3657 1998 enim

507 2052 788 2105 mensibus
822 2061 950 2107 ante
986 2069 1160 2122 quam
1199 2052 1410 2106 Novam
1442 2050 1592 2104 illam
1635 2048 1863 2103 Romam
1896 2047 2088 2112 iniret,
2125 2064 2177 2101 tv
2205 2046 2475 2103 Kalendas
2498 2049 2690 2103 lunias
2723 2049 2778 2103 in
2808 2047 2901 2102 illa
2941 2047 3080 2101 urbe
3107 2043 3324 2116 juvenis
3368 2039 3574 2112 quidam.
3604 2035 3658 2091 cli

504 2156 705 2198 nomen
741 2145 974 2200 Andreae
1002 2120 1142 2210 erat,
1173 2145 1351 2216 patria
1383 2143 1585 2205 Chius,
1623 2141 1974 2197 acerbissimo
2006 2142 2283 2196 cruciatus
2314 2156 2512 2211 genere
2542 2140 2795 2205 aﬂ'ectns,
2828 2120 3157 2201 necabatur,
3188 2139 3327 2204 quod
3362 2151 3390 2188 a
3433 2130 3657 2207 Ctr’ristjm

507 2239 774 2309 religione
802 2238 870 2292 ad
896 2236 1447 2292 Muhammedismum
1474 2234 1779 2291 desciscere
1806 2234 1994 2289 nollet.
2017 2231 2171 2299 Quod
2201 2234 2295 2288 ubi
2328 2233 2731 2302 Trapezuntius
2750 2249 2781 2288 a
2804 2234 2987 2288 nautis
3012 2230 3323 2302 Byzantinis
3353 2228 3546 2283 relatum
3564 2237 3661 2279 acet-

511 2336 709 2404 piasct,
736 2332 1025 2401 ipsumque
1056 2338 1242 2399 postea
1275 2327 1517 2381 hominis
1554 2324 1829 2381 interfecti
1856 2339 2057 2393 corpus
2093 2323 2367 2394 integrum
2392 2326 2574 2382 adhuc
2605 2333 2658 2380 et
2691 2324 3075 2395 incorruptum
3116 2322 3318 2379 Galatae
3348 2320 3658 2391 conspexit-et.

503 2428 803 2491 cruciatus,
845 2441 986 2496 quos
1037 2426 1171 2490 ille,
1201 2424 1341 2479 nihil
1375 2432 1578 2479 mutata
1625 2437 1751 2494 erga
1799 2420 2145 2476 Servatorem
2186 2422 2454 2490 optimum
2506 2422 2633 2487 title,
2681 2436 3006 2492 summaque
3056 2419 3382 2483 constantia,
3428 2414 3663 2487 pertulerat.

503 2525 671 2578 redux
706 2523 899 2582 factus.
940 2520 992 2574 in
1021 2528 1339 2589 perpetuam
1383 2518 1458 2572 rei
1493 2527 1658 2586 gestae
1696 2515 2044 2580 memoriam,
2068 2514 2270 2570 litteris
2304 2515 2667 2585 consignavit.

572 2620 986 2689 Ingravescente
1036 2626 1214 2681 aetate,
1263 2614 1463 2669 accidit
1497 2613 1888 2682 Trapezuntio,
1949 2610 2097 2681 quod
2136 2611 2327 2667 multis
2368 2613 2688 2669 clarissimis
2723 2612 2876 2674 viris.
2910 2629 2977 2669 ex
3029 2613 3233 2685 priscis
3266 2609 3480 2668 maxime
3506 2603 3666 2664 Orbilio,

503 2713 709 2770 celebri
742 2713 1098 2781 grammatico
1127 2710 1390 2772 Messalae,
1421 2725 1639 2763 summo
1667 2708 1872 2763 oratori
1904 2717 1962 2761 et
1997 2709 2452 2776 praestantissimo
2477 2710 2552 2765 illi
2576 2711 2857 2781 sophistas,
2887 2710 3238 2783 Hermogcni,
3281 2717 3356 2771 ut,
3388 2707 3508 2760 facta
3529 2713 3667 2757 meno.

508 2809 605 2860 ria-
634 2807 869 2876 jactura.
914 2806 1246 2865 litterarum,
1319 2802 1600 2872 ipsiusque
1663 2802 1903 2856 nominis
1957 2801 2040 2856 sui
2081 2802 2301 2871 penitus
2354 2802 2792 2858 oblivisceretur.
2829 2803 2946 2858 Etsi
2990 2805 3047 2859 in
3088 2814 3323 2859 mentem
3360 2799 3508 2859 venit,
3533 2796 3669 2849 subre-

506 2898 639 2964 reri,
678 2914 745 2953 ne
773 2897 918 2967 quod
947 2897 1105 2952 Gave
1131 2893 1355 2950 evenire
1382 2894 1777 2962 comperimus,
1805 2893 1944 2947 vitio
1976 2892 2280 2953 memoriae.
2301 2891 2536 2963 Georgio
2564 2895 2873 2962 tribuatur;
2897 2904 3030 2949 sunt
3060 2906 3262 2957 tamen,
3287 2894 3374 2963 qui
3395 2887 3668 2947 contendunt.

503 3006 690 3047 senem
724 3001 991 3054 nostrum,
1026 3004 1151 3043 cum
1206 3003 1305 3056 pro
1345 2986 1548 3055 ingenii
1583 3001 1684 3039 suo
1726 2983 2098 3049 monimentis,
2140 2998 2239 3053 spe
2282 2985 2523 3055 ingentis
2581 2988 2813 3056 praemii,
2854 3003 3075 3043 summo
3115 2986 3352 3058 pontiﬁci
3398 2979 3669 3051 nuncupatis.

506 3087 575 3140 ab
611 3084 713 3137 hoc
742 3083 889 3139 solos
916 3092 1141 3137 centum
1191 3075 1446 3136 nummos
1480 3094 1681 3132 aureos
1724 3079 2049 3146 accepisset,
2079 3076 2295 3147 ingrato
2323 3078 2483 3134 istius
2525 3082 2709 3135 animo
2734 3080 3031 3148 oﬂ‘ensum,
3084 3082 3234 3138 illico
3263 3094 3440 3136 aurum
3474 3091 3527 3137 cx
3553 3079 3667 3145 Ρουιθ

505 3181 650 3238 Ailio
683 3184 735 3237 in
767 3168 1012 3237 Tiberim
1043 3180 1332 3250 abjccissc,
1368 3189 1426 3233 et
1449 3176 1611 3231 simul
1644 3174 2120 3245 indignabundum
2158 3175 2361 3231 dixisse
2396 3191 2410 3229 :
2442 3173 2663 3232 Periere
2695 3176 2930 3242 labores,
2979 3189 3173 3249 pereat
3213 3187 3269 3234 et
3312 3190 3485 3233 eorum
3526 3171 3672 3240 ingrata

509 3293 751 3343 merces;
788 3277 1095 3346 all‘ectoque
1131 3291 1251 3330 eam
1274 3275 1486 3334 ob.rem
1527 3273 1711 3328 animo
1746 3273 1798 3326 in
1832 3273 2111 3328 miseriam
2143 3272 2300 3328 istam
2333 3273 2618 3329 incidisse.
3648 3332 3654 3343 ,

578 3375 654 3429 lta
675 3390 803 3429 vero
832 3374 1253 3444 Trapezuntios,
1285 3373 1458 3426 fracto
1482 3370 1648 3425 animi
1686 3370 1883 3424 robore
1909 3370 2328 3438 elanguescens,
2355 3385 2420 3424 eo
2442 3371 2766 3425 calamitatis
2798 3370 3177 3442 redigebatur,
3205 3381 3263 3426 ut
3283 3369 3511 3425 omnibus
3536 3371 3673 3431 τεριιοο

504 3460 721 3522 rasccsc
749 3468 1051 3521 videretur.
1079 3464 1234 3536 Saepe
1259 3465 1621 3534 multumque,
1655 3478 1780 3518 cum
1815 3460 2000 3517 Romae
2038 3462 2106 3516 ad
2137 3462 2309 3518 aedem
2346 3463 2603 3519 Minervae
2661 3464 2954 3531 habitaret,
3006 3468 3159 3521 solus
3187 3480 3281 3537 per
3308 3465 3480 3519 urbem
3514 3450 3670 3512 sordido

504 3573 561 3615 et
589 3562 779 3616 attrito
813 3562 1032 3632 palliolo
1075 3561 1309 3615 amictus
1347 3558 1771 3630 geniculatoque
1822 3558 2072 3628 scipione
2119 3558 2212 3628 qui
2259 3559 2567 3614 vacillantis
2620 3558 2822 3628 gradus
2853 3561 3179 3627 sustineret,
3213 3560 3419 3615 innixus
3445 3545 3670 3612 inambnlr

505 3653 602 3708 vit.
630 3653 871 3708 Tandem
934 3667 1085 3718 vero,
1139 3651 1328 3707 multis
1392 3652 1692 3722 arduisque
1742 3654 2065 3723 perfunctus
2129 3652 2397 3708 molestiis
2451 3664 2508 3708 et
2565 3655 2988 3721 certaminibus,
3018 3673 3194 3712 annos
3238 3656 3502 3723 nonaginta
3545 3652 3669 3700 ιηιυδι

505 3759 660 3806 sexto
681 3759 738 3804 et
771 3750 1106 3819 octogesimo
1124 3749 1301 3819 quinti
1345 3747 1546 3804 decimi
1572 3748 1756 3804 sreculi
1781 3764 1947 3813 anno,
1974 3749 2277 3818 acquievit.

575 3845 763 3917 Neque
800 3846 1120 3916 ingenium;
1134 3860 1234 3900 nec
1261 3844 1590 3912 doctrinam,
1631 3860 1731 3901 nec
1769 3844 2037 3910 studium,
2067 3845 2506 3916 industriamque
2535 3845 2590 3901 in
2623 3846 2993 3917 Trapezuntio
3025 3847 3301 3912 desidero;
3328 3851 3530 3911 agnosco
3548 3840 3671 3887 tam“

505 3939 712 4009 aliquid
737 3941 879 4008 quod
912 3940 967 3992 in
1000 3936 1248 3993 Cretensi
1288 3952 1482 4007 parum
1517 3954 1708 3992 lllll'ol'.
1741 3939 1913 3994 Vetus
1950 3948 2036 3994 est
2066 3938 2288 3994 verbum
2311 3939 2455 4009 quod
2486 3939 2625 3994 dixit
2654 3939 3009 4010 Epimenides
3030 3952 3088 3996 et
3135 3941 3203 3995 ab
3246 3943 3344 3993 hoc
3371 3932 3557 4003 repetiit
3589 3925 3666 3991 ίρδε

506 4028 729 4083 divinus
771 4029 1012 4097 gentium
1074 4028 1290 4094 doctor,
1346 4032 1565 4101 Κρῆτες
1598 4031 1687 4085 ἀεὶ
1736 4031 1967 4099 ψεῦσται
2006 4048 2038 4084 κ

2138 4073 2141 4083 .
2171 4031 2223 4087 λ.
2256 4031 2372 4087 Etsi
2405 4030 2806 4102 Trapezuutius
2840 4046 2962 4088 ortu
3021 4032 3293 4088 Cretensis
3321 4027 3420 4084 dici
3463 4013 3670 4079 Cretensis

510 4125 711 4189 noluit,
755 4125 977 4189 malam,
1015 4125 1161 4194 quod
1215 4124 1320 4179 Lil.
1374 4125 1643 4195 Gyra'dus
1687 4119 1952 4195 cpinatur
2003 4133 2061 4180 ct
2101 4126 2458 4181 inveteratam
2516 4127 2710 4196 patriae
2764 4128 2962 4181 famam
2993 4143 3104 4183 non
3139 4141 3322 4198 parum
3348 4122 3557 4183 veritus;
3589 4121 3671 4165 eam

509 4224 731 4280 nomine
782 4232 988 4288 tamen,
1029 4238 1213 4293 neque
1243 4223 1543 4291 ingenium,
1595 4236 1697 4277 nec
1751 4238 1932 4277 mores
1967 4221 2223 4291 deposuit
2269 4224 2428 4280 facile
2460 4240 2476 4289 ;
2514 4226 2685 4290 vafer,
2717 4225 2762 4281 si
2795 4225 2927 4295 quid
2961 4227 3175 4296 judico,
3221 4220 3479 4282 subdolus,
3504 4224 3549 4267 et
3572 4220 3661 4263 cura

513 4318 747 4374 alterius
770 4316 1042 4400 dede-core
1071 4317 1289 4373 decoris
1310 4329 1593 4388 appetens,
1613 4317 1952 4374 lacessendis
1975 4318 2121 4386 aliis,
2150 4319 2327 4388 iisque
2359 4320 2614 4385 summis,
2642 4331 2950 4390 proruptus,
2972 4323 3175 4377 nimius
3205 4322 3308 4385 sui,
3325 4307 3671 4389 parcusaliorum
3766 4354 3767 4377 η

510 4414 832 4480 admirator,
868 4422 1066 4468 cuncta
1098 4412 1261 4467 modo
1291 4428 1504 4467 summa
1535 4425 1796 4483 expertus
1828 4416 1971 4467 ultra
2007 4415 2174 4468 vires.

582 4502 782 4558 Filium
814 4503 1035 4573 reliquit
1067 4502 1339 4558 Andream
1369 4502 1821 4575 Trapezuutiuni,
1853 4506 1949 4559 sed
1981 4504 2230 4560 doctrina
2275 4515 2429 4576 patre
2464 4506 2622 4577 longe
2653 4505 2989 4561 inferiorem.
3036 4507 3091 4562 ld
3114 4504 3254 4578 quod
3292 4501 3434 4559 facile
3474 4487 3668 4550 omnibus

511 4599 767 4669 apparuit
814 4610 938 4650 cum
971 4596 1146 4667 patris
1191 4598 1278 4652 sui
1327 4597 1793 4653 existimationem
1839 4599 1958 4668 ipso
2005 4598 2185 4653 adhuc
2226 4599 2528 4669 superstite
2577 4600 2843 4654 adversus
2877 4599 3223 4656 Theodorum
3269 4598 3445 4653 Gazam
3479 4579 3668 4643 tuendam

510 4689 859 4760 suscepisset.
885 4690 1074 4758 Neque
1099 4691 1245 4746 enim
1286 4689 1451 4754 Gaza,
1498 4688 1998 4746 transmarinorum
2029 4689 2338 4756 hominum,
2369 4689 2465 4760 qui
2507 4708 2537 4744 e
2569 4690 2778 4745 Graecia
2822 4693 3201 4763 profugerant,
3246 4682 3566 4745 doctissimus,
3600 4669 3669 4763 ﬂii“

512 4787 621 4842 seri
654 4787 885 4854 hujusce
907 4786 1211 4840 adversarii
1245 4786 1467 4854 scriptis
1502 4786 1712 4841 moveri
1740 4800 1799 4840 se
1824 4789 2021 4855 passus
2052 4793 2158 4850 est,
2195 4784 2292 4839 sed
2326 4784 2474 4838 illius
2496 4784 2779 4857 libidinem
2813 4761 3145 4841 criminandi
3170 4785 3370 4856 penitus
3394 4761 3665 4857 contempsii'

529 4882 761 4947 Andreas
785 4879 918 4943 lilia,
958 4888 1094 4933 teste
1121 4878 1303 4942 Jovio,
1333 4867 1598 4934 collocata
1625 4888 1713 4934 est
1742 4854 1941 4933 Fausto
1973 4875 2323 4948 blagdalenas,
2355 4856 2633 4943 Romano,
2663 4887 2837 4947 poetae
2881 4879 3087 4949 lepido,
3122 4854 3213 4948 qui
3239 4869 3474 4944 elegantia
3500 4854 3664 4933 ἰιικευίί.

516 4976 683 5029 Leoni
724 4964 793 5041 X,
821 4976 889 5030 ﬂ.
919 4974 979 5029 Ρ.
1022 4973 1355 5043 percharus,
1402 4975 1468 5029 de
1490 4971 1710 5045 Georgii
1752 4973 2033 5043 prosoccri
2064 4973 2316 5028 doctrina
2339 4982 2395 5027 ct
2428 4971 2609 5026 litium
2640 4973 2941 5027 acerbitate
2975 4974 3144 5029 multa
3172 4981 3379 5027 narrare
3410 4959 3566 5016 solitus
3591 4957 3661 5005 est.

518 5068 987 5123 miserum-autem
1014 5066 1139 5121 vita:
1165 5068 1371 5121 exitum
1399 5068 1612 5131 habuit,
1637 5067 1692 5123 in
1722 5069 2136 5139 eXpugnatione
2171 5068 2346 5132 urbis,
2382 5067 2735 5122 annosamuli
2755 5071 2889 5123 sexti
2923 5069 3123 5124 decimi
3155 5065 3371 5137 septimo
3395 5068 3442 5112 et
3473 5046 3662 5107 vicesimo

514 5164 959 5220 contrucidatns.

583 5284 809 5356 lgnoaus
840 5287 1061 5360 quidam
1086 5297 1279 5344 auctor
1313 5288 1641 5357 ἐπιταφίους
1696 5288 1797 5345 hos
1863 5290 1915 5342 in
1962 5289 2400 5358 'l‘rapezuntium
2462 5309 2656 5349 versus
2696 5295 2935 5366 scripsit,
2974 5309 3111 5364 quos
3148 5286 3332 5345 Bovius
3373 5262 3662 5344 elogioii'g‘”

459 5421 463 5426 ν
516 5384 802 5459 subjunxit
830 5403 846 5442 :

1572 5456 1614 5529 ῌ
1623 5475 1685 5512 ac
1708 5475 1845 5510 urna
1874 5454 2221 5529 Trapezuntii
2242 5459 2520 5529 quiescunt

1562 5527 1774 5599 Georgii
1800 5544 1942 5599 ossa,
1977 5527 2171 5599 parum
2196 5528 2302 5581 diis
2336 5530 2518 5591 amici,

1561 5597 1711 5670 Quod
1738 5598 1850 5651 acri
1883 5608 1931 5650 et
1964 5597 2189 5669 nimium
2229 5599 2444 5666 procaci
2473 5599 2655 5670 lingua

1571 5666 1865 5733 Platonem,
1893 5670 2092 5738 superis
2116 5665 2322 5739 parem,
2352 5665 2554 5735 petivit.
