3880 6220
256 367 369 435 169

1183 365 1284 427 DE
1326 358 1847 424 PROCESSIONE
1884 360 2240 422 SPIRITUS
2280 359 2574 422 SANCTI.

3404 360 3510 424 Ti)

1298 695 2536 915 ΓΕΩΡΓΙΟΥ

1149 1132 2650 1260 ΤΡΑΠΕΖΟΥΝΤΙΟΥ

827 1369 1124 1458 ΠΡΟΣ
1198 1364 1707 1458 ΙΩΑΝΝΗΝ
1785 1369 2014 1454 ΤΟΝ
2087 1362 2986 1452 ΚΟΥΒΩΚΛΗΣΙΟΝ

965 1551 1147 1607 nem
1188 1554 1328 1608 τιιΣ
1363 1551 1886 1622 amomum:

1973 1554 2069 1605 or
2099 1545 2325 1605 ΑΓιοΥ
2359 1506 2830 1604 ηΝεῦΜΑτοΣ.

797 1889 1598 2049 GEORGII
1713 1890 3006 2049 T-RAPEZUNTII

1048 2185 1198 2271 AD
1273 2178 1844 2274 JOANNEM
1932 2179 2583 2269 CUBOCLESI
2615 2180 2778 2270 UM

1147 2383 1266 2442 DE
1308 2381 1898 2446 PROCESSIONE
1934 2381 2325 2444 SPIRITUS
2361 2380 2694 2443 SANCTI.

1205 2552 1284 2613 (ι.
1311 2551 1492 2604 Allatio
1518 2553 1798 2615 interprete
1835 2554 1883 2601 in
1907 2553 2098 2603 Gra’cia
2121 2549 2334 2610 orthod,
2381 2558 2498 2602 tom.
2523 2547 2586 2607 Ι.)

1855 2731 1926 2741 -η

343 2862 415 2920 α’.
444 2865 673 2918 Ὠκνουν
703 2863 803 2934 μὲν
831 2864 1098 2936 πρότερον
1128 2866 1267 2938 πρὸς
1300 2865 1359 2917 σὲ
1390 2864 1645 2934 γράφειν,
1674 2865 1774 2934 τήν
1800 2880 1857 2916 τε
1891 2875 1922 2930 Α

2038 2861 2088 2915 l.
2116 2861 2345 2932 Pigebat
2381 2859 2644 2931 equidem
2682 2865 2739 2911 et
2780 2865 2963 2918 antea,
2999 2867 3052 2912 te
3091 2855 3302 2912 crebris
3339 2853 3545 2910 obtun—

275 2956 375 3025 σὴν
401 2958 526 3026 περὶ
550 2955 619 3009 τὰ
644 2955 1028 3026 θεῖα-σπουδὴν
1054 2957 1232 3021 εἰδὼς,
1257 2959 1353 3011 καὶ
1376 2957 1474 3025 τὴν
1499 2955 1639 3025 ἐμὴν
1662 2958 1719 3008 ὲν
1742 2957 1853 3018 τοῖς

271 3050 483 3116 γηῖνοις
509 3048 766 3117 ἀσχολίαν
785 3063 801 3079 υ
827 3046 921 3102 νῦν
943 3048 1000 3102 δὲ
1020 3051 1046 3101 ὁ
1068 3043 1199 3118 ἐμὸς
1221 3047 1382 3118 δεῦρο
1405 3047 1646 3111 πλεύσας
1669 3048 1854 3119 πατὴρ

271 3139 538 3210 ἀνήγειρέ
569 3156 628 3192 τε
661 3140 754 3193 καὶ
788 3139 1109 3211 παρώξυνεν
1130 3180 1146 3204 ,
1179 3141 1317 3194 ἄλλα
1348 3159 1405 3194 τε
1441 3140 1612 3195 πολλὰ
1645 3140 1816 3194 εἰπὼν
1837 3184 1852 3208 ,

270 3235 368 3287 καὶ
399 3233 480 3284 ὅτι
513 3231 576 3285 σὺ
610 3232 880 3302 γράψειας
908 3232 974 3286 ἂν
1000 3233 1162 3298 εὐθὺς
1193 3234 1331 3305 πρός
1361 3252 1432 3304 με
1463 3234 1593 3304 περὶ
1617 3235 1718 3303 τῆς
1743 3235 1852 3287 τῶν

285 3323 630 3393 Ἑκκλησιῶν
653 3324 944 3393 διαφορᾶς,
974 3323 1027 3377 εἴ
1053 3323 1104 3392 γ’
1129 3323 1239 3393 ἐγὼ
1264 3325 1422 3379 τοῦτο
1449 3326 1665 3394 πρῶτος
1695 3326 1861 3378 ποιοῖ-

273 3436 357 3487 μι.
390 3418 534 3486 Πρὸς
561 3417 770 3480 τούτοις
800 3417 978 3470 δοκεῖν
1012 3418 1197 3487 αὐτῷ,
1229 3418 1396 3488 φησὶν
1416 3458 1430 3481 ,
1466 3418 1532 3470 ἂν
1562 3416 1856 3488 γράμμασι

272 3510 550 3581 συνομιλῶ
582 3528 688 3576 σοι,
718 3509 1054 3580 μεταμαθεῖν
1081 3510 1180 3580 τὴν
1207 3509 1494 3579 ἀλήθειαν,
1522 3502 1590 3579 ἧς
1617 3507 1742 3577 ἐμοὶ
1769 3509 1860 3560 οὗ·

272 3603 363 3657 δὲν
389 3603 740 3672 τιμιώτερον.
768 3603 861 3656 Διὸ
884 3601 963 3671 τῷ
986 3617 1044 3654 τε
1073 3603 1240 3671 πατρὶ.
1264 3601 1344 3672 τῷ
1369 3600 1488 3671 ὲμῴ
1515 3601 1663 3672 ὅρκῳ
1691 3617 1864 3654 owe)-

276 3695 555 3767 μολόγησα
576 3733 594 3760 ,
628 3694 720 3748 καί
754 3712 836 3748 σοι
867 3693 962 3747 νῦν
994 3693 1238 3764 ὄμνυμι,
1275 3694 1532 3763 μάρτυρα
1566 3693 1858 3747 ἐπικαλού-

275 3804 439 3859 μενος
466 3785 703 3858 Χριστὸν
731 3785 964 3855 Ἰησοῦν,
990 3786 1056 3839 ἂν
1082 3785 1192 3856 ἄρα
1215 3783 1328 3838 τισὶ
1352 3785 1555 3852 λόγοις,
1584 3780 1668 3847 οἷς
1695 3784 1859 3848 αὐτὸς

277 3876 450 3942 οἶδας,
477 3878 546 3932 τὰ
572 3877 670 3948 τῆς
697 3877 808 3930 τῶν
838 3875 1092 3946 Γραικῶν
1129 3875 1457 3945 Ἑκκλησίας
1488 3875 1734 3944 δόγματα
1764 3877 1860 3946 τῆς
1904 3925 1907 3927 ,

283 3969 545 4040 ἀληθείας
572 3966 1127 4038 ἐχεσθαμάποδείξῃς,
1155 3966 1228 4028 ὡς
1255 3965 1395 4031 ἔξεις
1423 3967 1462 4019 Γ
1466 3969 1698 4036 εώργιον
1724 3970 1862 4038 μετᾶ

283 4063 382 4117 σοῦ
402 4102 419 4129 ,
451 4063 545 4116 καὶ
574 4061 876 4124 ἀποδώσεις
904 4062 972 4130 τῇ
1009 4059 1308 4131 Ἐκκλησία
1337 4059 1589 4130 Γραικῶν
1610 4099 1626 4123 ,
1657 4055 1692 4134 ᾖ
1723 4061 1860 4114 ἁπε-

283 4157 492 4226 τᾶχθην
520 4154 819 4214 πιστεύσας
843 4151 1025 4214 καλῶς
1055 4154 1250 4215 ποιεῖν,
1278 4151 1373 4204 καὶ
1401 4151 1672 4205 πιστεύων
1701 4151 1862 4222 μέχρι

1963 2954 2094 3010 dere
2129 2955 2349 3018 litteris,
2397 2961 2513 3008 tum
2551 2962 2706 3008 tuum
2748 2951 2893 3006 circa
2922 2966 3012 3006 res
3041 2950 3260 3006 divinas
3294 2948 3539 3005 studium

1964 3047 2124 3117 plane
2157 3062 2413 3110 noscens,
2446 3056 2560 3100 tum
2595 3061 2772 3101 meam
2809 3045 2864 3100 in
2904 3044 3070 3100 rebus
3106 3045 3343 3100 terrenis
3373 3059 3571 3100 occu~-

1967 3141 2263 3209 pationem.
2304 3143 2372 3193 At
2405 3154 2552 3194 nunc
2598 3148 2753 3208 pater
2787 3153 2943 3192 meus
2972 3138 3078 3191 huc
3098 3137 3435 3210 adnavigans
3463 3141 3547 3193 itt-

1965 3233 2174 3296 citavit,
2192 3231 2864 3300 inﬂammavitque,multa
2895 3234 2946 3283 in
2979 3231 3217 3286 medium
3239 3232 3544 3301 proferens.

1965 3334 2020 3380 et
2047 3325 2191 3380 inter
2220 3324 2346 3390 alia,
2374 3331 2426 3377 te
2473 3325 2658 3379 statim
2690 3323 2756 3376 ad
2800 3339 2886 3378 me
2925 3322 2994 3378 de
3024 3323 3394 3379 Ecclesiarum
3431 3325 3550 3379 dis-

1967 3418 2106 3471 sidio
2137 3416 2536 3485 rescripturum
2563 3455 2577 3479 ,
2633 3416 2678 3468 si
2730 3415 2844 3484 ipse
2899 3416 3109 3485 primus
3143 3416 3198 3470 id
3239 3425 3552 3486 pertentas-

1967 3525 2119 3566 sem:
2154 3523 2371 3564 necnon
2423 3507 2528 3563 sibi
2579 3507 2776 3571 videri,
2827 3506 3132 3577 inquiebat,
3166 3507 3214 3562 si
3245 3509 3552 3578 saepissime

1969 3601 2170 3656 litteris
2206 3611 2387 3655 tecum
2422 3601 2794 3671 colloquerer,
2843 3602 3128 3657 veritatem
3181 3615 3288 3666 me,
3324 3617 3432 3672 qua
3471 3603 3550 3657 nil

1971 3696 2106 3751 mihi
2136 3697 2360 3752 charius
2388 3704 2492 3762 est,
2519 3697 2858 3767 agniturum.
2889 3697 3071 3762 Quare
3094 3698 3398 3767 {conceptis
3433 3713 3555 3754 ver-

1969 3786 2055 3843 bis
2100 3787 2489 3858 jusjurandum
2538 3787 2682 3858 patri
2739 3786 2889 3852 dedi,
2946 3796 3004 3842 et
3056 3803 3205 3842 nunc
3235 3788 3334 3843 tibi
3387 3804 3553 3857 quam

1969 3889 2156 3934 sancte
2181 3879 2326 3948 juro,
2383 3887 2580 3932 testem
2617 3878 2896 3958 advocans
2935 3879 3216 3936 Christum
3246 3879 3458 3948 Iesum,
3511 3883 3557 3938 si

1971 3970 2303 4033 rationibus,
2327 3983 2464 4038 quas
2489 3968 2606 4039 ipse
2639 3969 2863 4034 calleas,
2897 3968 3099 4025 Graacaa
3137 3971 3396 4028 Ecclesia:
3425 3973 3561 4044 dog-

1973 4071 2116 4116 mata
2157 4061 2443 4115 veritatem
2513 4059 2832 4130 praesel'errc
2876 4064 3398 4118 commonstraveris
3425 4102 3441 4128 ,
3475 4081 3561 4118 ra-

1975 4154 2092 4224 pies
2122 4169 2228 4206 una
2255 4161 2434 4207 tecum
2469 4150 2763 4222 Georgium
2787 4191 2802 4215 ,
2839 4150 3270 4223 Graecorumque
3302 4154 3561 4210 Ecclesiae

281 4249 385 4318 τῆς
415 4242 678 4318 σήμερον.
707 4245 800 4316 Μὴ
829 4245 1071 4317 ὀκνήσῃς
1093 4242 1189 4297 οὖν
1215 4246 1472 4314 γράφειν,
1500 4244 1597 4298 καὶ
1627 4260 1870 4313 μετακα·
1903 4245 1922 4300 1

1975 4245 2254 4310 restitues,
2301 4259 2332 4298 a
2389 4259 2496 4312 qua
2559 4244 2783 4298 avulsus
2836 4259 2980 4308 sum,
3014 4243 3067 4298 id
3098 4247 3306 4314 Optime
3353 4246 3559 4301 factum

277 4341 490 4396 λεῖσθαι
530 4341 668 4410 πρὸς
706 4338 774 4409 ἢν
809 4338 909 4391 οίει
948 4339 1095 4409 ἡμᾶς
1135 4337 1418 4409 ἀλήθειαν.
1448 4337 1588 4406 Ἤδη
1635 4337 1742 4405 γάρ
1786 4353 1867 4387 σοι

281 4435 540 4505 πρότεροι
581 4431 868 4501 γράφομεν
891 4471 907 4497 ,
943 4432 1038 4483 καὶ
1078 4429 1538 4499 προσκαλούμεθα
1581 4427 1701 4497 μετ’
1728 4429 1864 4496 ὰγὰο

279 4543 390 4595 πης
425 4524 637 4592 πάσης,
669 4521 986 4591 ποιούμενοι
1017 4522 1109 4573 τὸν
1139 4521 1297 4588 λόγον
1335 4519 1499 4590 χωρὶς
1531 4519 1864 4588 πεισμονῆς,

279 4623 450 4690 χωρὶς
483 4618 797 4688 φιλοτιμίας
819 4658 833 4682 ,
865 4615 928 4667 τὸ
957 4613 1052 4666 τοῦ
1085 4612 1246 4679 λόγου
1281 4613 1515 4680 μέγεθος
1549 4611 1640 4664 καὶ
1673 4613 1869 4680 γρῖφον

280 4710 649 4781 ἀφαιροῦντες
668 4749 683 4773 ,
710 4708 785 4771 ὡς
815 4703 927 4760 οἷον
955 4723 1036 4759 τε.
1069 4705 1145 4757 Ui:
1176 4705 1284 4774 γὰρ
1315 4705 1402 4757 ἵνα
1433 4703 1598 4757 δεινοὶ
1629 4703 1870 4771 δόξωμεν

283 4807 537 4875 ῥήτορες,
562 4803 596 4872 ἢ
624 4801 808 4854 πολλοί
831 4816 976 4862 τινες
1002 4798 1129 4861 τοὺς
1157 4797 1372 4864 λόγους,
1400 4796 1516 4850 ἀλλ’
1539 4797 1624 4849 ἵνα
1652 4797 1683 4866 ἢ
1712 4797 1874 4867 ἡμεῖς

281 4898 383 4961 τὴν
419 4895 681 4966 ἀλήθειαν
720 4889 1168 4963 μεταμάΘωμεν,
1211 4890 1243 4960 ἦ
1292 4891 1355 4942 σὺ
1396 4889 1604 4958 ταύτην
1639 4888 1740 4942 κᾶν
1777 4889 1875 4943 νῦν

285 4987 587 5054 γνωρίσαις
610 5023 624 5046 ,
656 4983 766 5034 δεῖν
800 4980 1068 5051 ᾠήθημεν
1103 4979 1240 5049 πρὸς
1275 4979 1336 5031 σὲ
1370 4980 1623 5047 γράφειν.
1658 4979 1872 5032 Γένοιτο

283 5079 342 5130 δὲ
389 5079 448 5128 τὸ
492 5076 702 5144 ἕτερον,
746 5074 948 5143 Χριστὲ
996 5071 1242 5142 βασιλεῦ,
1286 5071 1379 5124 καὶ
1428 5073 1639 5138 γένοιτο
1683 5073 1742 5123 τὸ
1790 5070 1874 5122 σοὶ

280 5170 606 5238 εὐάρεστον.
651 5165 790 5219 Ἀλλ’
819 5165 905 5218 ἵνα
943 5165 1018 5235 μὴ
1055 5165 1226 5217 πολὺν
1260 5165 1318 5216 ἐν
1353 5163 1667 5234 προοιμίοις
1703 5180 1872 5216 κατα-

280 5263 460 5334 τρίὸω
491 5261 704 5332 χρόνον,
735 5260 971 5330 ἄρξομαι
1001 5258 1117 5322 νῦν,
1147 5257 1280 5310 αὐτὸ
1310 5258 1371 5309 τὸ
1405 5257 1672 5324 πανάγιον
1704 5257 1874 5310 Πνεῦ-

287 5373 366 5423 μα
387 5397 401 5418 ,
435 5357 563 5423 περὶ
593 5351 654 5405 οὗ
684 5353 712 5404 ὁ
747 5352 902 5418 λόγος
925 5390 938 5414 ,
971 5350 1442 5419 ἐπικαλεσάμενος
1479 5351 1556 5413 είς
1593 5349 1872 5419 βοήθειαν.

1979 4351 2151 4403 ratus,
2203 4348 2259 4394 et
2298 4339 2354 4392 in
2388 4337 2516 4403 ﬁde,
2549 4354 2712 4406 quam
2763 4338 3051 4406 amplexus
3097 4352 3242 4400 sum,
3288 4341 3355 4393 ad
3411 4339 3559 4394 hunc

1980 4431 2122 4486 diem
2157 4431 2484 4500 perdurans.
2521 4429 2598 4483 Ne
2633 4429 2848 4500 pigrere
2880 4429 3048 4499 igitur
3069 4431 3136 4485 ad
3167 4447 3267 4487 nos
3293 4432 3560 4500 scribere,

1972 4533 2027 4577 et
2065 4524 2131 4591 ad
2158 4539 2302 4588 eam,
2337 4538 2503 4592 quam
2540 4532 2593 4576 tu
2638 4525 2926 4578 veritatem
2974 4539 3098 4580 esse
3133 4527 3440 4592 existimas,
3473 4544 3564 4580 re-

1975 4627 2194 4668 vocare.
2224 4613 2344 4669 Jam
2371 4613 2518 4667 enim
2561 4629 2662 4668 nos
2701 4615 2865 4684 primi
2899 4614 2966 4669 ad
3005 4624 3056 4671 te
3101 4616 3313 4672 litteras
3344 4617 3560 4681 damus,

1975 4716 2030 4758 et
2060 4719 2372 4760 sermonem
2406 4705 2616 4774 absque
2654 4705 2956 4774 pertinacia
2987 4717 3044 4762 et
3081 4709 3382 4764 ambitione
3409 4710 3563 4780 dige-

1977 4809 2184 4862 rentes,
2226 4812 2437 4852 necnon
2477 4799 2746 4853 orationis
2779 4799 3144 4867 prolixitatem
3181 4810 3238 4855 et
3265 4815 3565 4872 argumen-

1983 4891 2218 4945 tationes
2255 4891 2561 4960 implicatas
2595 4908 2692 4962 pro
2720 4893 2932 4948 viribus
2959 4895 3149 4963 procul
3183 4895 3564 4961 amandantes,

1978 4997 2102 5036 cum
2127 4984 2277 5036 omni
2308 4982 2709 5038 benevolentia:
2735 4985 3004 5041 charitate
3037 4986 3417 5043 adhortamur.
3456 4987 3566 5043 Ne-

1978 5089 2086 5142 que
2115 5073 2262 5127 enim
2299 5081 2358 5126 ut
2402 5083 2652 5128 oratores
2699 5074 3058 5131 vehementes
3085 5087 3142 5132 et
3175 5081 3566 5141 consummati,

1977 5174 2074 5220 aut
2118 5175 2176 5220 ut
2212 5166 2264 5220 in
2314 5165 2550 5220 dicendo
2580 5165 2764 5220 valere
2792 5167 3092 5237 plurimum
3127 5169 3436 5234 videamur,
3470 5171 3566 5225 sed

1981 5269 2040 5312 ut
2072 5273 2172 5313 nos
2197 5267 2291 5313 aut
2328 5260 2615 5314 veritatem
2647 5259 3025 5328 addiscamus,
3053 5271 3151 5317 aut
3185 5270 3244 5317 tu
3267 5277 3388 5316 eam
3420 5277 3569 5316 nunc

1981 5351 2201 5406 tandem
2231 5368 2520 5423 agnoscas.
2552 5353 2668 5407 haec
2689 5352 2758 5407 ad
2789 5363 2842 5408 te
2873 5354 2928 5408 in
2967 5355 3221 5424 praesenti
3246 5354 3564 5410 scribimus.

283 5450 363 5504 Ex
404 5447 622 5502 duobus
653 5463 785 5502 vero
828 5449 1061 5501 alterum
1122 5446 1374 5510 eveniat,
1438 5462 1532 5500 rex
1598 5446 1834 5508 Christe,
1908 5448 2233 5518 evoniatque
2283 5448 2430 5518 quod
2495 5449 2590 5504 tibi
2640 5449 3027 5518 complacitum
3073 5457 3178 5504 est.
3241 5449 3350 5505 Sed
3400 5465 3470 5506 ne
3514 5452 3569 5504 in

285 5545 556 5616 prommio
612 5545 888 5615 longiores
945 5559 1128 5599 moras
1189 5554 1429 5607 noctem,
1485 5543 1672 5597 ordiar
1723 5560 1868 5599 nunc
1919 5549 2243 5608 orationem,
2295 5547 2414 5615 ipso
2485 5546 2693 5615 Spiritu
2757 5560 2966 5609 saneto,
3005 5546 3074 5600 de
3103 5561 3214 5615 quo
3241 5562 3425 5602 sermo
3473 5549 3572 5600 ha-

287 5645 503 5700 bendus
544 5653 651 5709 est,
684 5644 739 5697 in
771 5643 1036 5698 auxilium
1073 5643 1363 5697 advocato.

360 5741 426 5809 β’.
473 5741 547 5792 Τὸ
595 5739 1022 5809 ἀπαράλλακτον
1069 5741 1169 5808 τῆς
1223 5739 1374 5802 Θείας
1424 5740 1640 5809 φύσεως
1686 5743 1922 5814 ὁμολο-(

2053 5743 2108 5796 2.
2149 5740 2355 5794 Divina:
2390 5745 2598 5791 natura:
2628 5750 2724 5805 per
2757 5736 2940 5790 omnia
2993 5737 3195 5803 simile,
3229 5747 3284 5792 et
3313 5737 3458 5793 idem
3489 5755 3578 5796 es-

282 5836 533 5903 τοῦντες,
568 5833 666 5883 καὶ⁵
699 5834 796 5901 τὴν
831 5830 1136 5899 ταυτότητα
1171 5829 1269 5899 τῆς
1307 5831 1519 5896 οὐσίας,
1555 5836 1704 5904 τρεῖς
1742 5837 1872 5888 ὑπο-

532 5932 803 5992 ίδιιτιιοι..
850 5933 962 5992 Gn.
1004 5931 1204 5992 CLXI.

1983 5835 2172 5899 sentix
2205 5831 2551 5898 conﬁtentes,
2582 5838 2694 5884 tres
2725 5828 3065 5899 hypostases,
3086 5839 3138 5885 et
3167 5840 3278 5887 tres
3307 5847 3578 5908 personas

3048 5920 3122 5984 25
