3880 6220
391 398 495 421 νέην

410 423 502 462 HC)

1585 383 1904 447 GEORGII
1948 376 2459 444 TRAI’EZUN'I‘II

3508 370 3591 432 176

400 525 582 588 itaque
607 531 669 569 ex
703 511 858 568 Patre
884 523 1004 564 cum
1031 506 1099 562 sit
1129 503 1385 576 Spiritus,
1421 501 1730 557 necessario
1758 507 1842 554 est
1877 505 1965 552 s’c—
1997 538 2006 556 ι

2113 495 2324 557 ιθέντας
2356 493 2489 547 1⁸Ξοῦ
2519 492 2574 545 τὸ
2631 489 2862 559 Πνεῦμα
2894 489 3116 558 φεύγειν
3143 486 3213 550 ὡς
3243 487 3468 550 ἀσεϐεῖς
3493 489 3592 558 Τρε-

402 609 617 669 cundus
642 623 668 660 a
691 603 848 662 Filio.

472 792 524 845 6.
566 789 732 856 quue
763 784 889 838 novi
912 779 1224 835 Grzccorum
1252 775 1487 846 theologi
1508 789 1615 828 non
1644 773 1971 834 abnuentes,

403 900 436 937 ο
490 876 796 936 inscitiam!
831 875 896 929 de
931 871 1234 941 prolatione
1277 867 1329 922 in
1371 867 1565 921 ordine
1599 879 1909 920 sermonem
1945 877 1976 915 a

404 980 592 1029 saneto
623 970 824 1023 factum
857 978 978 1019 esse
1007 961 1250 1016 tradunt.
1285 959 1354 1012 At
1382 971 1514 1011 vero
1540 957 1639 1010 hoc
1669 954 1896 1023 impium
1922 961 1978 1008 et

403 1077 631 1136 prorsus
674 1061 939 1114 absonum
984 1056 1130 1118 esse,
1168 1067 1274 1105 non
1321 1050 1425 1104 erit
1465 1047 1684 1104 diﬂicile
1747 1046 1976 1100 demon-

405 1167 602 1210 strare.
661 1150 768 1206 Sed
818 1146 976 1217 prius
1027 1142 1274 1196 ordinem
1303 1138 1577 1209 duplicem
1607 1151 1730 1191 esse
1792 1136 1981 1189 obser-

405 1247 646 1300 vandum
681 1251 798 1306 est;
837 1238 1069 1292 alterum
1095 1273 1109 1298 ,
1139 1232 1232 1302 qui
1267 1232 1320 1284 in
1354 1245 1412 1284 re
1456 1243 1565 1282 non
1607 1236 1710 1291 est,
1743 1224 1836 1279 sed
1884 1239 1979 1278 co-

406 1339 671 1411 gitatione
727 1327 1124 1388 considerantis
1189 1322 1495 1390 eﬁingitur;
1555 1318 1830 1382 alterum,
1887 1313 1983 1383 qui

408 1445 599 1500 reapse
640 1435 745 1490 est,
789 1433 844 1479 et
894 1420 1235 1480 verissimus,
1278 1430 1384 1468 non
1425 1412 1494 1465 ab
1532 1411 1638 1464 alio
1691 1403 1981 1471 confictus',

409 1499 520 1578 sed
554 1523 609 1577 in
642 1521 806 1574 rebus
848 1515 980 1585 ipsis
1017 1526 1138 1566 esse
1188 1507 1587 1562 consideratus.
1630 1502 1700 1556 Et
1757 1501 1824 1555 de
1881 1499 1987 1555 hoc

412 1623 662 1671 sanctum
693 1613 853 1664 verba
895 1606 1115 1663 fecisse,
1142 1602 1307 1671 patet.
1355 1596 1621 1657 Primum,
1649 1592 1795 1663 quod
1829 1590 1985 1653 ordo,

413 1708 504 1777 qui
539 1720 605 1758 ex
658 1697 1019 1771 dispositione
1069 1691 1354 1746 hominum
1395 1687 1474 1750 lit,
1501 1686 1589 1754 pie
1626 1696 1844 1751 quoque
1885 1680 1987 1734 im-

414 1773 612 1852 mutari
647 1791 870 1864 poterit,
903 1800 1026 1842 cum
1063 1783 1135 1837 sit
1168 1781 1420 1834 humanae
1447 1773 1822 1845 intelligentia
1839 1785 1989 1826 com-

2081 605 2168 640 τον
2196 588 2305 658 ἄρα
2331 588 2393 640 τὸ
2427 583 2648 654 Πνεῦμα
2681 586 2743 636 ὲκ
2771 582 2865 635 τοῦ
2899 581 3109 652 Πατρὶς
3140 579 3226 644 ὃν,
3257 578 3486 648 δεύτερόν
3510 579 3594 631 ἐστι

2082 677 2173 730 τοῦ
2207 675 2337 729 Υίοῢ
2373 676 2490 729 κατ’
2517 675 2783 742 ἀνάγκην.

2155 777 2231 833 ς’.
2274 767 2446 822 Τοῦτο
2488 767 2543 820 δὲ
2587 767 2636 818 οἱ
2675 755 2782 818 τῶν
2825 761 3076 833 Γραικῶν
3118 759 3486 827 ὁμολογοῦντες
3521 759 3598 810 νέοι

2085 859 2363 928 θεολόγοι,
2401 857 2446 910 ὣ
2486 857 2585 926 τῆς
2634 854 2944 925 άμαοείαςί
2994 853 3123 921 περὶ
3161 851 3260 920 τῆς
3299 851 3356 902 ὲν
3395 852 3602 919 προφορᾷ

2083 952 2290 1018 τάξεως
2328 950 2461 1020 φασὶ
2499 947 2574 1018 τῷ
2611 946 2752 1015 ἁγίῳ
2786 945 3036 1013 γενέσθαι
3069 943 3161 994 τὸν
3192 943 3363 1008 λόγον.
3397 941 3461 992 Τὸ
3489 941 3526 993 δ’
3544 943 3602 993 ὅτι

2085 1041 2282 1103 ἀσεϐὲς
2317 1041 2410 1092 καὶ
2442 1037 2706 1091 ἀδύνατον
2738 1037 2801 1087 ού
2836 1033 3069 1103 χαλεπὸν
3097 1031 3289 1098 δεῖξαι.
3329 1031 3477 1084 Ἀλλᾶ
3505 1034 3602 1099 πρὸ·

2084 1149 2241 1203 τερον
2277 1128 2472 1198 διπλῆν
2507 1121 2646 1179 εἶναι
2681 1127 2781 1194 τὴν
2815 1123 2967 1188 τάξιν
2999 1123 3200 1175 εἰδέναι
3237 1121 3346 1187 δεῖ,
3382 1120 3469 1190 μία
3503 1121 3602 1188 μὲν,

2085 1224 2209 1295 ἥτις
2241 1220 2318 1292 τῷ
2365 1220 2462 1289 μὲν
2499 1216 2787 1289 πράγματι
2829 1214 2891 1268 οὐ
2933 1213 3232 1284 πρόσεστι,
3271 1211 3534 1264 πλάττεται
3563 1211 3603 1262 δὲ

2086 1314 2296 1384 διανοίᾳ
2341 1309 2434 1365 τοῦ
2489 1306 2923 1378 στοχαζομένου,
2977 1305 3112 1374 μίαν
3162 1303 3220 1355 δὲ
3270 1300 3606 1372 πραγματικὴν

2088 1405 2465 1477 ἀληθεστάτην
2487 1444 2501 1468 ,
2533 1402 2593 1454 οὐ
2628 1397 3008 1468 πλαττομένην
3041 1398 3192 1464 παρά
3220 1410 3360 1458 τινος
3380 1434 3394 1458 ,
3424 1393 3521 1446 ἀλλ’
3543 1394 3606 1443 ἐν·
3669 1403 3676 1408 ·

2091 1497 2473 1568 θεωρουμένην
2511 1495 2620 1556 τοῖς
2665 1492 3004 1561 πράγμασιν.
3037 1489 3167 1543 Ὀτι
3207 1486 3262 1540 δὲ
3303 1485 3424 1555 περὶ
3453 1481 3607 1548 ταύτης

2089 1591 2167 1660 τῷ
2201 1589 2341 1658 ἁγίῳ
2371 1589 2400 1644 ὁ
2429 1587 2584 1654 λόγος
2618 1585 2799 1655 δῆλον.
2832 1582 3054 1654 Πρῶτον
3089 1581 3207 1651 μὲν,
3237 1581 3314 1632 ὅτι
3344 1579 3375 1649 ἡ
3404 1576 3527 1631 κατά
3548 1573 3610 1627 θέ-

2093 1699 2178 1734 σιν
2209 1680 2361 1746 τάξις
2396 1683 2491 1731 και
2524 1675 2943 1731 ὲναλλάττεσθαι
2974 1673 3159 1743 δύνητ’
3187 1672 3253 1725 ἂν
3284 1669 3517 1732 εὐσεϐῶς,
3544 1667 3611 1718 ἀν-

2095 1772 2373 1843 θρωπίνης
2402 1767 2538 1824 οὖσα
2565 1769 2803 1830 διανοίας
2833 1764 3151 1835 ὲφεύρημα.
3190 1761 3394 1831 Ἐκείνη
3421 1760 3490 1823 δὲ,
3517 1760 3613 1826 περὶ

415 1837 705 1945 menturri:
756 1893 812 1938 at
867 1881 956 1935 ille
994 1878 1061 1932 de
1112 1890 1220 1944 quo
1249 1871 1560 1940 Theologus
1611 1867 1828 1921 loeutus
1877 1875 1986 1929 est,

2185 1865 2261 1935 τῷ
2289 1837 2524 1933 θεολόγῳ
2549 1863 2578 1915 ό
2603 1861 2690 1928 λόγ
2705 1878 2782 1926 ος,
2810 1859 2908 1912 οὐκ
2940 1857 3258 1926 ἐπιδέχεται
3289 1854 3482 1923 κίνησιν
3503 1852 3611 1902 oler-

416 1981 620 2033 nullam
676 1974 761 2030 sui
815 1967 1172 2026 mutationem
1229 1961 1492 2016 admittit.
1557 1956 1689 2010 Nam
1746 1953 1990 2026 fugiendi

417 2081 563 2136 sunt,
605 2069 698 2138 qui
740 2067 1051 2124 immutant,
1102 2063 1358 2124 tanquam
1405 2049 1736 2120 apertissimi
1770 2046 1992 2117 pietatis

417 2137 637 2218 hostes.
659 2161 930 2215 Praeterea
991 2148 1277 2206 Trinitatis
1309 2157 1595 2207 arcanum,
1622 2155 1732 2195 non
1769 2138 1824 2192 in
1858 2137 1992 2192 sim-

420 2257 654 2328 plicibus
697 2249 904 2311 verbis,
958 2253 1012 2298 et
1066 2240 1232 2295 nudis
1292 2234 1658 2290 relationibus
1714 2230 1994 2296 subsistit,

418 2317 512 2402 sed
554 2343 758 2412 reipsa,
790 2347 848 2393 et
899 2348 1026 2388 vere
1063 2328 1304 2383 Trinitas
1352 2334 1455 2377 est.
1491 2322 1556 2376 Et
1591 2317 1846 2388 nonquia
1895 2331 1997 2370 nos

419 2442 474 2494 in
538 2403 862 2490 Trinitatem
911 2422 1206 2484 credimus,
1247 2423 1540 2487 propterea
1587 2409 1848 2471 Trinitas,
1900 2403 1996 2460 sed

419 2530 546 2602 quia
581 2524 822 2579 Trinitas
869 2527 991 2580 est;
1033 2513 1158 2567 ideo
1183 2524 1282 2564 nos
1308 2509 1362 2562 in
1395 2503 1721 2560 Trinitatem
1756 2497 1996 2555 credidi-

334 2653 342 2661 -
421 2589 564 2683 mus,
597 2626 653 2674 et
683 2611 942 2684 baptizati
971 2619 1181 2663 sumus.
1225 2603 1406 2668 Quare
1435 2593 1771 2653 censendum
1806 2597 1914 2652 est,
1944 2589 1998 2642 in

422 2714 621 2772 Triade
661 2682 909 2766 ordinem
935 2715 1042 2756 non
1071 2711 1192 2753 esse
1243 2690 1542 2748 secundum
1599 2694 1842 2741 nostram
1886 2682 2000 2736 dis-

426 2807 797 2882 positionem:
843 2804 990 2854 esset
1029 2790 1178 2846 enim
1213 2784 1481 2840 .omnium
1547 2775 1999 2835 absurdissimum

426 2866 480 2961 in
532 2908 731 2956 nostra:
765 2885 1113 2963 cogitationis
1152 2883 1372 2938 inventa
1413 2874 1660 2931 credere.
1695 2869 1800 2926 Sed
1855 2866 2002 2940 quod

425 2959 560 3050 ordo
595 2993 650 3045 in
696 2959 970 3041 Trinitate
1000 2986 1108 3040 est,
1150 2974 1274 3028 ideo
1333 2969 1423 3024 ille
1472 2963 1798 3032 statuendus
1841 2959 2003 3015 simul

427 3098 589 3157 atque
634 3076 940 3136 credendus
973 3081 1085 3134 est;
1137 3073 1194 3120 et
1223 3072 1284 3118 ut
1337 3058 1510 3116 ρι’ωοί
1553 3056 1826 3118 dicerent,
1879 3063 2007 3120 pro-

2094 1956 2207 2010 οὖν.
2234 1957 2520 2008 Φευκταῖοι
2547 1953 2657 2023 γὰρ
2686 1953 2733 2005 οἱ
2768 1949 3212 2011 ἐναλλάττοντες,
3237 1945 3309 2010 ὡς
3336 1942 3550 2015 φανερῶς
3568 1945 3611 2009 τῇ

2095 2050 2347 2120 εὐσεϐείᾳ
2384 2049 2703 2117 μαχόμενοι.
2735 2047 2967 2098 Ἔπειτα
3000 2043 3060 2096 δὲ
3094 2043 3194 2095 καὶ
3225 2041 3284 2092 τὸ
3314 2041 3408 2107 τῇς
3435 2035 3612 2106 Τριάδος

2102 2144 2398 2214 μυστήριον
2428 2139 2530 2192 οὐκ
2561 2140 2618 2192 έν
2647 2137 2823 2207 ψιλοῖς
2854 2136 3088 2205 ὀνόμασι
3109 2175 3123 2199 ,
3157 2131 3254 2186 καὶ
3283 2130 3494 2198 γυμναῖς
3519 2128 3614 2181 ἀνσ-

2099 2237 2293 2306 φοραῖς
2324 2235 2437 2303 ἕχει
2464 2231 2524 2284 ea
2554 2226 2716 2296 εἶναι,
2747 2229 2882 2290 άλλά
2910 2227 2988 2296 τῷ
3019 2227 3311 2297 πράγματι
3339 2222 3508 2294 Τριὰς,
3530 2220 3615 2287 ἦτοι

2101 2325 2320 2395 ἀληθῶς
2348 2316 2538 2396 Τριάξ.
2571 2322 2708 2380 Οὐδὲ
2740 2321 2999 2390 τῷήμᾶς
3028 2321 3116 2375 είς
3148 2317 3354 2389 Τριάδα
3382 2311 3614 2373 πιστεύειν,

2100 2422 2185 2476 διὰ
2217 2420 2378 2472 τοῦτο
2411 2414 2581 2487 Τριάς
2601 2454 2618 2480 ,
2662 2413 2779 2492 ἀλλ’
2807 2415 2888 2466 ὅτι
2922 2413 3098 2482 Τριὰς
3144 2406 3552 2476 πεπιπεύκαμέν
3576 2421 3616 2455 τε

2103 2515 2185 2578 είς
2219 2512 2460 2582 Τριάδα,
2503 2511 2600 2563 καὶ
2643 2506 3083 2580 βεὸαπτίσμεθα.
3131 2506 3244 2560 Καὶ
3275 2503 3369 2574 τὴν
3401 2503 3450 2555 ἐν
3481 2497 3620 2569 Τριὰδι

2103 2609 2212 2682 ἄρα
2236 2607 2390 2673 τάξιν
2419 2606 2479 2660 ού
2509 2604 2656 2660 κατά
2683 2604 2784 2676 τὴν
2811 2603 3090 2675 ἡμετέραν
3120 2601 3271 2655 θέσιν
3295 2594 3427 2654 εῖναι
3454 2610 3622 2649 πιστευ-

2103 2699 2514 2772 τέονκῐιάντων
2559 2698 2666 2766 γάρ
2710 2695 2776 2749 ἂν
2821 2691 2888 2766 ἦν
2932 2692 3308 2754 ἀτοπώτατον,
3353 2691 3426 2753 εἰς
3461 2687 3519 2740 τά
3551 2682 3621 2751 τῆς

2107 2791 2385 2864 ἡμετέρας
2409 2788 2650 2852 διανοίας
2674 2786 3026 2856 ἐξευρήματα
3046 2784 3352 2838 πιστεύειν.
3368 2779 3509 2834 Ἀλλὰ
3526 2777 3622 2829 διότι

2107 2887 2260 2952 τάξις
2293 2885 2558 2954 πρόσεστι
2591 2884 2656 2952 τῇ
2693 2880 2886 2950 Τριάδι
2908 2918 2923 2944 ,
2960 2876 3162 2931 τούτου
3201 2875 3360 2947 χάριν
3392 2871 3536 2938 αὐτὴν
3563 2867 3623 2920 θε-

2107 2980 2229 3033 τέον
2249 2976 2366 3047 ἅμα
2388 2977 2481 3029 καὶ
2505 2972 2822 3027 πιστευτέον
2842 2987 2857 3003 ·
2883 2969 2978 3024 καὶ
3001 2970 3200 3040 ὥσπερ
3221 2968 3285 3022 ἂν
3306 2967 3491 3020 εἴποιεν
3508 2961 3626 3030 Γραι-

2111 3070 2199 3124 κοὶ
2241 3066 2663 3137 ἐπιθεωρεῖσθαι
2695 3063 2792 3135 τὴν
2825 3062 2980 3128 τάξιν
3017 3065 3079 3116 ἐν
3120 3062 3293 3131 Πατρὶ
3332 3058 3420 3112 καὶ
3457 3051 3551 3123 Υίῷ
3580 3051 3622 3102 οὗ

427 3143 564 3250 spici
612 3171 861 3228 ordinem
918 3164 974 3218 in
1009 3163 1167 3217 Patre
1201 3165 1255 3211 et
1300 3153 1459 3215 Filio,
1502 3164 1609 3202 non
1644 3152 1868 3218 propter
1903 3156 2005 3197 no-

2112 3163 2200 3216 δ.ὰ
2229 3161 2328 3232 τὴν
2357 3160 2466 3214 τῶν
2497 3159 2778 3228 ὀνομάτων
2812 3155 3098 3225 ἀναφορὰν
3119 3195 3134 3219 ,
3167 3153 3302 3206 ἀλλά
3332 3150 3414 3204 διὰ
3438 3149 3524 3218 τὴν
3549 3143 3622 3196 τῶι

429 3241 637 3328 niinum
670 3263 1008 3323 relationem,
1045 3255 1138 3310 sed
1197 3260 1417 3321 propter
1478 3259 1660 3299 rerum
1696 3241 2000 3306 veritatem,

413 3360 821 3436 .praeintellecta
852 3367 1017 3408 causa
1053 3345 1307 3402 naturali.
1342 3343 1499 3406 Item,
1528 3333 2004 3406 Quemadmodum

429 3427 607 3514 Patris
649 3465 778 3521 erga
841 3444 1104 3517 Spiritum
1161 3437 1485 3492 relationem
1535 3445 1655 3486 esse
1705 3427 2006 3490 credimus,

431 3551 561 3603 licet
608 3543 826 3599 nomina
866 3539 1009 3591 inter
1042 3547 1102 3588 se
1146 3545 1256 3584 non
1297 3526 1629 3588 referantur,
1676 3524 1748 3576 ita
1785 3535 2011 3590 prorsus

417 3644 596 3698 debet
625 3651 747 3694 esse
777 3645 832 3688 et
871 3629 992 3686 Filii
1047 3624 1242 3680 relatio
1278 3637 1404 3690 erga
1451 3618 1737 3689 Spiritum.
1773 3612 1928 3680 Quod
1965 3611 2010 3666 si

429 3735 486 3789 id
542 3747 652 3787 non
689 3736 795 3791 est,
830 3735 1008 3790 neque
1053 3732 1180 3773 vere
1214 3715 1410 3770 tertius
1457 3711 1563 3766 erit
1617 3709 1880 3780 Spiritus,
1917 3703 2012 3760 sed

433 3835 643 3880 tantum
678 3818 962 3874 nominum
1014 3810 1280 3881 positione
1325 3807 1625 3861 collocatus
1668 3821 1681 3856 :
1717 3801 1928 3855 Etenim
1969 3799 2015 3852 si

424 3916 801 3988 ~productorem
838 3904 1223 3977 appellabimus
1259 3899 1500 3960 Patrem,
1531 3905 1592 3951 ut
1622 3894 1802 3964 inquit
1832 3890 2010 3955 Nilus,

435 3986 762 4062 Trinitatem
796 4002 1086 4068 abrogatis,
1116 4003 1173 4049 et
1225 3992 1537 4048 Graecorum
1585 3986 1870 4055 theologus
1902 3991 2015 4042 ter-

436 4114 567 4165 t.us,
602 4097 768 4151 Filius
803 4091 964 4146 veluti
998 4104 1090 4160 per
1107 4085 1422 4154 productum
1451 4097 1476 4134 e
1498 4079 1856 4150 producente;
1881 4073 2019 4140 quod

435 4195 482 4247 si
511 4191 748 4250 Patrem,
785 4185 969 4238 tertius
999 4181 1094 4234 erit
1125 4176 1380 4247 Spiritus,
1411 4184 1666 4242 tanquam
1697 4185 1788 4239 per
1815 4166 2018 4220 Filium

431 4303 502 4341 ex
549 4283 734 4337 Patre.
799 4276 962 4330 Vides
995 4272 1144 4326 hunc
1198 4269 1342 4323 inter
1389 4265 1587 4319 Filium
1651 4269 1707 4316 et
1752 4260 2018 4330 Spiritum

445 4378 648 4432 nullam
681 4373 1037 4438 interponere
1061 4357 1423 4416 relationem?
1453 4355 1567 4411 Hoc
1597 4356 1759 4408 modo
1790 4357 1908 4407 dua:
1937 4352 2020 4405 lite

444 4474 762 4538 Iiypostases
813 4455 1230 4514 confunduntur
1276 4451 1345 4506 ab
1377 4450 1498 4519 ipso
1525 4455 1582 4502 et
1626 4446 1800 4517 pietas
1841 4445 2018 4514 palam

2113 3253 2456 3326 πραγμάτων
2501 3251 2796 3320 ἀλήθειαν,
2844 3247 3335 3320 προθεωρουμένου
3377 3240 3458 3296 τοῦ
3495 3235 3623 3290 αίτίου

2111 3349 2290 3418 φύσει.
2312 3345 2422 3400 Καλ
2439 3345 2599 3398 πάλιν
2615 3357 2628 3371 '
2655 3343 2829 3396 Ὠσπε
2837 3360 2867 3411 ρ
2885 3340 2978 3394 τοῦ
3001 3340 3215 3409 Πατρδς
3235 3338 3366 3408 προς
3383 3333 3436 3386 τὸ
3455 3327 3625 3396 Πνεῦμι

2116 3439 2300 3510 σχέσιν
2323 3433 2461 3490 εἶναι
2487 3434 2840 3504 πιστεύομεν,
2867 3432 3045 3486 καίτοι
3073 3449 3135 3500 γε
3166 3431 3270 3483 τῶν
3294 3428 3541 3495 ὀνομάτων
3561 3419 3627 3472 οὐκ

2114 3531 2535 3600 ἀναφερομένων
2565 3527 2699 3597 πρὸς
2727 3525 2934 3594 ἄλληλα
2955 3542 2968 3554 ·
2997 3522 3150 3576 οὕτω
3175 3523 3257 3575 δεῖ
3280 3523 3368 3598 καὶ
3395 3515 3507 3569 rimi
3531 3511 3630 3580 πρὸς

2114 3625 2175 3678 τὸ
2203 3595 2427 3695 Πνεῦμα
2458 3595 2644 3690 σχέσιν
2672 3616 2812 3671 εἶναι
2842 3617 3085 3678 πάντως.
3123 3617 3181 3668 Ei
3213 3615 3268 3669 δὲ
3299 3595 3392 3684 μὴ,
3417 3612 3471 3664 ού
3494 3606 3633 3677 τρίτον

2118 3716 2332 3786 ἀληθῶς
2351 3703 2419 3768 ’τὸ
2447 3712 2671 3781 Πνεῦμα
2691 3751 2707 3776 ,
2735 3711 2869 3766 ἀλλά
2901 3709 3041 3782 μόνῃ
3069 3712 3137 3779 τῇ
3166 3707 3272 3761 τῶν
3299 3703 3546 3774 ὀνομάτων
3567 3697 3632 3749 θὲ-

2121 3825 2203 3862 σει
2242 3810 2560 3878 φερόμενον.
2600 3802 2671 3856 Εὶ
2707 3802 2823 3872 μὲν
2857 3802 2966 3871 γὰρ
3005 3800 3307 3868 προόολέα
3344 3795 3635 3860 καλέσωμεν

2120 3899 2226 3952 τὸν
2267 3895 2527 3965 Πατέρα,
2575 3895 2648 3957 ὥς
2688 3911 2821 3964 φησι
2861 3893 3083 3956 Νεῖλος,
3127 3893 3156 3944 ὁ
3198 3891 3293 3962 τὴν
3333 3887 3512 3959 Τριάδα
3546 3880 3636 3934 a05-

2121 3988 2250 4054 τῶν,
2280 3990 2375 4041 καὶ
2403 3989 2430 4038 ὁ
2455 3989 2565 4039 τῶν
2595 3983 2848 4056 Γραικῶν
2877 3981 3132 4049 θεολόγος
3161 3982 3354 4053 τρίτος,
3380 3983 3411 4033 ό
3447 3976 3557 4040 Υἱὸς
3579 3971 3636 4033 ὡς

2121 4079 2221 4134 διὰ
2260 4078 2366 4133 τοῦ
2406 4059 2847 4147 προϐλήματος(
2871 4075 2939 4128 ἐκ
2976 4074 3088 4128 τοῦ
3133 4072 3486 4143 προϐολέως,
3519 4068 3561 4118 εί
3589 4062 3636 4114 δὲ

2123 4169 2360 4239 Πατέρα
2381 4209 2395 4232 ,
2435 4169 2636 4237 τρίτον
2669 4167 2737 4220 τὸ
2774 4163 3018 4233 Πνεῦμα
3041 4207 3057 4231 ,
3091 4164 3174 4230 ὡς
3209 4164 3282 4220 δι’
3314 4161 3440 4218 Υἱοῦ
3468 4162 3524 4212 ἐκ
3551 4157 3634 4209 Πα·

2123 4267 2283 4331 τρός.
2325 4261 2551 4324 Βλέπεις
2595 4261 2712 4323 πῶς
2749 4261 3016 4330 οὐδεμίαν
3049 4257 3190 4315 εἶναι
3230 4259 3462 4330 βούλεται
3497 4248 3636 4318 σχέσιν

2125 4353 2257 4406 Υίοῦ
2298 4353 2390 4406 καὶ
2426 4353 2783 4421 Πνεύματος;
2817 4351 3002 4414 Οὕτως
3035 4353 3092 4407 αἱ
3123 4353 3218 4406 δύο
3248 4346 3540 4405 ὑποστάσεις
3563 4337 3638 4389 αὖ·

2126 4462 2215 4498 ται
2258 4443 2584 4513 συγχέονται
2623 4441 2770 4513 αύτῷ
2815 4442 3072 4513 φανερῶς
3117 4438 3488 4514 μαχομένῳπῇ
3523 4430 3638 4483 εὐσε-

443 4524 813 4629 oppugnatur.
866 4550 961 4604 Est
1010 4547 1177 4619 igitur
1203 4543 1341 4598 ordo
1373 4543 1517 4597 inter
1565 4541 1892 4611 liypostases
1923 4553 2006 4592 na-

2128 4537 2274 4607 6είᾳ.
2303 4536 2493 4589 Ἔστιν
2543 4533 2651 4604 ἄρα
2697 4533 2848 4599 τάξις
2897 4534 3160 4606 ἀλλήλαις
3207 4537 3324 4596 ταῖς
3371 4524 3636 4583 ὑποστάσεσι

445 4662 591 4714 tura,
641 4660 748 4701 non
791 4631 1072 4698 liaminum
1104 4635 1397 4708 positione,
1458 4642 1515 4688 et
1559 4632 1731 4687 Filius
1779 4647 1886 4685 non
1940 4637 2025 4682 est

447 4738 722 4795 secundus
751 4750 780 4789 a
809 4733 1038 4804 Spiritu.
1080 4729 1236 4783 Esset
1269 4727 1415 4781 enim
1450 4724 1644 4779 tertius
1690 4738 1720 4777 a
1756 4722 1935 4787 Patre,
1970 4728 2026 4776 et

446 4834 726 4887 diceretur
777 4825 1094 4896 dependere
1123 4837 1188 4875 ex
1229 4819 1461 4888 Spiritu,
1493 4827 1548 4872 et
1584 4815 1756 4870 Filius
1786 4813 2025 4884 Spiritus

450 4929 887 4996 nuncuparetur,
922 4915 1067 4986 quod
1103 4927 1204 4968 nec
1237 4912 1339 4982 ipsi
1371 4912 1648 4964 daemones
1677 4921 2030 4962 asseverave‘

452 5019 582 5072 rint.
605 5015 802 5069 Totum
834 5009 981 5065 enim
1017 5006 1329 5078 oppositum
1359 5002 1658 5056 aﬂirruatur
1679 5009 1734 5054 et
1761 4999 2027 5064 creditur,

453 5106 716 5175 Spiritum
767 5100 1032 5172 Spiritum
1067 5094 1189 5149 Filii
1220 5108 1364 5154 esse,
1397 5102 1453 5147 et
1484 5091 1562 5144 illi
1612 5089 1895 5144 adlia'rere
1917 5129 1932 5153 ,
1966 5088 2033 5143 ab

452 5214 632 5267 eoque
680 5195 1014 5265 dependere,
1049 5199 1104 5244 et
1145 5190 1224 5243 sic
1271 5185 1503 5242 verbum
1551 5183 1692 5249 Filii,
1743 5190 1798 5235 et
1851 5197 1916 5235 ex
1966 5195 2032 5236 eo

452 5286 837 5359 progrediens.

527 5380 583 5434 Ἰ.
617 5378 743 5432 llaec
781 5389 904 5430 cum
938 5373 1012 5428 ita
1043 5385 1101 5426 se
1137 5369 1406 5428 habeant,
1439 5364 1690 5434 sequitur
1722 5359 2036 5417 necessario

457 5488 524 5525 ex
567 5471 724 5525 Patre
751 5479 894 5522 etex
927 5463 1085 5525 Filio,
1122 5462 1238 5515 sive
1289 5474 1386 5528 per
1415 5457 1612 5512 Filium
1659 5453 2036 5508 exsistentiam

461 5563 666 5615 habere
717 5558 978 5628 Spiritum
1025 5551 1312 5609 'sanctum.
1382 5549 1573 5618 Neque
1632 5546 1779 5600 enim
1842 5543 2039 5597 modus

459 5653 600 5705 alius
626 5651 920 5720 excogitari
955 5656 1160 5718 potest,
1195 5629 1290 5714 qui
1341 5642 1543 5697 divinis
1577 5637 1830 5710 personis
1856 5645 2036 5706 aptus,

461 5751 628 5808 atque
680 5739 1070 5792 aer-,onimodus
1105 5737 1197 5790 sit.
1225 5733 1346 5800 Quo
1377 5744 1432 5787 et
1477 5732 1726 5785 ordinem
1761 5729 1926 5782 rebus
1984 5728 2040 5782 in

462 5829 598 5900 ipsis
629 5828 991 5892 servabimus,
1033 5828 1393 5881 etdoetorum
1434 5823 1577 5876 dicta
1605 5835 1918 5890 sequemur,
1945 5821 2038 5889 qui

2131 4629 2292 4699 φύσει
2315 4669 2330 4695 ,
2363 4629 2423 4681 ού
2459 4627 2608 4680 θέσει
2643 4626 2890 4697 παροῦσα
2912 4668 2926 4692 ,
2962 4629 3056 4681 καὶ
3087 4628 3148 4681 ού
3180 4621 3471 4694 δευτερεύει
3499 4618 3523 4669 ὁ
3547 4610 3644 4667 Tib;

2133 4722 2227 4775 τοῦ
2261 4721 2600 4791 Πνεύματος.
2627 4714 2737 4772 ἾῙν
2769 4720 2877 4791 γὰρ
2907 4719 2973 4773 ἂν
3003 4720 3186 4791 τρίτος
3215 4719 3320 4772 ἀπὸ
3347 4713 3428 4768 τοῦ
3457 4703 3636 4791 Πατρδςᾷ,

2134 4815 2230 4868 καὶ
2279 4789 2612 4883 ἐξηρτῆσθαι
2664 4789 2883 4881 ἐλέγετο
2933 4789 3048 4864 τοῦδ
3080 4809 3416 4879 Πνεύματος,
3459 4789 3637 4854 καὶτοῦ

2138 4900 2456 4970 Πνεῦματος
2495 4900 2619 4963 Υίδς
2652 4901 2971 4971 ὠνομάζετο
2992 4941 3005 4963 ,
3039 4901 3176 4969 ὅπερ
3206 4896 3311 4951 οὐδ’
3334 4895 3392 4948 ἂν
3422 4893 3464 4945 οἱ
3492 4885 3638 4952 δαίμοο

2136 5010 2224 5053 νες
2264 4991 2491 5046 εἴποιεν.
2530 4989 2856 5044 Τοὺναντίον
2893 4992 2992 5060 μὲν
3025 4991 3134 5059 γὰρ
3175 4989 3316 5042 ἀπαν
3347 4983 3433 5038 καὶ
3469 4980 3638 5060 λέγεται

2140 5083 2236 5136 καὶ
2277 5081 2597 5134 πιστεύεται
2639 5080 2700 5132 τὸ
2749 5079 2970 5148 Πνεῦμα
3038 5077 3258 5146 Πνεῦμα
3299 5071 3384 5126 τοῦ
3425 5063 3534 5119 Υἱοῦ
3569 5056 3638 5110 καὶ

2138 5171 2356 5244 ἔχεσθαι
2399 5171 2563 5232 αὐτοῦ
2599 5171 2695 5224 καὶ
2729 5172 2960 5240 έξῆφθαι
2983 5212 2997 5237 ,
3037 5170 3128 5222 καὶ
3157 5167 3301 5240 ,οὕτω
3335 5164 3468 5233 ῥῆμα
3505 5148 3633 5206 Υίοῡ,

2140 5267 2236 5319 καὶ
2267 5265 2457 5335 προϊὸν
2489 5263 2548 5329 ἐξ
2577 5263 2766 5317 αὐτοῦ.

2213 5359 2278 5422 ζ’.
2318 5333 2538 5410 Τούτων
2573 5355 2746 5418 οὓτως
2782 5355 3036 5426 ἑχόντων,
3071 5352 3274 5421 ἀνάγκη
3309 5349 3444 5400 πᾶσα
3471 5342 3524 5390 ἐκ
3552 5333 3633 5426 Utt-

2141 5450 2269 5520 τρὸς
2311 5450 2403 5502 καὶ
2447 5448 2575 5501 Υἱοῦ
2598 5488 2612 5514 ,
2653 5449 2771 5518 ἦτοι
2813 5447 2880 5500 δι’
2911 5447 3037 5500 Υίοῦ
3081 5449 3220 5515 ἔχειν
3251 5442 3342 5511 τὴν
3372 5429 3566 5501 ὓπαρξιν
3592 5421 3635 5471 τδ

2145 5517 2369 5613 Πνεῦμα
2399 5542 2460 5595 τὸ
2493 5517 2778 5610 ἆγιονξΟύ
2809 5542 2916 5612 γὰρ
2945 5542 3090 5593 ἔστιν
3121 5539 3350 5608 ἐξευρεῖν
3374 5517 3634 5613 τρόπον

2145 5635 2236 5686 λον
2281 5637 2389 5694 τοῖς
2435 5633 2598 5693 θείοις
2643 5623 3036 5700 ἀρμόζοντα,ᾦ
3078 5629 3169 5681 καὶ
3207 5627 3299 5696 τὴν
3335 5620 3466 5683 τάξιν
3499 5605 3635 5677 φάτ’

2148 5742 2283 5796 μασι
2334 5723 2646 5795 προσοῦσαν
2691 5723 3024 5793 φυλάξομεν,
3055 5723 3143 5775 καὶ
3171 5721 3284 5779 ταῖς
3313 5713 3408 5768 τῶν
3434 5696 3631 5760 διδασκάο

2147 5819 2254 5871 λων
2287 5785 2726 5888 ἀκολουθήσομεν
2793 5785 3045 5886 pacem.
3083 5813 3266 5865 οἵτινες
3297 5809 3353 5859 ἐκ
3383 5794 3555 5865 Πατρδς
3580 5785 3631 5836 δι’
