3880 6220
312 325 419 389 777

1246 332 1340 391 DE
1386 332 1908 394 PROCESSIONE
1953 336 2648 399 SPllilTUSwSAl‘tL‘Tl.

3465 338 3610 398 778"

309 443 440 497 Υίοῦ
474 443 757 512 φυσικῶς,
789 445 884 498 καὶ
915 446 1187 508 οὐσιωδῶς
1223 450 1538 518 προχεῖσθαι
1569 450 1628 502 τὸ
1663 449 1886 520 Πνεζμα

2029 469 2056 506 x
2110 453 2270 508 Patre
2324 468 2417 522 per
2473 452 2678 507 Filium
2736 451 3056 506 naturaliter
3093 459 3149 505 ct
3205 449 3574 505 cssentialiter

309 535 678 604 θεολογοῦσιν.
722 537 884 591 Ἀλλὰ
913 537 976 590 τὸ
1006 539 1378 608 Θεοφάντορος
1406 543 1590 612 ῥητὸν,
1621 544 1678 595 ὲν
1709 536 1752 611 ᾦ
1781 543 1889 596 διτο

308 631 410 700 τὴν
443 624 584 683 εἶναι
620 629 873 700 βούλεται
909 630 1009 702 τὴν
1040 633 1229 699 τάξιν,
1265 623 1500 698 τιθέσθω
1539 636 1786 706 πρῶτον,
1825 637 1892 689 ἵν’

315 723 481 788 ἴδοις,
514 721 590 787 ὡς
621 722 650 775 ό
682 722 950 793 βασίλειος
982 724 1107 789 νοῦς
1139 727 1403 781 πάντοθεν
1433 727 1763 782 καταόάλλει
1795 729 1894 800 τὴν

313 815 423 868 τῶν
457 816 710 886 Γραικῶν
742 817 1020 874 ἀσέϐειαν.
1059 820 1216 874 Οὕτω
1248 822 1355 888 γὰρ
1387 823 1453 874 αὑ
1467 821 1552 886 τὸς
1584 823 1740 876 καλεῖ
1769 825 1894 887 τοὺς

313 905 646 970 ἁθετοῦντας
685 906 784 978 τὴν
822 909 998 974 τάξιν.
1038 908 1130 963 Ἑν
1168 909 1298 978 γοῦν
1337 911 1415 982 τῷ
1455 913 1590 982 προς
1632 913 1896 982 Εὐνόμιον

315 999 521 1071 πρώτῳ
564 1000 729 1070 φησίν
755 1018 770 1033 ·
811 1001 880 1056 Ἠ
913 1003 1031 1072 μὲν
1069 1004 1200 1058 ἐστι
1239 1004 1473 1074 φυσικὴ
1515 1005 1706 1072 τάξις,
1747 1007 1785 1074 ἡ
1829 1007 1897 1060 δὲ

315 1091 446 1146 κατ’
465 1091 863 1160 ἐπιτήδευσιν
883 1109 898 1122 ⁸
929 1095 1024 1147 καὶ
1057 1093 1175 1162 μετ’
1196 1095 1350 1164 ὀλίγαι
1377 1111 1390 1124 ο
1430 1097 1661 1150 Τούτων
1689 1098 1898 1151 τοίνυν

313 1185 382 1237 τὸ
430 1187 725 1253 πρότερον
771 1185 1283 1256 ἀποκρυψάμενος
1330 1189 1364 1241 ό
1412 1186 1738 1255 Εὐνόμιος,
1791 1187 1898 1241 τοῦ

313 1275 602 1345 δευτέρου
657 1278 862 1344 ειδοινς
912 1279 1023 1347 τῆς
1073 1279 1298 1346 τάξεως
1353 1279 1750 1350 ἐπεμνήσθη.
1800 1281 1900 1336 καὶ

316 1368 490 1437 φησί,
515 1369 602 1437 μὴ
633 1369 854 1439 χρῆναι
883 1369 1089 1440 λέγειν
1113 1372 1212 1426 ἐπὶ
1247 1373 1397 1427 Θεοῦ
1428 1373 1626 1440 τάξιν,
1653 1374 1901 1443 ἐπείπερ

315 1461 354 1527 ἡ
402 1459 572 1526 τάξις
613 1459 866 1528 δευτέρα
908 1460 1016 1514 τοῦ
1059 1461 1401 1527 τάττοντος.
1440 1461 1674 1517 Ἐκεῖνο
1718 1464 1787 1515 δὲ
1830 1465 1902 1516 οὐ

314 1550 625 1618 σύνοιδεν,
668 1551 706 1620 ἢ
754 1552 908 1606 ἑκὼν
947 1553 1366 1622 ἀπεκρύψατο,
1406 1554 1486 1620 ὡς
1529 1553 1660 1607 ἔστι
1700 1571 1756 1608 τι
1796 1550 1901 1621 τῆς

319 1643 546 1709 τάξεως
567 1639 751 1711 εἶδος,
779 1647 890 1699 οὐκ
916 1645 985 1698 ἐκ
1014 1644 1124 1713 τῆς
1150 1645 1287 1713 παρ’
1309 1645 1481 1714 ἡμῶν
1503 1645 1730 1711 θέσεως
1756 1662 1904 1700 συν-

319 1734 668 1805 ιστάμενον,
699 1737 860 1790 ἀλλὰ
885 1736 960 1805 τῇ
991 1735 1143 1791 κατὰ
1172 1738 1366 1806 φύσιν
1391 1737 1720 1805 ἀκολουθίᾳ
1753 1753 1907 1807 ovu-

1993 529 2198 600 cliundi
2235 546 2477 600 tradunt.
2511 544 2616 600 Sed
2649 554 2777 598 ante
2828 545 3009 600 omnia
3041 552 3252 598 secreta
3282 542 3576 597 revelanlis

1995 636 2179 691 Basilii
2216 636 2422 691 dictum
2457 635 2718 690 aﬂ'eratur
2756 635 2807 688 in
2862 634 3122 695 medium,
3169 648 3278 703 quo
3303 632 3575 702 duplicem

1995 730 2245 784 ordinem
2279 729 2495 798 probat,
2532 739 2592 783 ut
2637 728 2764 782 inde
2791 727 3173 796 deprehendas
3201 735 3439 791 mentem
3486 740 3579 777 re.

1997 821 2137 891 giam
2190 821 2366 876 modis
2415 819 2673 875 omnibus
2699 819 3016 874 Graecorum
3051 819 3388 886 impietatem
3421 815 3577 870 refel-

1995 913 2131 968 lere.
2203 911 2294 968 Sic
2329 913 2477 968 enim
2533 911 2649 982 ipse
2703 926 2802 967 eos
2851 910 3124 982 nominat,
3190 908 3281 977 qui
3330 906 3580 961 ordinem

2000 1007 2279 1077 rejiciunl.
2319 1005 2505 1061 Prima
2557 1006 2744 1076 itaque
2779 1005 3045 1059 adversus
3072 1001 3404 1058 Eunomium
3459 1016 3552 1054 ora
3575 1029 3587 1040 -

2000 1098 2151 1153 tione
2191 1098 2371 1155 dicit:
2435 1097 2629 1152 Verum
2671 1108 2747 1152 est
2773 1104 2902 1151 ordo
2933 1097 3017 1150 hic
3042 1096 3254 1166 quidem
3293 1093 3584 1157 naturalis,

2000 1191 2092 1246 ille
2161 1207 2280 1245 vero
2335 1191 2671 1260 artiﬁciosus,
2727 1202 2784 1246 et
2836 1189 3025 1260 paucis
3076 1187 3342 1243 annexis:
3384 1187 3587 1240 "orum

2003 1285 2228 1356 primum
2264 1302 2380 1339 cum
2413 1284 2723 1340 occultasset
2769 1283 3086 1346 Eunomius,
3126 1282 3341 1336 secundi
3387 1280 3589 1356 ordinis

2003 1377 2321 1430 mentionem
2346 1377 2508 1445 facit;
2557 1376 2736 1446 aitque
2791 1391 2895 1429 non
2947 1382 3190 1443 oportere
3231 1355 3421 1426 dicere~
3447 1371 3591 1424 ordi-

2005 1483 2123 1522 nem
2147 1483 2255 1520 esse
2285 1467 2339 1520 in
2371 1465 2498 1529 Deo,
2535 1467 2785 1536 quoniam
2836 1465 2966 1518 ordo
2997 1464 3050 1517 in
3092 1462 3380 1516 ordinante
3421 1467 3593 1527 poste.

2007 1562 2116 1614 rior
2145 1569 2245 1614 est.
2273 1557 2418 1613 Illud
2441 1574 2558 1612 vero
2583 1566 2680 1612 aut
2721 1574 2827 1612 non
2859 1555 3259 1617 animadvertit,
3292 1563 3384 1606 aut
3413 1551 3592 1606 volens

2008 1653 2340 1722 prudensque
2370 1651 2618 1716 occuluit,
2660 1649 2930 1721 quoddam
2961 1647 3203 1703 videlicet
3247 1645 3448 1699 ordinis
3483 1659 3593 1697 esse

2013 1758 2171 1812 genus
2204 1759 2307 1796 non
2341 1752 2524 1797 nostra
2555 1743 2902 1796 constitutum
2933 1738 3291 1810 dispositione,
3315 1735 3408 1790 sed
3428 1736 3594 1804 ipsius

319 1827 548 1890 σαῖνον,
581 1829 656 1893 ὠς
690 1826 770 1894 τῷ
804 1829 946 1896 πυρὶ
982 1830 1130 1898 πρὸς
1161 1805 1228 1883 τὸ
1264 1829 1393 1899 φῶς
1426 1830 1560 1884 ἐστι
1592 1831 1658 1884 τὸ
1691 1831 1762 1894 ἐξ
1794 1805 1900 1885 αὖ·

2022 1843 2220 1888 natura
2271 1837 2321 1889 vi
2369 1851 2713 1905 consequens,
2743 1831 3042 1902 cujusmodi
3069 1839 3148 1885 est
3180 1831 3316 1900 ignis
3355 1837 3405 1882 et
3441 1828 3593 1892 lucis,

275 1981 284 1984 _
319 1917 446 1973 τοῦ.
477 1920 572 1972 Ἐν
594 1921 830 1986 τούτοις
857 1921 968 1992 γὰρ
994 1923 1288 1991 πρότερον
1312 1923 1378 1975 τὸ
1407 1923 1602 1976 αἴτιον
1624 1922 1902 1993 λέγομεν,

317 2011 603 2078 δεύτερον
636 2011 702 2066 τὸ
737 2013 839 2068 ἀπ’
867 2013 1091 2077 αὐτοῦ,
1128 2016 1200 2068 οὺ
1238 2013 1600 2085 διαστήματι
1635 2014 1908 2083 χωρίζον-

319 2117 419 2165 τες
459 2101 563 2155 άπ’
590 2103 884 2171 ἀλλήλων
923 2105 1129 2172 ταῦτα,
1175 2106 1336 2160 ἀλλὰ
1373 2106 1453 2171 τῷ
1492 2104 1765 2176 λογισμῷ
1802 2107 1908 2162 τοῦ

320 2193 591 2247 αιτιατοῦ
619 2195 1129 2264 προεπινοοῦντες
1154 2198 1216 2252 τὸ
1248 2199 1460 2255 αἴτιον.
1491 2201 1674 2255 Ταῦτα
1699 2200 1908 2255 ἐκείνου

324 2282 418 2335 τοῦ
450 2281 596 2337 θείου
628 2286 822 2357 ἀνδρὸς
855 2288 1112 2358 βοῶντος,
1147 2292 1240 2345 καὶ
1275 2293 1549 2363 μηδεμίαν
1577 2293 1744 2364 ἄλλην
1774 2289 1910 2349 ἀπο·

322 2373 613 2443 δεχομένου
642 2378 819 2446 τάξιν,
848 2383 895 2433 εί
930 2383 1003 2450 μὴ
1034 2382 1134 2452 τὴν
1167 2381 1288 2435 κατ’
1316 2382 1490 2437 αῖτιον
1521 2385 1614 2438 καὶ
1647 2387 1909 2450 αίτιατδν,

222 2500 228 2504 ν
325 2469 420 2520 καὶ
449 2468 667 2532 ἀσεϐεῖς
693 2470 1101 2536 ἀποκαλοῦντος
1128 2473 1254 2535 τοὺς
1284 2474 1358 2544 μὴ
1389 2475 1770 2540 πιστεύοντας,
1795 2480 1914 2548 τρί’

323 2577 417 2615 τον
448 2557 591 2615 εἷναι
625 2563 685 2616 τὸ
718 2564 940 2634 Πνεῦμα
960 2607 976 2630 ,
1009 2568 1100 2619 καὶ
1134 2568 1274 2636 μετὰ
1307 2567 1396 2619 τὸν
1429 2567 1556 2623 Υίδν
1583 2569 1910 2636 τάττεσθαι,

328 2656 448 2719 πῶς
491 2658 627 2721 ὅλως
675 2658 1027 2729 ἁποτολμῶσι
1079 2659 1261 2728 λέγειν
1305 2661 1353 2713 οἱ
1399 2661 1646 2732 Γραικοὶ,
1690 2662 1767 2727 ὡς
1813 2663 1914 2718 οὐκ

326 2747 479 2802 ἐστιν
511 2750 570 2815 ἐξ
602 2751 733 2804 Υίοῦ
768 2751 828 2805 τὸ
860 2752 1122 2822 Πνεῦμα;

397 2841 471 2912 η’.
516 2842 656 2896 Ἀλλ’
686 2838 819 2896 τίεν.
861 2843 937 2897 Τὸ
974 2844 1033 2898 δὲ
1079 2827 1427 2917 προχεῖσθαι,
1471 2846 1566 2900 καὶ
1606 2845 1914 2909 excisam,

329 2939 425 2990 καὶ
461 2937 744 3007 προϊέναι,
783 2937 876 2991 καὶ
911 2939 1212 3009 πεφηνέναι
1246 2941 1310 2992 tu
1345 2939 1560 3008 Πατρος
1593 2937 1661 2991 δι’
1689 2937 1823 2991 Υίοῦ
1857 2937 1918 2990 τὺ

334 3027 580 3098 Πνεῦμα,
614 3030 689 3102 μὴ
722 3030 823 3084 οὐκ
853 3028 912 3096 ἐξ
944 3030 1075 3084 Υίοῦ
1111 3027 1252 3085 εἶναι
1279 3032 1340 3084 τὸ
1373 3031 1597 3101 Πνεῦμα
1627 3029 1915 3100 βούλησις

329 3120 517 3175 Ταῦτα
546 3121 594 3176 δ’
617 3123 699 3176 ὅτι
733 3121 950 3187 πολλοῖς
981 3123 1230 3178 λέλεκται
1259 3126 1368 3178 τῶν
1398 3123 1574 3192 ἁγίων
1592 3165 1607 3191 ,
1637 3117 1789 3187 οἶδας
1817 3140 1920 3177 κα·
1944 3149 1990 3213 C

332 3217 444 3280 λῶς
462 3258 477 3282 ,
508 3218 603 3270 καὶ
631 3216 721 3272 διὰ
747 3215 908 3271 τοῦτο
936 3217 1000 3271 οὐ
1032 3217 1140 3288 χρὴ
1173 3216 1448 3287 παράγειν
1478 3216 1606 3279 τοὺς
1635 3215 1917 3284 λέγοντας.

329 3311 632 3381 Σκοττῶμεν
658 3309 973 3380 τοιγαροῦν,
1009 3312 1058 3363 εί
1087 3308 1160 3373 ὡς
1191 3309 1271 3362 δεῖ
1302 3309 1476 3363 ταῦτα
1509 3308 1739 3377 Γραικοὶ
1770 3308 1922 3361 νοοῦ-

333 3419 439 3457 σιν.
480 3403 731 3472 Ἀρκέσει
766 3403 874 3473 γὰρ
905 3399 1068 3456 τοῦτό
1102 3398 1206 3455 σοι.
1242 3400 1316 3453 Τὸ
1355 3400 1715 3470 προχεῖσθαι,
1749 3399 1920 3467 φασὶ,

333 3494 428 3546 καὶ
460 3492 748 3557 ὲκδλύζειν
768 3532 783 3556 ,
817 3494 912 3546 καὶ
944 3493 1194 3564 προϊέναι
1215 3532 1230 3555 ,
1265 3491 1362 3544 καὶ
1396 3491 1694 3561 πεφηνέναι
1726 3490 1783 3556 ἐξ
1816 3490 1926 3558 άμ-

335 3588 457 3654 φοῖν
479 3625 496 3650 ,
528 3585 648 3655 ἦτοι
679 3586 744 3638 ὲκ
782 3585 994 3654 Πατρδς
1025 3585 1076 3638 δί
1109 3583 1241 3636 Υίοῦ
1275 3584 1336 3636 τὺ
1369 3581 1628 3653 Πνεῦμα,
1661 3579 1923 3650 δευτέραν

335 3678 461 3732 τινὰ
497 3677 754 3748 σημαίνει
792 3676 1020 3747 πρόοδον
1044 3720 1058 3743 ,
1093 3677 1218 3729 καθ’
1245 3676 1326 3747 ἢν
1349 3678 1417 3745 τῇ
1456 3675 1632 3728 κτίσει
1666 3675 1922 3745 δωρεῖται

336 3773 397 3824 τὸ
430 3769 690 3840 Πνεῦμα,
720 3770 748 3823 ὃ
781 3771 912 3840 ἡμῖν
941 3768 1142 3822 δίδοται
1169 3769 1229 3820 οὐ
1265 3768 1416 3838 παρὰ
1449 3767 1542 3820 τοῦ
1576 3767 1790 3837 Πατρδς
1826 3767 1928 3837 μό-

340 3881 453 3930 νον,
480 3863 616 3917 ἀλλὰ
640 3863 704 3934 δὴ
732 3864 825 3914 καὶ
856 3862 1002 3928 παρὰ
1025 3860 1146 3920 Ιτοῦ
1171 3860 1347 3930 ξΥἱοῦ.
1379 3860 1623 3930 Διανομὴ
1651 3855 1744 3913 οὖν
1771 3877 1927 3931 χαρι-

342 3959 568 4031 σμάτων
599 3956 738 4026 αὕτη
772 3952 956 4025 οὖσαή
977 3954 1204 4025 πρόοδος
1237 3954 1331 4007 καὶ
1363 3954 1539 4025 χρόνῳ
1571 3955 1668 4007 καὶ
1702 3954 1838 4023 πρός
1870 3951 1924 4005 τί

342 4054 459 4104 ἐστι
491 4052 582 4103 καὶ
614 4047 744 4120 παρ’
768 4047 1100 4117 ἀμφοτέρων
1128 4063 1143 4080 ο
1179 4047 1212 4117 η
1241 4045 1298 4099 δὲ
1330 4045 1502 4106 ἀΐδιος
1522 4083 1535 4106 ,
1568 4045 1693 4098 καθ’
1717 4047 1783 4116 ἣν
1813 4044 1928 4115 ἔχει

341 4145 403 4198 τὸ
431 4144 733 4213 ὑφεστάναι
765 4142 825 4194 τὸ
851 4140 1093 4209 Πνεῦμα,
1117 4141 1182 4191 ὲκ
1215 4139 1380 4208 μόνου
1411 4139 1528 4190 ἐστὶ
1559 4137 1656 4191 τοῦ
1688 4139 1922 4208 Πατρός.

346 4235 537 4290 Ταῦτα
566 4234 817 4303 λέγοντες
845 4232 982 4302 πρὸς
1007 4231 1084 4301 τῷ
1116 4231 1285 4301 μηδὲν
1311 4230 1410 4300 τὴν
1434 4230 1589 4294 τάξιν
1615 4231 1931 4300 φυλάττειν,

343 4331 484 4398 ὅπερ
518 4327 710 4391 ὰσεῦὲς
744 4325 1158 4390 ἀποδέδεικται,
1192 4323 1312 4376 οὐδὲ
1350 4321 1617 4394 Κύριλλον
1650 4321 1931 4377 αίδοῦνται

346 4424 439 4477 τὸν
465 4423 628 4487 θεῖον,
659 4419 859 4473 οὑτωσί
889 4436 991 4472 που
1022 4417 1250 4487 λέγοντα
1279 4418 1338 4470 ἐν
1362 4415 1441 4486 τῷ
1470 4417 1605 4486 πρὸς
1633 4416 1928 4486 Νεστόριον

2008 1943 2124 1998 qua:
2151 1927 2214 1982 ab
2235 1929 2349 1996 ipso
2375 1937 2472 1982 est.
2503 1924 2647 1980 Nam
2678 1928 2732 1979 in
2760 1925 2822 1978 iis
2854 1925 3087 1994 priorem
3117 1937 3226 1976 esse
3254 1936 3472 1975 causam
3510 1919 3594 1972 di-

2009 2020 2195 2080 cimus.
2240 2020 2500 2090 posterius
2527 2035 2648 2074 vero
2698 2018 2842 2086 quod
2879 2017 2944 2071 ob
2984 2019 3097 2086 ipsa
3129 2024 3245 2081 est,
3282 2030 3386 2068 non
3432 2013 3598 2066 inter-

2011 2113 2151 2168 vallo
2215 2114 2324 2167 lucc
2375 2115 2440 2165 ab
2493 2113 2712 2166 invicem
2766 2111 3093 2175 dirimentes,
3144 2108 3236 2164 sed
3273 2107 3597 2178 cogitatione

2011 2209 2157 2275 prius
2199 2223 2358 2273 quam
2392 2208 2629 2277 effectum
2668 2221 2888 2259 causam
2928 2202 3306 2274 intelligentes.
3366 2201 3493 2256 ﬂre
3543 2210 3601 2254 et

2014 2296 2214 2353 similia
2274 2296 2463 2351 divino
2513 2295 2609 2348 illo
2671 2297 2792 2349 viro
2849 2293 3215 2359 exclamante,
3275 2291 3600 2359 nullumque

2015 2390 2184 2445 alium
2211 2387 2460 2443 ordinem
2497 2394 2838 2456 acceptante,
2876 2401 3043 2456 quam
3093 2398 3220 2438 eum
3272 2383 3366 2453 qui
3400 2381 3600 2436 subse-

2015 2483 2204 2554 quitur
2232 2497 2298 2537 ex
2351 2479 2551 2535 eﬂ‘ectu
2584 2490 2638 2534 et
2663 2493 2850 2539 causa,
2903 2485 2957 2531 et
3009 2475 3208 2544 impios
3235 2473 3600 2542 compellanle

2017 2591 2134 2638 eos,
2181 2575 2274 2644 qui
2315 2588 2424 2628 non
2452 2573 2708 2638 credunt,
2753 2571 2975 2626 tertium
3027 2583 3148 2625 esse
3204 2566 3494 2637 Spiritum,
3547 2574 3603 2619 et

2020 2676 2143 2738 post
2199 2667 2398 2722 Filium
2431 2664 2714 2730 collocari,
2757 2679 2865 2734 qua
2902 2662 3117 2718 ratione
3173 2659 3379 2716 audent
3426 2657 3602 2715 Graeci

2022 2759 2403 2829 pronuntiare,
2438 2756 2704 2828 Spiritum
2733 2771 2841 2810 non
2871 2771 2994 2811 esse
3018 2770 3085 2809 ex
3119 2752 3293 2808 Filio?

2092 2850 2146 2905 8.
2174 2849 2280 2906 Sed
2313 2857 2456 2906 esto.
2489 2849 2559 2902 At
2597 2845 2831 2912 effundi,
2865 2854 2923 2900 et
2955 2845 3214 2910 exsilire,
3243 2851 3299 2899 et
3321 2839 3602 2912 progredi,

2020 2953 2076 3000 et
2107 2958 2372 3014 apparere
2397 2942 2661 3013 Spiritum
2695 2958 2763 2998 es
2810 2942 2978 2997 Patre
3012 2954 3132 3008 per
3162 2936 3390 3000 Filium,
3417 2949 3600 2989 annon

2023 3053 2088 3092 ex
2115 3036 2253 3091 Filio
2282 3035 2545 3106 Spiritum
2567 3049 2689 3090 esse
2724 3035 2956 3090 sonant?
2979 3030 3106 3086 llaae
3133 3029 3278 3101 apud
3308 3028 3606 3101 plerosque

2025 3113 2214 3185 Patres
2240 3128 2455 3193 haberi,
2483 3136 2600 3184 tute
2632 3127 2750 3198 ipse
2771 3129 2981 3197 optime
3010 3127 3174 3191 nosti,
3207 3131 3608 3194 proptereaque

2025 3233 2338 3280 asserentes
2383 3223 2438 3277 in
2490 3221 2731 3276 medium
2767 3217 3036 3276 atl‘erendi
3088 3232 3197 3273 non
3232 3224 3381 3271 sunt.
3429 3215 3609 3281 Quare

2023 3317 2476 3381 consideremus,
2514 3330 2582 3370 an
2624 3314 2822 3375 Graeci.
2879 3313 2954 3367 uti
2992 3310 3244 3376 addecet,
3285 3308 3373 3362 illa
3401 3307 3610 3362 intelli~

2022 3419 2173 3479 gant.
2210 3408 2355 3478 quod
2385 3406 2894 3463 satistibi-t‘uerit.
2934 3403 3185 3469 Eﬂ‘undi,
3241 3401 3520 3470 inquiunt,
3554 3409 3612 3454 et

2022 3499 2267 3562 exsilire,
2301 3499 2662 3569 et~progredi,
2715 3507 2772 3553 et
2803 3511 3071 3568 apparere
3100 3495 3168 3550 ab
3202 3503 3458 3562 utroque,
3494 3491 3610 3547 sive

2023 3610 2090 3649 ex
2123 3593 2282 3647 Patre
2312 3608 2411 3658 per
2436 3592 2636 3647 Filium
2675 3590 2936 3660 Spiritum
2965 3635 2978 3657 ,
3016 3588 3320 3644 secundum
3355 3598 3612 3655 progres-

2026 3703 2146 3743 sum
2193 3687 2522 3759 signiﬁcant,
2567 3700 2677 3754 quo
2733 3683 2975 3755 Spiritus
3027 3689 3322 3737 creatum:-
3351 3678 3609 3742 denatur,

2025 3781 2312 3852 qui'nobis
2347 3795 2454 3834 non
2495 3795 2525 3834 a
2570 3779 2731 3833 Patre
2759 3773 3138 3837 solummodo,
3174 3770 3270 3828 sed
3304 3779 3361 3826 et
3413 3785 3444 3824 a
3480 3768 3615 3822 Filio

2027 3885 2246 3940 quoque
2275 3868 2588 3922 exhibetur.
2627 3866 2955 3936 Progressus
2998 3865 3182 3934 itaque
3216 3860 3330 3926 hic,
3355 3875 3482 3916 cum
3515 3858 3617 3912 do-

2028 3977 2226 4016 norum
2288 3958 2602 4029 dispartitio
2665 3957 2759 4021 sit,
2793 3965 2850 4010 et
2893 3968 3160 4021 tempore.
3215 3961 3271 4006 et
3306 3949 3373 4004 ad
3408 3948 3614 4016 aliquid

2031 4052 2143 4115 ﬁat,
2186 4051 2252 4105 ab
2288 4058 2524 4118 utroque
2554 4054 2678 4102 est:
2715 4055 2770 4100 at
2807 4044 3176 4114 sempiternus
3211 4042 3302 4096 ille
3339 4057 3448 4110 quo
3491 4038 3617 4107 Spi-

2032 4146 2173 4199 ritus
2207 4141 2396 4207 habet,
2443 4152 2503 4196 ut
2557 4139 2844 4201 subsistat,
2893 4153 2960 4193 ex
2989 4135 3106 4192 solo
3139 4133 3299 4188 Patre
3349 4142 3453 4188 est.
3492 4131 3617 4186 llaec

2032 4245 2432 4300 asseverantes,
2489 4244 2549 4287 ut
2601 4231 2850 4287 ordinem
2909 4243 3134 4299 prorsus
3176 4225 3417 4296 ejiciant,
3467 4224 3615 4294 quod
3720 4241 3742 4249 -

2035 4329 2266 4400 impium
2293 4343 2416 4384 esse
2453 4327 2892 4382 demonstratum
2927 4332 3029 4388 est,
3065 4321 3312 4376 divinum
3351 4318 3615 4390 Cyrillum

2037 4421 2264 4473 minime
2313 4425 2676 4481 reverentur,
2737 4416 2811 4469 ita
2875 4413 3124 4468 oratione
3181 4410 3247 4464 ad
3307 4407 3616 4464 Nestorium

347 4515 534 4584 λόγῳ·
580 4513 647 4566 El
694 4510 794 4564 καί
841 4509 1014 4564 ἐστιν
1059 4509 1130 4564 ἐν
1180 4509 1520 4564 ὑποστάσει
1569 4507 1634 4562 τὸ
1688 4510 1918 4579 Πνεῦμα

2040 4511 2373 4566 scribentem
2405 4527 2419 4563 :
2457 4509 2571 4562 Etsi
2593 4517 2666 4562 est
2705 4508 2760 4562 in
2807 4505 3072 4577 hypostosi
3106 4503 3326 4574 speciali
3365 4502 3618 4572 Spiritus,

346 4603 508 4672 ιδικῇ
531 4647 543 4670 ,
581 4602 680 4658 καί
718 4602 796 4672 δὴ
832 4602 1058 4656 νοεῖται
1091 4603 1221 4658 καθ’
1246 4602 1426 4657 ἑαυτὸ
1448 4644 1462 4668 ,
1501 4605 1649 4657 καθὸ
1691 4601 1936 4672 Πνεῦμὰ

347 4700 500 4760 ἐστι,
545 4697 642 4750 καί
691 4697 805 4775 ob}
851 4696 1005 4762 Υἱὸς,
1056 4690 1336 4750 ἀλλὀὖν
1381 4694 1555 4748 ἐστιν
1597 4696 1708 4748 οὐκ
1753 4695 1934 4749 duo"

348 4807 516 4859 τριον
559 4788 665 4843 τοῦ
724 4787 884 4844 Υίοῦ.
929 4786 1175 4857 Πνεῦμα
1219 4786 1329 4857 γὰρ
1374 4788 1665 4856 ἀληθείας
1711 4786 1939 4857 ὼνόμαο

347 4899 510 4943 σται.
544 4883 645 4936 καὶ
675 4882 810 4936 ἐστι
837 4881 1095 4951 Χριστὸς
1125 4881 1164 4949 ἡ
1190 4879 1467 4950 ἀλήθεια,
1501 4879 1600 4935 καὶ
1629 4880 1939 4950 προχεῖται

350 4977 488 5045 παρ’
513 4975 729 5041 αὑτοῦ,
765 4976 1034 5042 καθάπερ
1066 4973 1276 5044 ἀμέλει
1309 4973 1408 5028 καί
1444 4975 1606 5044 παρὰ
1639 4974 1748 5029 τοῦ
1787 4973 1938 5028 Θεοῦ

353 5070 450 5122 καὶ
489 5071 742 5139 Πατρός.
777 5070 852 5123 Οὐ
890 5068 997 5138 γὰρ
1032 5068 1205 5138 ἔχοιεν
1238 5067 1421 5138 λέγειν
1453 5068 1684 5141 Γραικοὶ
1705 5103 1721 5133 ,
1758 5067 1938 5121 καίτοι

353 5179 416 5230 γε
447 5162 613 5216 δεινοὶ
641 5161 961 5232 σοφίζεσθαι
988 5162 1167 5227 ὄντες,
1194 5162 1267 5224 ὡς
1299 5160 1590 5214 ἀποδοτέον
1617 5161 1678 5212 τὸ
1697 5157 1940 5227 προχεῖ-

356 5271 451 5309 ται
496 5255 633 5324 πρὸς
678 5255 739 5307 τδ
801 5253 899 5306 Ἐν
960 5251 1301 5307 ὑποστάσει
1343 5252 1416 5306 ὃν
1461 5250 1622 5319 ίδικῇ
1668 5251 1935 5320 Πνεῦμα.

360 5349 549 5401 Ἔστιν
577 5347 685 5418 ἄρα
713 5347 864 5416 παρὰ
889 5345 982 5398 τοῦ
1013 5346 1165 5410 Υίοῦ,
1195 5345 1270 5407 ὡς
1300 5345 1398 5398 καὶ
1426 5347 1575 5416 παρὰ
1603 5346 1697 5400 τοῦ
1727 5347 1938 5416 Πατρὸς

354 5441 416 5492 τὸ
447 5437 689 5507 Πνεῦμα.
724 5439 784 5491 El
815 5441 870 5490 δὲ
901 5437 1092 5508 φαίης.
1119 5436 1193 5500 ὼς
1222 5436 1291 5488 δι’
1321 5435 1444 5489 Υίοῦ
1479 5436 1653 5490 θέλων
1681 5437 1851 5503 δεῖξαι
1879 5438 1940 5490 τὸ

359 5527 581 5597 Πνεῦμα
617 5529 698 5590 εις
735 5529 794 5580 τὸ
834 5527 986 5596 παρὰ
1020 5527 1117 5580 τοῦ
1158 5525 1289 5579 Υἱοῦ
1330 5522 1472 5581 εἶναι
1511 5528 1786 5595 ἐνέπεσον,
1823 5529 1941 5581 ἐπί-

357 5637 485 5690 σχες
519 5621 635 5677 νῦν.
668 5620 867 5692 Μικρῷ
899 5621 944 5674 δ’
973 5621 1200 5691 ὕστερον
1235 5622 1334 5691 τὴν
1365 5622 1634 5690 διαφορὰν
1667 5622 1940 5686 ἐξετάσω-

359 5730 458 5782 μεν
485 5714 594 5767 τιίν
625 5713 963 5784 προθέσεων.
998 5712 1076 5766 Οὐ
1111 5713 1220 5784 μὴν
1249 5713 1384 5766 ἀλλὰ
1416 5714 1639 5768 κάκεῖνο
1669 5712 1884 5786 εὔηθες,
1913 5717 1942 5770 ὃ

358 5806 503 5872 τινές
533 5823 718 5879 φασιν,
747 5806 830 5863 ὅτι
857 5805 918 5860 τὸ
946 5805 1200 5878 καθάπερ
1225 5807 1487 5877 ὁμοῖωσιν
1518 5809 1781 5879 σημαῖνον
1841 5809 1940 5862 οὐκ

2039 4613 2086 4659 et
2111 4605 2232 4675 jam
2248 4601 2537 4657 secundum
2564 4602 2793 4667 seipsum
2823 4597 3162 4667 intelligitur,
3181 4603 3237 4648 ut
3262 4593 3494 4664 Spiritus
3521 4601 3619 4653 est,
3717 4663 3730 4672 ι

2039 4707 2086 4750 et
2147 4713 2251 4750 non
2310 4693 2509 4757 Filius,
2547 4703 2782 4746 attamen
2819 4706 2923 4743 non
2971 4698 3046 4742 est
3102 4687 3306 4742 alienus
3347 4704 3380 4740 a
3431 4683 3620 4738 Filio:

2041 4803 2269 4857 namque
2299 4785 2528 4856 Spiritus
2559 4784 2795 4837 veritatis
2829 4778 3155 4852 appellatur,
3187 4785 3235 4832 et
3269 4785 3342 4830 est
3380 4775 3623 4830 Christus

2041 4881 2259 4942 veritas,
2293 4889 2342 4933 et
2385 4878 2676 4949 effunditur
2714 4877 2780 4929 ab
2813 4876 2924 4943 ipso
2957 4889 3016 4928 eo
3070 4875 3184 4941 ipso
3215 4871 3390 4934 modo,
3421 4885 3524 4939 quo
3573 4876 3624 4922 et

2042 4971 2332 5040 e/funditur
2367 4987 2398 5023 a
2425 4969 2529 5022 Deo
2559 4976 2608 5022 et
2639 4965 2820 5021 Patre.
2849 4964 2946 5021 llic
2970 4963 3175 5028 ϐτιεοί,
3198 4962 3345 5017 licet
3369 4959 3628 5015 acumine

2043 5065 2272 5118 valeant
2325 5070 2381 5116 et
2403 5061 2571 5116 rebus
2605 5059 2716 5114 sint
2746 5054 3167 5112 adiuveniendis
3200 5049 3626 5123 promptissimi.

2041 5170 2324 5224 nunquam
2355 5153 2704 5208 allirmabunt
2748 5149 2946 5222 eﬁ'undi
2985 5147 3051 5203 ad
3096 5145 3227 5201 illud
3255 5184 3270 5212 ,
3311 5143 3534 5199 Etsiest
3572 5142 3627 5194 in

2042 5247 2314 5317 hypostasi
2341 5245 2558 5314 speciali
2598 5242 2835 5314 Spiritus
2857 5240 3074 5296 referri.
3109 5239 3207 5296 Est
3234 5239 3400 5308 igitur
3420 5253 3448 5290 a
3485 5235 3624 5290 Filio

2043 5339 2205 5394 sicuti
2261 5349 2316 5392 et
2369 5353 2398 5391 a
2456 5339 2616 5391 Patre
2661 5335 2920 5404 Spiritus.
2959 5334 3123 5400 Quod
3176 5331 3220 5386 si
3273 5327 3627 5384 contenderis

2043 5450 2193 5498 cum,
2243 5447 2369 5486 cum
2428 5430 2694 5500 Spiritum
2746 5426 2914 5482 vellet
2972 5425 3265 5480 ostendere
3294 5437 3392 5492 per
3424 5421 3626 5476 Filium

2043 5544 2184 5593 esse,
2218 5527 2270 5580 iu
2301 5523 2434 5578 illud
2468 5523 2785 5593 prolapsum
2831 5535 2975 5583 esse,
3011 5526 3078 5571 ut.
3107 5532 3231 5572 eum
3276 5529 3344 5570 ex
3382 5513 3522 5568 Filio
3547 5512 3630 5568 di-

2043 5630 2210 5675 ceret.
2245 5616 2560 5672 Continesis
2589 5624 2640 5669 te
2675 5609 3123 5684 paululum..Non
3149 5606 3323 5662 multo
3350 5615 3472 5676 post
3501 5619 3630 5676 pro-

2045 5712 2378 5783 positionum
2418 5711 2714 5765 discrimen
2747 5704 3214 5763 cxaminabimus.
3243 5700 3382 5756 Illud
3408 5713 3631 5770 quoque

2046 5805 2303 5864 stolidum
2325 5813 2426 5874 cst,
2441 5806 2586 5875 quod
2605 5803 2826 5874 quidam
2845 5799 3088 5863 tradunt,
3112 5795 3248 5852 illud
3267 5812 3324 5850 eo
3345 5796 3457 5866 ipso
3481 5791 3642 5848 modo
