3880 6220
410 331 523 395 779

1601 339 1926 398 GEORGII
1968 337 2479 398 ΊἪΑΡΕΖΠΝΤΙΙ
3495 337 3574 395 ’780

411 445 827 500 similitudinem
858 457 1052 501 notans
1076 447 1150 500 nil
1181 445 1487 502 conducere
1523 446 1838 502 Latinorum
1865 447 1984 517 epi-

2090 449 2333 518 ὲνέχεται
2380 450 2448 518 τῇ
2501 447 2611 499 τῶν
2661 447 2910 500 Λατίνων
2961 445 3105 516 δόξῃ,
3156 446 3577 515 προκαταρκτοκῶς

412 536 588 600 nioni,
617 537 709 606 qui
743 538 908 592 veluti
941 553 969 591 a
1003 539 1265 608 primario
1298 538 1569 608 principio
1591 549 1645 594 et
1695 540 1906 610 origine
1951 556 1980 594 a

411 625 572 681 Patre
594 641 716 680 esse
741 627 1006 695 Spiritum
1056 636 1329 692 asserunt,
1382 643 1484 683 nec
1533 643 1600 683 eo
1651 629 1771 697 ipso
1821 629 1983 683 modo

410 733 475 771 cx
509 718 666 773 Filio.
707 718 1018 773 Similitudo
1051 718 1320 789 siquidem
1346 721 1448 774 hoc
1477 720 1529 774 iu
1563 721 1707 785 loco,
1737 721 1980 775 utetiam

327 879 352 890 -
411 827 472 864 ea
507 827 628 880 qua:
661 809 730 864 ab
765 810 887 864 aliis
912 811 1192 878 dicuntur,
1229 811 1317 866 hic
1347 811 1594 877 ail'eram,
1631 826 1736 866 non
1770 811 1836 865 ad
1869 826 1982 865 no-

413 914 481 956 taz
506 904 634 956 dum
667 903 912 964 modum,
948 903 1043 956 sed
1089 918 1334 966 causam,
1357 919 1422 958 ex
1459 919 1563 974 qua
1594 913 1700 966 est,
1737 903 1981 957 desumi-

413 1007 518 1047 tur.
553 994 706 1059 Quod
737 993 780 1047 si
808 994 875 1048 ad
906 995 1201 1050 notandum
1253 995 1472 1050 modum
1493 1037 1506 1062 ,
1539 996 1744 1066 Optime
1775 995 1980 1050 dictum

412 1096 513 1147 est,
555 1086 802 1154 procedit
831 1086 1201 1144 enimaPatre
1232 1103 1329 1158 per
1358 1086 1578 1154 Filium,
1607 1097 1662 1143 et
1683 1088 1984 1143 similitudo

414 1178 749 1232 exsislentim
781 1179 1002 1234 modum
1041 1179 1284 1250 respicit,
1319 1179 1464 1248 quod
1499 1195 1563 1234 ex
1609 1189 1843 1250 utroque
1885 1194 1983 1249 per

415 1274 634 1327 modum
669 1274 1037 1342 processionis
1062 1284 1165 1339 est,
1203 1290 1311 1329 non
1361 1275 1598 1344 primum
1655 1285 1710 1329 et
1743 1275 1983 1344 origina-

415 1368 553 1419 rinm
590 1365 940 1436 principium.
983 1366 1099 1421 Non
1137 1381 1283 1421 enim
1329 1366 1466 1420 alius
1503 1368 1835 1422 exsistentia:
1868 1381 1983 1421 mo-

414 1459 516 1510 tlus
567 1467 668 1523 cst,
703 1473 823 1512 esse
860 1474 956 1528 per
987 1459 1204 1512 modum
1238 1460 1492 1530 principii
1543 1461 1810 1530 primarii,
1843 1460 1982 1516 alius

416 1564 513 1616 per
545 1549 675 1602 illud
706 1565 812 1602 non
853 1565 972 1603 esse
997 1591 1009 1612 ,
1045 1549 1139 1604 sed
1167 1565 1311 1604 unus
1339 1562 1394 1604 et
1425 1550 1590 1606 idem.
1634 1551 1690 1605 Id
1723 1550 1870 1604 enim
1898 1550 1982 1604 in-

417 1641 537 1694 nuit
567 1640 698 1694 illud
731 1656 828 1710 per
855 1640 1076 1694 modum
1106 1640 1350 1710 primarii
1380 1640 1663 1710 principii.
1696 1639 1850 1706 Quod
1877 1654 1982 1694 una

417 1745 539 1784 eum
573 1730 643 1784 sit
675 1730 999 1800 productiva
1044 1731 1275 1786 facultas
1304 1731 1376 1784 'in
1435 1732 1595 1786 Patre
1623 1741 1678 1786 et
1713 1733 1870 1797 Filio,
1917 1751 1984 1790 ex

421 1821 579 1876 Patre
608 1830 886 1892 acceptam
920 1824 1086 1877 habet
1124 1823 1315 1888 Filius,
1349 1826 1494 1879 unde
1522 1835 1578 1880 et
1613 1842 1734 1882 esse
1765 1828 1982 1898 accipit.

425 1913 489 1966 Et
539 1913 997 1984 quemadmodum
1050 1917 1094 1968 si
1153 1907 1276 1982 quis
1332 1915 1570 1970 divinam
1623 1926 1872 1970 naturam
1919 1919 1985 1973 ad

422 2005 642 2059 modum
667 2005 914 2074 primarii
946 2005 1204 2076 principii
1237 2006 1289 2059 in
1311 2006 1470 2060 Patre
1501 2005 1726 2076 intelligi
1756 2007 1986 2072 diceret,

423 2114 537 2152 rem
574 2113 799 2168 prorsus
824 2098 1186 2152 necessariam
1217 2098 1595 2168 pronuntiaret
1636 2115 1650 2151 :
1684 2099 1810 2154 inde
1841 2101 1987 2155 enim

420 2205 540 2244 eam
596 2187 757 2246 habet
787 2199 841 2245 et
875 2187 1042 2244 Filius
1069 2199 1126 2245 et
1170 2189 1410 2260 Spiritus
1433 2199 1690 2258 sanctus;
1723 2202 1777 2246 at
1834 2191 1989 2248 dilic-

423 2291 634 2336 rentcm
667 2289 957 2351 pr0pterea
993 2289 1242 2334 naturam
1273 2281 1586 2352 concipere,
1623 2283 1740 2338 ﬁeri
1777 2285 1988 2355 nequit,

421 2373 552 2442 quin
602 2373 936 2440 oppositum,
971 2372 1276 2426 absolutam
1311 2374 1570 2428 unionem
1597 2416 1611 2437 .
1644 2375 1791 2446 quod
1823 2391 1987 2445 quam

422 2464 584 2518 habet
621 2465 799 2530 Pater,
829 2477 948 2518 eam
997 2465 1365 2518 communicat
1399 2463 1576 2520 Filio:
1607 2468 1724 2537 pari
1775 2469 1990 2524 ratione

424 2571 520 2625 per
555 2553 772 2611 modum
794 2555 1042 2624 primarii
1068 2556 1345 2626 principii,
1371 2557 1496 2610 dum
1527 2558 1732 2613 dicitur
1751 2557 1990 2629 Spiritus

422 2648 719 2719 procedere
746 2653 822 2704 ex‘
845 2649 1025 2712 Patre,
1059 2664 1166 2701 non
1197 2663 1352 2717 aeque
1397 2663 1530 2702 vero
1563 2664 1628 2703 ex
1671 2649 1835 2715 Filio,
1869 2650 1994 2705 nul-

419 2745 531 2796 lum
554 2740 842 2795 discrimen
880 2740 1026 2794 modi
1059 2740 1388 2794 exsistentize
1423 2739 1609 2805 infert,
1645 2742 1774 2795 dum
1815 2743 1989 2798 utitur

420 2833 512 2887 illo
545 2832 612 2887 ad
658 2831 878 2887 modum
909 2832 1154 2902 primarii
1206 2831 1482 2901 principii,
1524 2832 1619 2886 sed
1648 2833 1984 2902 oppositum,

416 2925 697 2990 unionem,
734 2933 793 2978 ut
821 2925 891 2979 sit
923 2925 1064 2978 idem
1093 2938 1188 2993 per
1216 2924 1396 2978 omnia
1426 2925 1641 2979 modus.
1675 2925 1890 2980 Etenim
1941 2927 1987 2982 si

417 3014 640 3069 exhibet
663 3014 1038 3084 productivam
1066 3013 1378 3068 facultatem
1423 3013 1560 3068 Filio
1594 3015 1754 3068 Pater
1783 3016 1988 3105 absque

418 3105 709 3177 principio,
739 3105 858 3176 ipse
881 3120 1003 3159 eam
1032 3105 1242 3160 habens
1268 3145 1282 3167 ,
1325 3105 1470 3176 quod
1505 3106 1598 3160 illo
1634 3121 1730 3175 per
1763 3109 1984 3162 modum

417 3197 664 3267 primarii
713 3197 970 3268 principii
1017 3197 1312 3260 indicatur,
1345 3197 1695 3252 manilestum
1744 3207 1990 3254 remanet

417 3291 565 3345 illam
618 3288 865 3344 eamdem
922 3304 1152 3344 numero
1195 3288 1592 3353 exhibiturum,
1622 3304 1730 3359 qua
1776 3289 1990 3358 eiipso

421 3383 661 3452 Spiritus
717 3381 1085 3453 progreditur.
1119 3381 1335 3437 Nullius
1366 3381 1550 3451 itaque
1594 3381 1817 3436 absurdi
1862 3397 1989 3436 reus

415 3473 548 3538 erit,
607 3473 700 3544 qui
731 3474 1034 3546 asseruerit
1065 3488 1128 3528 ea
1179 3475 1390 3529 ratione
1441 3472 1708 3544 Spiritum
1760 3488 1883 3528 esse
1921 3489 1986 3529 ex

416 3567 576 3631 Filio,
609 3582 719 3637 qua
766 3577 948 3622 estex
1001 3567 1183 3631 Patre,
1221 3581 1346 3620 cum
1405 3566 1603 3622 modus
1653 3567 1988 3622 exsistentiae

415 3659 509 3714 ille
534 3673 630 3729 per
663 3657 885 3712 modum
914 3655 1160 3725 primarii
1196 3655 1452 3727 principii
1481 3656 1683 3710 nullam
1719 3656 1984 3710 dill'eren-

417 3755 570 3816 tiam,
606 3751 701 3807 sed
739 3751 921 3820 potius
973 3750 1238 3804 unitatem
1268 3748 1543 3804 admittat.
1580 3748 1747 3819 idque
1795 3764 1984 3802 verum

417 3859 562 3907 esse,
591 3843 943 3897 manifestum
999 3843 1107 3896 erit
1129 3857 1196 3896 ex
1231 3840 1595 3912 oppositione.
1632 3841 1766 3896 Nam
1795 3843 1842 3895 si
1875 3842 1986 3909 pri-

419 3934 653 3989 marium
685 3933 1014 4002 principium
1046 3932 1185 3987 Filio
1217 3948 1436 4002 quoque
1462 3932 1852 3994 concedamus,
1884 3932 1983 3986 ha-

422 4028 574 4083 bebit
611 4027 741 4082 illud
790 4026 908 4097 ipse
945 4026 1153 4096 absque
1181 4025 1473 4096 principio,
1506 4034 1561 4078 et
1588 4039 1699 4078 non
1732 4039 1763 4078 a
1801 4024 1983 4078 Patre.

2086 541 2354 611 λεγόντων
2382 541 2444 592 τὸ
2476 538 2701 609 Πνεῦμα
2731 539 2796 592 ὲκ
2827 537 2920 592 τοῦ
2957 538 3188 606 Πατρὶς,
3219 539 3306 588 καὶ
3334 538 3418 606 οὐχ
3443 537 3579 600 οὕτως

2084 634 2148 686 ἐκ
2172 635 2265 686 τοῦ
2297 632 2452 687 Υίοῦ.
2489 633 2554 684 Ἠ
2583 631 2691 701 γὰρ
2721 631 2982 700 ὁμοίωσις
3010 629 3236 682 ἐνταῦθα
3259 627 3328 699 τῷ
3357 629 3494 698 ἁγίῳ,
3517 631 3580 682 ἵνα

2084 728 2179 780 καὶ
2213 727 2274 779 τὸ
2316 726 2446 795 παρ’
2469 725 2643 780 ἄλλων
2677 723 2972 792 λεγόμενον
3003 722 3156 786 λέξω.
3187 721 3244 774 οὗ
3281 722 3402 790 πρὸς
3432 721 3485 774 to
3511 722 3581 773 ὡδὶ

2085 816 2247 885 εἶναι,
2279 819 2411 873 ἀλλὰ
2438 818 2575 888 πρὸς
2598 819 2656 871 τὸ
2681 819 2806 870 ὅθεν
2833 815 3109 886 εἴληπται.
3139 814 3198 867 Εί
3223 814 3275 868 δὲ
3302 815 3387 867 καὶ
3412 815 3522 884 πρὸς
3539 815 3582 866 τὸ

2084 910 2179 964 ὡδὶ
2198 953 2213 976 ,
2247 916 2340 963 καὶ
2369 909 2526 963 τοῦτο
2558 909 2760 969 καλῶς.
2799 905 3184 978 Ἐκπορεύεται
3214 905 3314 975 γὰρ
3342 904 3475 972 παρὰ
3497 907 3584 958 lla-
3685 953 3692 964 ,

2083 998 2210 1071 τρδς
2244 999 2310 1052 δι’
2334 999 2488 1061 Υίοῦ,
2527 1000 2619 1052 καὶ
2655 1000 2686 1069 ἡ
2725 998 2988 1067 ὁμοίωσις
3025 996 3160 1064 πρὸς
3190 994 3276 1048 τὸν
3306 994 3483 1063 τρόπον
3509 994 3585 1062 τῆς

2086 1080 2373 1162 ὑπάρξεως
2399 1091 2458 1143 τὸ
2487 1087 2978 1164 προκαταρκτικιῖκ
3003 1086 3098 1140 τοῦ
3132 1086 3224 1156 μὴ,
3252 1085 3357 1138 ἀλλ’
3376 1079 3448 1148 είς
3473 1087 3584 1139 καὶό

2085 1183 2266 1246 αὑτός.
2305 1182 2476 1236 Τοῦτο
2517 1181 2627 1252 γὰρ
2668 1182 2827 1251 μόνον
2867 1180 3116 1249 βούλεται
3152 1177 3214 1230 τὸ
3248 1193 3584 1246 προκαταρκτι-

2085 1280 2219 1342 κῶς,
2253 1281 2335 1333 ὅτι
2376 1280 2504 1350 μιᾶς
2538 1276 2708 1348 οὔσης
2741 1276 2840 1346 τῆς
2871 1274 3243 1345 ’προῦλητικῆς
3277 1273 3519 1341 δυνάμεως
3544 1273 3585 1322 ὲν

2085 1372 2263 1440 Πατρὶ
2291 1370 2388 1424 καὶ
2419 1370 2552 1438 Υῑῷ,
2585 1371 2650 1423 ἐκ
2676 1368 2773 1423 τοῦ
2807 1355 3024 1436 [lg-cpi);
3054 1368 3164 1436 ἔχει
3191 1366 3379 1434 ταύτην
3402 1363 3586 1416 λαϐὼνὸ

2086 1461 2247 1527 Υἱὸς,
2279 1460 2399 1514 ὅθεν
2431 1461 2522 1514 καὶ
2553 1459 2614 1513 τὸ
2643 1454 2804 1514 εἶναι.
2836 1459 2946 1512 Καὶ
2967 1458 3160 1528 ,ὥσπερ
3190 1457 3240 1510 εί
3263 1473 3341 1516 τις
3366 1455 3493 1523 λέγει
3515 1454 3588 1522 τὴν

2088 1553 2238 1606 θείαν
2265 1551 2429 1621 φύσιν
2457 1550 2946 1622 προκαταρκτικῶς
2979 1551 3076 1602 καὶ
3104 1547 3379 1618 ἁρχοειδῶς
3403 1544 3588 1598 νοεῖσθαι

2089 1645 2146 1695 ὲν
2171 1641 2247 1712 τῷ
2275 1643 2468 1712 Πατρὶ,
2499 1643 2730 1713 πρᾶγμα
2755 1642 2903 1708 λέγει
2930 1642 3107 1709 πάντη
3135 1640 3427 1704 ἀναγκαῖον.
3459 1635 3592 1687 Ἐκεῖ-

2089 1733 2180 1785 Θεν
2203 1731 2310 1802 γὰρ
2337 1731 2448 1800 ἔχει
2471 1730 2676 1801 ταύτην
2701 1731 2729 1783 ό
2755 1729 2892 1793 Tib:
2909 1729 3006 1782 καὶ
3030 1728 3090 1782 τὸ
3119 1727 3346 1796 Πνεῦμα.
3371 1721 3590 1791 Διαφορᾶν

2087 1823 2146 1876 δὲ
2178 1821 2392 1891 φύσεως
2423 1821 2510 1874 διὰ
2539 1821 2696 1874 τοῦτο
2725 1821 2916 1890 νοῆσαι
2950 1821 3243 1881 ἀδύνατον,
3270 1814 3538 1870 τούναντίον
3560 1812 3592 1864 δ’

2090 1916 2238 1970 ἅπαν
2277 1914 2531 1984 ἑνότητα,
2569 1917 2650 1968 ὅτι
2688 1915 2754 1984 ἢν
2790 1914 2903 1982 ἔχει
2939 1914 3105 1983 φύσιν
3137 1915 3164 1965 ό
3202 1911 3404 1979 Πατὴρ,
3431 1905 3592 1972 ταύτην
3627 1951 3634 1957 .

2087 2007 2270 2060 δίδωσι
2318 2007 2396 2077 τῷ
2445 2007 2580 2076 Υἱῷ.
2627 2005 2783 2060 Οὕτω
2831 2005 3315 2076 προκαταρκτικῶς
3359 2002 3592 2068 λεγόμενον

2090 2097 2486 2168 ἐκπορεύεσθαι
2513 2099 2574 2151 τὸ
2605 2098 2828 2168 Πνεῦμα
2856 2101 2919 2152 ὲκ
2946 2099 3045 2152 τοῦ
3076 2096 3304 2169 Πατρδς,
3333 2093 3400 2164 μὴ
3422 2090 3538 2146 οὕτω
3554 2089 3592 2139 iis

2091 2192 2152 2243 ὲκ
2198 2189 2292 2243 τοῦ
2341 2187 2515 2257 Υἱοῦ,
2561 2189 2819 2259 οὐδεμίαν
2865 2190 3134 2260 διαφορὰν
3179 2187 3271 2241 τοῦ
3311 2186 3488 2256 τρόπον
3522 2183 3592 2246 τῆς

2096 2283 2381 2354 ὑπάρξεως
2427 2283 2610 2336 δίδωσι
2640 2285 2780 2336 νοεῖν
2821 2283 2898 2350 τῷ
2952 2278 3455 2351 προκαταρκτικῶς,
3481 2273 3594 2326 τούν-

2091 2375 2271 2429 αντίον
2297 2374 2350 2428 δὲ
2382 2374 2631 2446 ἑνότητα.
2659 2374 2812 2428 Ὦστ’
2835 2369 2974 2427 εἶναι
3002 2375 3095 2427 τὸν
3123 2373 3283 2428 αὐτὸν
3309 2368 3438 2424 κατὰ
3463 2367 3592 2418 πάντα

2089 2467 2315 2534 τρόπον·
2352 2465 2414 2518 Ei
2457 2465 2566 2536 γὰρ
2608 2464 2791 2518 δίδωσι
2827 2463 2926 2536 τὴν
2961 2461 3328 2533 προδλητικὴν
3363 2452 3595 2523 δύναμινὸ

2091 2555 2280 2626 Πατὴρ
2315 2555 2390 2626 τῷ
2431 2557 2546 2627 Υἱῷ
2588 2558 2834 2627 ἀνάρχως
2857 2595 2872 2620 ,
2908 2555 3073 2620 αὐτὸς
3113 2555 3279 2624 αὐτὴν
3311 2551 3468 2621 ἔχων.
3495 2549 3594 2611 ὅπερ

2092 2647 2169 2718 τῷ
2198 2649 2691 2719 προκαταρκτικῶς
2720 2647 2999 2719 δηλοῦται,
3033 2646 3295 2717 πρόδηλον
3322 2644 3399 2696 ὅτι
3424 2639 3505 2708 τὴν
3528 2634 3597 2687 ai-

2089 2741 2188 2811 τὴν
2217 2741 2429 2810 ἐκείνην
2457 2740 2617 2794 δώσει
2643 2740 2719 2810 τῷ
2747 2739 2999 2811 ἀριθμῷ,
3092 2737 3150 2804 ἐξ
3179 2736 3334 2791 αὐτοῦ
3361 2734 3537 2803 πρόεισι
3556 2728 3599 2779 τὸ

2092 2831 2340 2902 Πνεῦμα.
2373 2832 2485 2885 Οὐκ
2516 2833 2760 2902 ἐνέχεται
2792 2834 2899 2901 ἄρα
2927 2831 3158 2902 οὐδεμιᾷ
3189 2827 3376 2894 ἀτοπία
3401 2827 3427 2877 ό
3449 2822 3596 2888 λέγων,

2090 2923 2263 2986 οὕτως
2291 2917 2432 2976 εἶναι
2457 2921 2518 2976 τδ
2545 2923 2770 2992 Πνεῦμα
2797 2927 2860 2977 ὲκ
2885 2923 2979 2977 τοῦ
3008 2923 3166 2989 Υίοῦ,
3191 2921 3368 2988 ὥσπερ
3391 2918 3470 2972 καὶ
3491 2914 3600 2982 παρᾶ

2091 3014 2185 3069 τοῦ
2218 3016 2454 3086 Πατρδς,
2484 3015 2578 3067 τοῦ
2610 3017 2814 3085 τρόπου
2844 3015 2946 3085 τῆς
2975 3013 3267 3086 ὑπάρξεως
3292 3012 3349 3065 οὐ
3374 3005 3599 3074 διισταμέ-

2091 3126 2182 3163 νου
2206 3149 2220 3174 ,
2254 3107 2372 3163 ἀλλ’
2399 3107 2694 3178 δνουμένου
2731 3107 2810 3178 τῷ
2855 3105 3357 3179 προκΰαρκτικῶς.
3389 3101 3536 3156 Τοῦτο
3565 3096 3598 3148 δ’

2092 3203 2174 3255 ὅτι
2212 3200 2414 3272 ἀληθὲς
2454 3200 2612 3271 δῆλον
2655 3201 2748 3254 καὶ
2795 3203 2859 3254 ἐκ
2903 3200 3000 3270 τῆς
3048 3199 3394 3268 ἀντιφάσεως.
3437 3194 3488 3246 Εἰ
3518 3189 3600 3259 γὰρ

2089 3293 2336 3364 δώσομεν
2365 3293 2460 3346 καὶ
2489 3293 2568 3362 τῷ
2602 3292 2716 3362 Υίῷ
2744 3293 2806 3344 τὸ
2841 3291 3336 3362 προκαταρκτικῶς
3355 3329 3371 3354 ,
3399 3286 3600 3353 ἁνάρχως

2089 3385 2200 3450 ἕξει
2232 3383 2389 3437 τοῦτο
2421 3385 2516 3436 καὶ
2548 3385 2608 3436 οὐ
2648 3383 2798 3454 παρὰ
2827 3384 2920 3436 τοῦ
2955 3384 3194 3454 Πατρός.
3223 3383 3332 3436 Οὐκ
3360 3380 3456 3449 ἄρα
3482 3375 3599 3428 ἔσται

2091 3475 2221 3530 αὐτὸ
2247 3475 2425 3541 τοῦτο,
2451 3475 2588 3545 ὅπερ
2616 3477 2642 3528 ό
2669 3475 2860 3546 Πατὴρ
2885 3474 3020 3545 ἔχει.
3050 3475 3311 3543 Διάφορον
3332 3470 3447 3540 ἄρα.
3474 3464 3599 3518 Ἀλλᾶ

2087 3568 2150 3620 τὸ
2193 3567 2680 3638 προκαταρκτικῶς
2719 3566 2868 3637 μόνῳ
2923 3567 3005 3636 τῷ
3043 3567 3216 3637 Πατρὶ
3248 3565 3455 3619 δέδοται.
3485 3558 3603 3626 Ἔχει

2091 3657 2228 3727 ἄρα,
2259 3657 2514 3720 κοινωνὸς
2542 3656 2618 3710 ὢν
2652 3658 2874 3711 πάντων
2903 3658 3016 3710 τῶν
3045 3658 3139 3711 τοῦ
3172 3657 3373 3727 Πατρός
3398 3648 3598 3720 ἁγαθῶνι

2093 3748 2262 3802 ταυτὺ
2283 3787 2298 3813 ,
2333 3750 2427 3801 καί
2459 3750 2519 3800 οὐ
2554 3749 2810 3820 διάφορος
2843 3751 2871 3802 ό
2903 3749 3057 3812 Υἱός.
3094 3749 3167 3802 Τὸ
3200 3743 3491 3816 προχεῖσθαι
3519 3739 3599 3807 ἄρα

2092 3841 2244 3908 παρὰ
2275 3840 2369 3892 τοῦ
2419 3839 2545 3893 Υίοῦ
2581 3842 2640 3894 τὸ
2681 3841 2906 3912 Πνεῦμα
2947 3843 3006 3895 οὐ
3047 3842 3115 3895 τὰ
3160 3841 3472 3910 χαρίσματα,
3501 3827 3602 3884 ἀλλὰ

2091 3933 2190 4002 τὴν
2209 3932 2504 3986 ὑπόστασιν
2521 3933 2731 3986 ἐκεῖθεν
2748 3931 2887 3986 εἶναι
2910 3933 3064 4003 δηλοῖ
3085 3929 3436 4004 ἐκπορευτῶς,
3453 3924 3601 3988 ὥςπερ

2090 4026 2185 4078 καὶ
2216 4025 2368 4096 παρὰ
2397 4025 2492 4079 τοῦ
2528 4026 2762 4097 Πατρός.

418 4125 535 4179 Non
571 4125 676 4179 erit
710 4123 873 4194 igitur
899 4122 1029 4178 illud
1065 4121 1436 4192 ipsum,quod
1461 4119 1622 4174 Pater
1681 4121 1864 4174 habet.
1917 4118 2058 4191 Ergo
2099 4120 2396 4176 diversum.
2450 4121 2558 4176 Sed
2615 4122 2937 4192 primarium
2984 4121 3311 4191 principium
3356 4113 3445 4171 soli
3488 4105 3601 4162 Patri

414 4218 758 4274 conceditur.
785 4217 957 4272 Habet
986 4217 1172 4286 igitur,
1207 4230 1330 4269 cum
1356 4215 1599 4268 omnium
1627 4225 1978 4283 paternorum
2021 4217 2292 4272 bonorum
2354 4216 2626 4286 particeps
2695 4215 2786 4280 sit,
2852 4215 2985 4270 illud
3034 4215 3177 4271 idem
3222 4212 3401 4273 Filius,
3427 4216 3474 4263 et
3517 4217 3599 4256 n0"

416 4315 714 4369 diversum.
772 4311 991 4367 Edundi
1059 4312 1242 4382 itaque
1301 4327 1330 4364 a
1367 4310 1504 4364 Filio
1551 4310 1813 4379 Spiritum
1872 4326 1982 4365 non
2021 4311 2188 4379 dona,
2249 4311 2346 4368 sed
2375 4311 2711 4384 hypostasim
2743 4309 2870 4367 inde
2927 4324 3052 4367 esse
3081 4311 3282 4366 indicat
3313 4321 3402 4377 per
3423 4301 3599 4357 modum

415 4407 803 4477 proccssionis,
834 4405 1292 4476 quemadmodum
1343 4415 1399 4460 et
1429 4421 1457 4460 a
1491 4405 1671 4461 Patre.

485 4504 540 4556 9.
573 4501 798 4570 Magnus
833 4513 1051 4568 quoque
1079 4497 1310 4554 Basilius
1340 4513 1404 4553 ex
1440 4497 1551 4554 Deo
1574 4498 1838 4569 Spiritum
1865 4514 1986 4556 esse

2162 4495 2228 4550 θ’.
2271 4494 2334 4550 '0
2367 4495 2423 4549 δὲ
2461 4495 2635 4565 μέγας
2667 4493 2948 4558 Βασίλειος
2979 4495 3043 4548 τδ
3081 4493 3178 4564 μὲν
3211 4495 3272 4546 ικ
3303 4459 3530 4543 meo“;
3553 4477 3598 4530 τδ

416 4595 577 4662 plane
606 4602 904 4660 aperteque
930 4589 1166 4644 asseruit
1193 4607 1206 4642 :
1257 4589 1559 4660 Apostolus,
1590 4593 1686 4653 ait,
1724 4589 1988 4657 Spiritum

417 4685 613 4744 dicens,
649 4681 737 4750 qui
768 4695 830 4732 ea:
876 4679 980 4733 Deo
1014 4689 1110 4744 est,
1149 4688 1196 4732 et
1225 4695 1320 4750 per
1353 4677 1557 4732 Filium
1601 4696 1862 4750 apparere
1891 4698 1988 4744 pa-

420 4775 527 4827 lam
565 4773 712 4843 facit,
752 4770 876 4824 Filii
923 4769 1181 4841 Spiritum
1212 4769 1372 4826 illum
1404 4773 1705 4827 nominans.
1741 4771 1807 4826 Et
1844 4773 1991 4827 hunc

418 4880 637 4936 quoque
671 4864 735 4918 de
759 4863 1096 4933 Spiritu,qui
1119 4863 1172 4916 in
1195 4863 1469 4933 hypostasi
1489 4873 1590 4929 est,
1605 4865 1768 4918 verba
1787 4864 1987 4930 facere,

421 4958 546 5012 inde
575 4953 1190 5019 manil‘estoevlncitur,
1231 4952 1378 5022 quod
1419 4954 1602 5009 nullus
1627 4955 1693 5008 ad
1745 4955 1848 5010 hoc
1887 4955 1989 5008 aavi

419 5064 484 5102 ex
519 5048 840 5101 doctoribus
891 5044 1011 5100 Filii
1059 5041 1322 5112 Spiritum
1368 5043 1531 5106 dona,
1561 5052 1656 5098 aut
1686 5045 1752 5098 ad
1784 5059 1906 5108 nos,
1937 5055 1993 5098 et

422 5144 475 5196 in
537 5153 780 5210 tempore
823 5151 1169 5208 progressum
1222 5137 1523 5194 secundum
1556 5138 1871 5206 appellavit.
1907 5138 1990 5190 Ab

418 5244 627 5288 aeterno
657 5233 802 5286 enim
831 5229 1068 5296 Spiritus
1126 5228 1246 5286 Filii
1279 5227 1518 5298 Spiritus
1539 5240 1641 5283 cst.
1675 5228 1993 5298 Propterea-

420 5343 527 5392 que
559 5325 745 5394 lingua
782 5338 1005 5393 prorsus
1034 5337 1222 5382 aurea.
1265 5321 1491 5376 homilia
1525 5321 1593 5374 de
1631 5319 1836 5391 Spiritu
1863 5337 1991 5376 san-

422 5431 512 5472 cto
548 5438 559 5471 :
597 5417 800 5487 Ipsam,
833 5416 928 5480 ait,
960 5413 1185 5484 intelligi
1222 5413 1452 5483 Spiritus
1493 5416 1840 5485 [typoslasim,
1877 5432 1993 5468 cum

423 5511 650 5579 Spiritus
684 5506 834 5570 Filii,
863 5506 944 5560 vel
973 5507 1229 5568 veritatis.
1268 5507 1346 5561 vel
1379 5505 1570 5561 Christi
1601 5507 1813 5560 dicitur.
1855 5506 1994 5562 Illud

424 5611 689 5670 praeterea
756 5599 930 5668 magis
980 5612 1044 5652 ac
1073 5597 1244 5668 magis
1291 5597 1683 5652 attendendum
1709 5608 1814 5662 est,
1871 5598 1993 5654 ideo

425 5692 691 5760 Spiritum
726 5690 849 5744 Filii
903 5689 971 5743 ab
1026 5688 1290 5758 Apostolo
1331 5689 1536 5743 dictum
1569 5681 1880 5743 divinorum
1908 5707 1993 5743 ar-

428 5795 689 5838 canorum
725 5781 995 5847 interpres
1043 5780 1260 5846 asserit,
1290 5780 1432 5850 quod
1473 5796 1567 5850 per
1599 5779 1797 5838 Filium
1845 5798 1990 5837 com-

2091 4589 2316 4658 Πνεῦμα
2363 4583 2508 4642 εἶναι
2555 4586 2764 4657 τρανῶς
2813 4586 3082 4656 ἐκήρυξεν
3109 4603 3124 4617 ν
3167 4585 3223 4638 Ὀ
3265 4577 3596 4658 Ἀπόστολοςτ

2092 4683 2246 4747 φησὶ,
2273 4678 2341 4732 τὸ
2365 4677 2609 4748 Πνεῦμα
2632 4679 2827 4747 λέγων
2850 4679 2913 4730 τὸ
2941 4678 3010 4730 ἐκ
3033 4677 3143 4731 τοῦ
3171 4673 3332 4748 Θεοῦ,
3359 4669 3444 4724 καί
3467 4670 3522 4718 τὸ
3541 4657 3598 4712 δι’

2099 4771 2237 4826 Υιοῦ
2267 4769 2595 4840 πεφηνέναι
2626 4769 2822 4839 σαφὲς
2853 4770 3204 4837 πεποίηκεν,
3244 4764 3372 4820 Υιοῦ
3402 4757 3597 4817 Πνεῦμα

2094 4864 2399 4935 ὀνομάσας
2431 4864 2599 4917 αὐτό.
2633 4863 2755 4916 Ὀτι
2788 4863 2844 4916 δὲ
2876 4864 3003 4935 περὶ
3031 4861 3126 4916 τοῦ
3157 4863 3214 4914 ὲν
3243 4852 3502 4913 ὑποστάσει
3527 4842 3596 4899 καὶ

2092 4958 2246 5021 οὗτος
2273 4956 2419 5024 λέγει
2449 4955 2764 5024 Πνεῦματος
2789 4955 2998 5008 ἐκεῖθεν
3020 4953 3196 5024 δῆλον,
3222 4953 3298 5004 ὅτι
3322 4942 3473 5002 οὐδείς
3496 4948 3594 5024 ποτε

2097 5049 2258 5120 μέχρι
2291 5023 2382 5102 καὶ
2410 5023 2650 5118 σήμερον
2679 5047 2788 5100 τῶν
2815 5047 3149 5100 διδασκάλων
3179 5041 3305 5096 Υίοῦ
3333 5033 3523 5100 Πνεῦμα
3543 5023 3594 5076 τὰ

2095 5143 2434 5212 χαρίσματα,
2461 5142 2494 5210 ἢ
2525 5141 2623 5208 τὴν
2650 5139 2784 5205 πρὸς
2816 5140 2960 5209 ἡμᾶς
2991 5139 3085 5191 καὶ
3115 5138 3172 5190 ἐν
3198 5133 3359 5204 χρόνῳ
3384 5122 3592 5219 bur-'5'?“

2095 5235 2320 5303 πρόοδον
2356 5234 2594 5303 εἴρηκεν.
2631 5229 2875 5294 Δίωνίως
2911 5231 3018 5299 γὰρ
3055 5229 3113 5282 τὸ
3149 5225 3358 5292 Πνεῦμα
3414 5217 3593 5303 Πνεῧμξ

2096 5296 2247 5378 Υίοῦ.
2276 5325 2374 5376 Διά
2399 5296 2557 5375 τοῦτο
2585 5322 2680 5375 καὶ
2707 5322 2739 5391 ἠ
2768 5296 3079 5391 πάγχρυσος
3107 5317 3316 5386 γλῶσσα
3339 5312 3390 5362 ἐν
3411 5307 3466 5372 τῇ
3491 5296 3590 5395 περ)

2093 5417 2185 5470 τοῦ
2237 5415 2394 5484 ἁγίου
2445 5412 2760 5482 Πνεῦματος
2809 5413 3020 5483 ὁμιλίᾳ,
3058 5409 3289 5475 Ἀὐτὴν,
3334 5398 3466 5471 φησὶ,
3507 5401 3589 5443 του

2095 5509 2440 5576 Ηνεύματος
2501 5505 2835 5572 δηλοῦσθαι
2899 5507 3014 5573 τὴν
3069 5497 3424 5559 ὑπόστασιν,
3473 5486 3589 5540 ὅταν

2098 5598 2341 5666 Πνεῦμα
2389 5598 2548 5664 Υίοῦ,
2589 5598 2626 5665 ἢ
2667 5597 2971 5664 ἀληθείας,
3012 5596 3048 5663 ἢ
3091 5588 3334 5662 Χριστοῦ
3369 5582 3583 5674 λέγηξατν

2109 5692 2332 5762 Ἐκείνῳ
2362 5691 2418 5743 δὲ
2455 5691 2546 5746 καὶ
2581 5691 2721 5744 πάνυ
2757 5689 3113 5760 προσεκτέον,
3147 5687 3225 5739 ὅτι
3262 5679 3376 5734 1⁸ίοῦ
3409 5674 3582 5762 lli/till”

2098 5783 2283 5838 τούτου
2305 5759 2473 5855 Ἵχάριν
2505 5783 2757 5853 εἰρῆσθαι
2792 5759 2866 5852 τῷ
2905 5780 3204 5848 ’Λποσιόὶῳ
3226 5817 3237 5839 ,
3270 5772 3413 5842 φησν
3439 5765 3460 5816 ὁ
3491 5759 3580 5810 θέα·
