3880 6220
437 297 544 360 7δ3
1633 306 1958 368 GEORGII
1997 309 2514 370 TRAPEZUNTII
3011 269 3018 275 ’
3542 316 3621 378 in

442 430 529 468 me
566 413 734 468 veluti
773 424 956 470 mente
1007 427 1225 489 captum
1265 418 1542 477 irridebis.
1585 422 1653 474 At
1696 438 1797 492 ego
1825 438 2018 494 quem-

2127 420 2259 478 Οῗδα
2294 424 2402 495 γὰρ
2438 425 2520 477 ὃτι
2555 423 2862 495 καταγελᾷς
2899 425 3133 495 Γραικὸς
3169 427 3230 496 τῇ
3265 425 3380 498 δόξῃ
3409 428 3474 490 ὡς
3503 430 3622 501 avni)-

433 506 728 561 admodum
767 523 892 580 vera
942 508 1085 572 dico.
1138 512 1209 565 ita
1261 513 1392 568 mihi
1423 512 1676 569 Christus
1708 525 1893 584 parcat
1926 515 2015 570 die

2122 533 2238 571 του.
2269 517 2412 585 Ἐγὼ
2439 518 2484 571 δ’
2505 516 2696 587 ὥσπερ
2724 517 2902 588 ἀληθῆ
2934 517 3075 586 λέγω
3103 518 3244 572 οὑτω
3274 537 3367 587 μου
3393 522 3419 572 ό
3441 521 3622 591 Χριστὸς

429 595 644 662 judicii.
684 596 786 653 Sed
828 598 1044 653 valeant
1079 599 1195 654 tunc
1227 617 1348 669 quae
1397 603 1480 656 vel
1507 602 1734 658 deorum
1765 603 2016 659 multitu-

434 687 641 755 dinem,
666 689 749 744 vel
793 690 1128 758 impietatem
1173 693 1227 746 in
1279 693 1578 751 Ecclesiam
1631 696 1722 751 Dei
1766 697 2017 752 introdu-

431 792 601 846 cunt;
637 791 692 835 et
716 782 862 836 unde
889 785 1096 851 egressi
1123 801 1316 843 sumus
1354 791 1628 857 oratione,
1665 789 1885 846 divinus
1916 806 2018 847 nos

432 871 670 942 Cyrillus
701 872 946 937 reducat,
981 875 1112 929 dum
1165 879 1412 935 secundo
1458 881 1842 936 Thesaurorum
1873 883 2017 938 libro

433 965 623 1019 scribit
651 982 662 1018 :
688 965 920 1036 Spiritus
951 980 1164 1024 sanctus
1203 973 1273 1026 ad
1298 989 1390 1026 nos
1424 977 1699 1040 accedens,
1719 977 2016 1046 conformes

435 1075 527 1112 nos
563 1057 657 1112 Dei
697 1072 1100 1127 commonstrat,
1149 1068 1490 1134 progreditur
1521 1084 1643 1123 vero
1675 1084 1739 1122 ea.
1769 1069 1934 1124 Patre
1968 1079 2015 1124 et

431 1150 587 1204 Filio.
624 1149 966 1223 Manifestum
995 1165 1070 1210 est
1123 1174 1243 1211 eum
1278 1161 1472 1214 divina:
1515 1178 1626 1215 esse
1652 1164 1892 1217 essentia!
1916 1180 2015 1218 na-

431 1243 701 1308 turaliter,
751 1248 807 1299 in
860 1249 973 1314 ipsa
1038 1259 1086 1304 et
1135 1268 1198 1306 ea:
1243 1255 1361 1322 ipsa
1419 1256 1793 1326 egredientem.
1830 1258 1898 1312 Et
1931 1257 2017 1313 hic

430 1349 652 1405 quoque
677 1337 746 1392 de
781 1338 1061 1410 liypostasi
1091 1358 1401 1399 sermonem
1434 1361 1574 1412 esse,
1619 1350 1750 1403 satis
1788 1360 2018 1420 apparet

433 1441 498 1480 ex
535 1441 603 1483 eo
631 1427 781 1496 quod
821 1439 1042 1488 sanctus
1073 1448 1195 1488 cum
1240 1420 1475 1492 articulo
1520 1439 1720 1493 extulit
1751 1439 2014 1510 Spiritum

379 1548 386 1550 -
432 1528 718 1574 sanctum:
755 1537 936 1592 neque
968 1527 1114 1580 enim
1147 1543 1210 1581 ea
1238 1529 1451 1585 ratione
1468 1530 1610 1585 dona
1635 1532 2011 1603 proteruntur,

431 1626 556 1664 cum
588 1626 655 1666 ex
678 1611 839 1669 Patre
883 1625 938 1670 et
995 1616 1134 1673 Filio
1159 1619 1322 1676 simul
1353 1631 1411 1676 et
1447 1623 1654 1693 Spiritu
1693 1625 1835 1690 dona
1861 1641 2015 1697 egre-

428 1701 681 1758 diuntur.
709 1705 863 1760 Adde
890 1718 1181 1777 praeterea,
1202 1711 1403 1768 divina:
1423 1716 1676 1771 essentiae
1698 1717 1840 1772 dona
1864 1733 2006 1783 esse,

431 1797 660 1852 minime
714 1801 992 1869 astruitis,
1022 1810 1078 1856 at
1137 1818 1204 1861 ex
1252 1804 1417 1861 Patre
1470 1816 1527 1863 et
1579 1808 1720 1866 Filio
1777 1810 2012 1881 Spiritus

434 1891 792 1960 progrediens
830 1892 1025 1948 divinze
1057 1897 1311 1952 essentiae
1343 1907 1450 1954 est.
1498 1899 1597 1956 llis
1629 1900 1796 1971 igitur
1835 1903 2014 1957 omni-

433 1981 539 2037 bus
582 1983 920 2040 credendum
955 1995 1040 2042 est
1064 2003 1230 2057 vere,
1275 1989 1508 2057 etl'undi,
1539 1994 1822 2063 apparere,
1886 2008 2015 2064 pro-

2121 609 2365 677 φείσοιτο
2414 610 2471 661 ὲν
2515 611 2703 681 ἡμέρᾳ
2749 610 2848 680 τῆς
2897 609 3150 680 κρίσεως.
3193 610 3394 664 Ἐάσθω
3434 613 3542 680 γοῦν
3577 617 3622 667 τὰ

2121 701 2252 768 περὶ
2285 699 2383 770 τῆς
2421 699 2710 762 πο).υθεῖας
2743 699 2951 768 ταύτης
2971 740 2986 764 ,
3021 699 3051 769 ἦ
3089 700 3302 765 ἀθεϊας,
3337 701 3423 753 καὶ
3453 703 3561 768 πρὸς
3584 705 3624 754 τὸ

2121 791 2337 863 πρῶτον
2366 791 2525 855 αὖθις
2554 794 2582 844 ό
2613 791 2759 856 θεῖος
2786 793 2936 863 ἡμᾶς
2963 791 3202 860 ἐναγέτω
3231 793 3492 862 Κύριλλος,
3513 794 3566 847 '0
3585 811 3622 846 τε

2118 884 2328 951 τοίνυν,
2368 883 2592 952 φάσκων
2627 885 2684 937 ὲν
2719 883 2796 953 τῷ
2830 883 3070 954 δευτέρῳ
3101 884 3210 936 τῶν
3245 885 3562 951 θησαυρῶν,
3586 888 3625 938 ιδ

2119 977 2364 1046 Πνεῦμα
2408 976 2474 1030 τό
2522 976 2695 1046 ἅγιον
2735 976 2804 1029 ἐν
2846 975 2992 1045 ἡμῖν
3034 976 3382 1044 γενόμενον,
3423 978 3626 1046 συμμόρ-

2119 1087 2276 1139 φους
2309 1068 2468 1139 ἡμᾶς
2499 1069 2886 1123 ἀποδεικνύει
2921 1069 3092 1124 Θεοῦ.
3123 1069 3360 1137 Πρόεισι
3390 1069 3449 1121 δὲ
3477 1070 3555 1122 καὶ
3579 1071 3626 1122 ἐκ

2118 1163 2350 1230 Πατρός
2383 1163 2485 1216 καὶ
2526 1161 2685 1217 Υὶοῦ.
2720 1162 3043 1230 Πρόδηλον
3073 1162 3164 1216 ὅτι
3199 1161 3305 1230 τῆς
3334 1163 3479 1227 θείας
3502 1163 3627 1215 ἐστὶν

2119 1257 2358 1323 οὐσίας,
2393 1254 2702 1321 οὐσιωδῶς
2733 1255 2802 1308 ἐν
2831 1252 2986 1322 αὐτῇ
3018 1252 3118 1308 καὶ
3149 1253 3218 1317 ἐξ
3247 1252 3426 1320 αὐτῆς
3451 1254 3626 1320 προτόν.

2121 1348 2246 1405 Ὀτι
2277 1349 2334 1402 δὲ
2364 1350 2493 1418 περὶ
2516 1351 2614 1420 τῆς
2645 1348 3002 1413 ὑποστάσεως
3029 1345 3307 1401 κάνταῦθα
3335 1348 3361 1399 ὁ
3390 1347 3556 1410 σκοπὸς
3575 1348 3630 1417 τῷ

2119 1444 2285 1514 ἁγίῳ,
2319 1442 2479 1512 δῆλον
2513 1441 2593 1512 τῷ
2625 1458 2683 1494 τε
2732 1441 2871 1511 μετὰ
2903 1438 3000 1492 τοῦ
3041 1439 3249 1508 ἄρθρου
3283 1440 3341 1490 τὸ
3379 1438 3566 1503 Πνεῦμα
3589 1438 3631 1489 τὸ

2117 1536 2275 1604 ἅγιον
2309 1537 2502 1588 εἰπεῖν.
2539 1533 2617 1591 Οὐ
2659 1533 2769 1603 γὰρ
2807 1531 2952 1586 οὕτω
2988 1531 3214 1599 λέγεται
3249 1529 3313 1584 τὰ
3357 1529 3628 1601 χαρίσματι,

2119 1631 2210 1683 καὶ
2243 1629 2320 1699 τῷ
2361 1626 2619 1697 προϊέναι
2659 1628 2725 1680 ὲκ
2768 1625 2984 1696 [ἰατρὸς
3024 1623 3124 1678 καὶ
3165 1622 3295 1676 Υίοῦ
3333 1622 3457 1691 ὁμοῦ
3488 1638 3535 1673 τε
3566 1621 3631 1674 καὶ

2119 1723 2439 1792 Πνεῦματος
2479 1718 2788 1790 προϊόντων
2823 1717 2936 1772 τῶν
2974 1715 3352 1788 χαρισμάτων.
3386 1713 3512 1783 Πρὸς
3542 1710 3630 1764 τούν

2120 1833 2232 1879 τοις
2261 1814 2324 1869 οὑ
2353 1814 2454 1882 τῆς
2483 1813 2634 1875 θείας
2663 1809 2880 1879 φύσεώς
2907 1825 3046 1879 φατε
3077 1809 3147 1862 τὰ
3178 1807 3492 1878 χαρίσματα.
3518 1804 3627 1856 Τδδὲ

2115 1907 2306 1979 προϊὸν
2333 1908 2396 1959 ὲκ
2426 1904 2639 1976 Πατρδς
2666 1903 2764 1957 καὶ
2793 1902 2925 1956 Υίοῦ
2953 1901 3189 1971 Πνεῦμα
3210 1899 3307 1970 τῆς
3333 1898 3468 1958 θείας
3491 1896 3628 1957 οὐσίας

2115 1998 2286 2052 ἐστίν.
2327 1997 2423 2050 Ἐκ
2460 1996 2668 2051 τούτων
2709 1995 2820 2064 ἄρα
2863 1994 3091 2050 πάντων
3135 1991 3407 2047 πιστεύειν
3441 1990 3511 2043 δεῖ
3541 1990 3628 2058 diu

433 2074 612 2142 gredi,
665 2085 722 2130 et
768 2077 1034 2148 quidquid
1097 2080 1246 2136 aliud
1305 2081 1374 2138 de
1410 2082 1618 2153 Spiritu
1650 2084 1887 2150 dicetur,
1943 2089 2011 2140 ad

2120 2091 2246 2154 θῶς,
2272 2089 2356 2143 ὅτι
2379 2089 2442 2141 τὸ
2469 2087 2795 2159 προχεῖσθαί
2815 2104 2899 2152 τε,
2927 2087 3024 2141 καὶ
3055 2085 3377 2156 πεφηνέναι,
3401 2083 3484 2135 καὶ
3507 2081 3619 2152 προίἐ

435 2167 767 2238 hypostasim
797 2171 1096 2239 pertinere.
1129 2172 1284 2241 Quod
1315 2176 1359 2232 si
1405 2177 1663 2247 quopiam
1714 2178 1770 2234 in
1809 2179 1930 2234 loco
1957 2187 2014 2236 et

2120 2202 2239 2249 ναι,
2273 2184 2364 2237 καὶ
2401 2184 2464 2237 εἴ
2481 2200 2533 2234 τι
2567 2181 2754 2251 ὅμοιον
2786 2180 2922 2251 περὶ
2951 2179 3050 2234 τοῦ
3089 2179 3406 2248 Πνεύματος
3434 2177 3626 2244 λέγεται,

432 2260 499 2314 de
534 2260 694 2315 donis
751 2261 894 2316 idem
924 2265 1215 2330 asseritur.
1267 2284 1336 2323 ne
1385 2269 1637 2324 fallamur
1671 2270 1865 2326 eodem
1913 2287 2012 2326 no-

2120 2278 2181 2346 τῇ
2218 2274 2516 2329 ὑποστάσει
2551 2271 2805 2344 ἁρμόζει.
2841 2272 2902 2325 El
2937 2272 2995 2326 δέ
3029 2289 3142 2325 που
3175 2270 3271 2325 καὶ
3303 2270 3424 2339 περὶ
3449 2268 3540 2321 τῶν
3563 2283 3629 2336 χο-

433 2351 580 2405 mine
615 2369 627 2404 :
661 2366 726 2407 ex
760 2352 888 2418 illis,
925 2371 1046 2424 quae
1075 2367 1275 2414 anteet
1298 2370 1420 2429 post
1452 2361 1770 2431 dictionem,
1808 2363 1877 2419 de
1901 2380 2011 2431 quo

2120 2369 2407 2440 ρισμάτων
2435 2365 2688 2436 εἴρηται,
2722 2363 2837 2418 ἀλλ’
2861 2362 2923 2416 οὑ
2960 2362 3073 2434 χρὴ
3107 2361 3415 2417 ἀπατᾶσθαι
3445 2362 3501 2429 τῇ
3526 2361 3629 2423 όμω-

433 2456 616 2495 sermo
639 2450 744 2505 est,
777 2443 1106 2512 atteruntur,
1146 2462 1233 2502 res
1284 2449 1399 2518 ipsa
1437 2453 1762 2508 excutienda
1792 2463 1896 2510 est.
1929 2453 2013 2509 Sit

2120 2463 2307 2533 νυμία,
2339 2459 2619 2528 ἐξετάζειν
2643 2459 2701 2512 δὲ
2733 2457 2936 2527 μᾶλλον
2965 2456 3055 2510 διὰ
3085 2456 3195 2509 τῶν
3221 2454 3326 2522 πρὸ
3350 2454 3442 2523 τῆς
3466 2451 3628 2514 λέξεως.

431 2546 564 2600 ergo
595 2531 1037 2590 demonstratum
1073 2552 1102 2590 a
1141 2537 1300 2593 nobis
1331 2542 1581 2611 progredi
1620 2554 1678 2598 et
1707 2544 1914 2600 eﬂ‘undi
1943 2561 2010 2600 ex

2120 2531 2211 2612 ml.
2245 2531 2355 2607 τῶν
2394 2554 2533 2622 μετὰ
2566 2551 2666 2622 τὴν
2701 2550 2848 2617 λέξιν
2885 2550 3015 2620 περὶ
3050 2538 3205 2611 τίνος
3244 2551 3273 2602 ό
3309 2547 3472 2615 λόγος.
3499 2543 3632 2622 Ἔστιν

394 2638 395 2641 ‘
431 2622 592 2679 Patre
615 2636 670 2679 et
702 2626 841 2680 Filio
863 2626 1082 2684 'l-‘riadis
1101 2646 1290 2698 unum,
1325 2633 1589 2703 Spiritum
1625 2648 1874 2692 sanctum
1905 2640 2009 2694 sci-

2120 2623 2246 2716 νοῦν
2297 2613 2456 2698 τοῦτο
2505 2613 2975 2711 ἀποθεδειῇμένον.
3005 2639 3170 2710 ἡμῖν,
3217 2641 3297 2693 ὅτι
3343 2613 3532 2705 πρόεισι
3568 2613 3631 2683 καὶ

434 2715 586 2796 licet.
620 2715 743 2773 llaec
771 2729 953 2773 autem
985 2731 1040 2776 et
1063 2723 1261 2778 similia
1289 2741 1638 2794 progressum
1661 2730 1717 2787 in
1745 2731 2012 2786 exsisten-

2120 2715 2405 2808 προχεῖται
2441 2735 2597 2806 παρὰ
2629 2734 2848 2805 Πατρός
2881 2735 2978 2788 καὶ
3008 2732 3149 2785 Υἱοῦ
3181 2733 3208 2786 ό
3240 2728 3319 2794 εἷς
3347 2731 3437 2797 τῆς
3463 2723 3630 2796 Τριάδθς

431 2808 562 2861 tiam
582 2807 820 2878 Spiritus
842 2814 1014 2868 sancti
1038 2825 1436 2880 conuolare,ex
1459 2820 1586 2887 illis,
1605 2837 1726 2892 qua:
1748 2823 2009 2891 diximus,

2120 2807 2180 2893 τό
2219 2807 2446 2898 Πνεῦμα
2478 2828 2538 2882 τδ
2573 2827 2753 2897 ἅγιον.
2784 2827 2907 2880 Ὅτι
2941 2825 2998 2879 δὲ
3030 2827 3216 2879 ταῦτα
3250 2824 3342 2878 καὶ
3375 2822 3437 2876 τὰ
3465 2815 3633 2874 τοιαῦτα

433 2919 542 2958 non
565 2905 674 2959 erit
701 2904 924 2962 ditlicile
957 2908 1398 2978 deprehendere.
1446 2913 1584 2969 Nam
1616 2915 1726 2970 alio
1753 2918 1915 2973 modo
1943 2936 2010 2974 ex

2120 2925 2215 2991 τὴν
2256 2925 2336 2986 εἰς
2374 2921 2436 2975 τό
2479 2917 2620 2975 εἶναι
2663 2918 2921 2989 σημαίνει
2953 2917 3048 2971 τοῦ
3097 2917 3410 2986 Πνεὺματος
3445 2910 3630 2982 πρόοδον,

433 2996 590 3052 Patre
635 3009 690 3053 et
735 2998 893 3064 Filio,
951 3001 1067 3056 sive
1095 3018 1193 3071 per
1236 3004 1433 3059 Filium
1460 3005 1667 3062 ell‘undi
1720 3008 2008 3078 Spiritum,

433 3091 525 3160 Qui
560 3090 614 3145 in
653 3092 875 3160 speciali
905 3093 1176 3166 liypostasi
1201 3105 1305 3163 est,
1336 3098 1803 3155 intellexerimus?

506 3268 596 3324 10.
621 3271 728 3327 Sed
757 3284 1107 3344 exponantur
1129 3276 1246 3333 haec
1269 3277 1464 3335 fusius.
1492 3278 1548 3336 Si
1584 3278 1654 3336 ab
1679 3282 2016 3352 ὑφίστασθαι

432 3363 674 3418 substare
698 3381 897 3438 nempe
923 3383 988 3424 ac
1012 3370 1298 3426 subsistere
1325 3377 1637 3445 liypostasis
1675 3391 1878 3432 nomen
1927 3377 2018 3432 ha-

434 3458 547 3525 bet,
589 3458 735 3528 quod
763 3461 1126 3531 progreditur
1145 3473 1200 3518 et
1229 3464 1536 3521 edunditur
1563 3469 1620 3523 in
1650 3468 2013 3539 liypnstasim,

435 3553 508 3604 ita
542 3553 1018 3622 progreditur,*ut
1053 3555 1272 3610 substet
1327 3558 1724 3630 subsistetque.
1786 3561 2019 3631 Progre-

433 3644 585 3698 ditur
619 3644 830 3714 itaque,
856 3651 913 3710 et
939 3645 1252 3701 etl'unditur
1282 3647 1528 3716 Spiritus
1561 3665 1626 3705 ex
1651 3651 1816 3707 Patre
1841 3664 1899 3708 et
1927 3652 2019 3708 Fi-

435 3737 532 3802 lio.
563 3739 631 3794 ad
665 3726 1109 3805 subsistendum,
1141 3739 1291 3810 quod
1343 3741 1398 3796 in
1462 3744 1705 3814 speciali'
1736 3746 2016 3817 liypostasi

432 3845 556 3885 esse
582 3838 774 3885 notat:
817 3830 872 3885 id
905 3840 1160 3898 veroest
1188 3833 1512 3902 procedere.
1563 3837 1644 3891 Ex
1694 3835 1856 3892 Patre
1889 3853 2019 3909 ergo

433 3933 492 3978 et
511 3921 678 3989 Filio,
711 3925 794 3979 vel
831 3939 929 3995 per
951 3924 1154 3980 Filium
1205 3929 1456 3998 procedit
1495 3927 1738 3997 Spiritus
1773 3941 2018 3998 sanctus,

434 4019 513 4070 ita
541 4025 601 4070 ut
621 4015 691 4071 ab
709 4027 944 4087 utroque
971 4019 1192 4086 habeat,
1217 4021 1365 4090 quod
1383 4020 1476 4080 sit.
1496 4022 1564 4077 Et
1587 4022 1730 4079 hanc
1751 4037 1871 4079 esse
1897 4039 2024 4079 sen-

409 4107 666 4164 -tentiam
699 4109 1014 4175 doctorum,
1045 4112 1256 4176 audiex
1315 4113 1500 4184 Cyrilli
1527 4112 1940 4170 Commentario
1964 4115 2020 4169 in

434 4202 665 4258 Joannis
691 4202 1068 4275 Evangelium.
1094 4204 1396 4275 Repetatur
1415 4221 1544 4261 vero
1561 4208 1724 4277 paulo
1753 4208 1919 4264 altius
1943 4218 2024 4264 Ie-

434 4295 781 4359 stimonium,
799 4305 860 4350 ut
883 4311 1006 4365 quae
1027 4305 1223 4353 contra
1250 4313 1348 4353 nos
1376 4313 1523 4366 esse,
1549 4302 1608 4354 ut
1634 4300 1840 4357 Graecis
1871 4300 2022 4356 vide-

435 4397 612 4452 retur,
645 4387 804 4442 nobis
836 4389 1023 4458 potius
1057 4388 1266 4452 favere,
1309 4390 1469 4460 plane
1506 4406 1807 4463 cognoscas
1841 4409 1858 4447 :
1887 4391 2021 4446 Pro-

2118 3017 2177 3068 οὑ
2209 3014 2445 3086 χαλεπὸν
2472 3013 2564 3066 καὶ
2597 3015 2660 3066 ὲκ
2688 3012 2797 3065 τῶν
2825 3012 3139 3080 εἰρημένων
3171 3009 3410 3063 συνιδεῖν.
3437 3005 3536 3057 Τίνι
3558 3000 3633 3068 γὰρ

2041 3136 2087 3195 c
2120 3109 2264 3179 ἄλλῳ
2294 3107 2482 3178 τρόπῳ
2514 3108 2579 3159 ὲκ
2609 3104 2824 3175 Πατρός
2853 3105 2948 3158 καὶ
2978 3103 3137 3169 Υἰοῦ,
3171 3103 3204 3173 ἦ
3234 3102 3299 3156 δι’
3322 3098 3441 3195 Υἱοὺ
3469 3093 3634 3166 προχεί-

2122 3204 2248 3254 σθαι
2280 3201 2336 3253 τὸ
2367 3201 2423 3251 ὲν
2450 3199 2750 3252 ὑποστάσει
2785 3197 2929 3266 ιδικῇ
2961 3196 3270 3266 νοήσαιμεν
3303 3191 3536 3258 Πνεῦμα;

2193 3293 2244 3346 ι’.
2286 3289 2536 3361 Λελέχθω
2575 3289 2633 3342 δὲ
2677 3289 2771 3342 καὶ
2817 3286 3160 3364 πλατύτερον
3185 3303 3198 3315 ·
3245 3285 3408 3352 Εἴπερ
3445 3276 3568 3348 παρὰ
3597 3273 3639 3324 τὸ

2120 3382 2455 3456 ὑφίστασθαι
2487 3382 2785 3443 ὑπόστασις
2812 3379 3056 3449 λέγεται,
3087 3379 3148 3432 τὸ
3177 3376 3383 3448 προϊὸν,
3411 3372 3443 3443 ἦ
3469 3364 3638 3438 προχεό-

2123 3494 2283 3549 μενον
2313 3479 2395 3540 εἰς
2429 3475 2731 3528 ὑπόστασιν
2750 3513 2767 3542 ,
2797 3472 2943 3526 οὕτω
2975 3475 3233 3542 πρόεισιν
3255 3513 3270 3536 ,
3302 3469 3434 3522 ὥστε
3464 3464 3638 3533 ipim-

2121 3571 2266 3626 σθαι.
2315 3569 2574 3642 Πρὸεισιν
2620 3567 2732 3638 ἄρα
2777 3567 2872 3618 καὶ
2919 3567 3214 3635 προχεῖται
3264 3563 3324 3617 τδ
3371 3559 3565 3627 Πνεῦμα
3595 3553 3639 3604 ἐκ

2121 3666 2332 3736 Πατρός
2397 3663 2466 3716 δι’
2516 3663 2646 3716 Υίοῦ
2699 3661 2842 3732 πρὸς
2885 3659 2947 3714 τὸ
2991 3658 3322 3728 ὑφίστασθαι
3359 3657 3416 3709 τὸ
3451 3656 3501 3706 ὲν
3537 3647 3638 3713 litati}

2119 3757 2417 3812 ὑποστάσει
2460 3750 2601 3809 εἶναι
2645 3753 2928 3824 σημαίνει.
2979 3752 3161 3806 Τοῦτο
3199 3752 3257 3806 δέ
3292 3753 3404 3804 ἐστι
3433 3748 3486 3798 τὸ
3520 3746 3640 3796 ἐκπο-

2123 3847 2400 3919 ρεύεσθαι.
2438 3845 2534 3901 Ἐκ
2569 3845 2781 3916 Ιῐατρδς
2816 3845 2924 3914 ἄρα
2957 3845 3054 3898 καὶ
3093 3843 3256 3907 Υιοῦ,
3291 3840 3406 3914 ἢδι’
3437 3834 3544 3890 Υίοῦ
3571 3835 3639 3884 ἐκ·

2123 3939 2416 4010 πορεύεται
2441 3939 2502 3992 τὺ
2531 3938 2760 4010 Πνεῦμα
2786 3937 2847 3990 τδ
2873 3939 3053 4006 ἅγιον,
3084 3936 3227 3990 ὥστε
3253 3937 3310 4001 ἐξ
3334 3933 3517 4003 ἀμφοῖν
3535 3926 3641 3995 ἔχειν

2121 4033 2183 4085 τὸ
2220 4028 2382 4088 εἶναι.
2407 4031 2539 4100 ζὈτι
2571 4031 2628 4084 δὲ
2658 4029 2838 4084 ταῦτα
2869 4031 2965 4085 καὶ
2997 4033 3117 4094 τοῖς
3149 4028 3474 4088 διδασκάλοις
3501 4017 3638 4080 δοκεῖ.

2121 4125 2357 4179 ἄκουσον
2384 4122 2656 4194 Κυρίλλου
2681 4123 2746 4175 ὲκ
2770 4120 2869 4175 τοῦ
2898 4123 2979 4184 είς
3005 4122 3067 4176 τὸ
3095 4122 3237 4176 κατὰ
3270 4119 3497 4186 Ἰωάννην
3517 4108 3640 4177 πονή-

2125 4234 2320 4288 ματος.
2367 4217 2627 4286 Είρήσθω
2670 4215 2728 4268 δὲ
2773 4215 2835 4268 τὸ
2880 4215 3046 4285 ῥητὸν
3095 4215 3292 4287 μικρὸν
3329 4211 3542 4268 ἄνωθεν,
3578 4203 3639 4255 ἴνα

2123 4310 2270 4379 γνῷς
2297 4307 2396 4362 καὶ
2423 4308 2494 4361 τὰ
2523 4306 2788 4361 δοκοῦντα
2817 4307 2939 4362 καθ’
2963 4307 3128 4379 ἡμῶν
3157 4303 3316 4372 εἶναι,
3343 4305 3412 4365 ὡς
3440 4302 3497 4356 ἂν
3522 4298 3642 4365 Γραι-

2125 4402 2210 4457 κοὶ
2237 4401 2418 4470 φαῖεν,
2443 4399 2573 4452 ὄντα
2602 4398 2803 4467 μᾶλλον
2830 4398 2970 4468 ὑπὲρ
2993 4401 3025 4468 ὴ
3035 4399 3154 4468 μῶν
3173 4416 3186 4432 ·
3218 4398 3397 4453 ἰόιον
3416 4391 3509 4447 τοῦ
3530 4383 3639 4441 Θεοῦ

434 4481 584 4549 prius
625 4479 724 4534 Dei
757 4489 807 4535 et
840 4481 1018 4536 Patris
1043 4482 1277 4553 Spiritus
1309 4493 1406 4550 est,
1438 4483 1762 4549 scribit,sed
1797 4501 1901 4539 non
1927 4487 2018 4540 mi-

2127 4494 2228 4546 καὶ
2263 4492 2498 4559 Πατρός
2532 4490 2600 4560 τό
2635 4488 2883 4559 Πνεῦμα
2913 4489 3082 4555 ἐστι,
3119 4490 3286 4560 φησίν
3315 4505 3329 4518 ·
3364 4472 3640 4539 ἀλλὀὐδέν

435 4589 533 4628 nus
553 4574 798 4642 proprius
823 4582 966 4629 estet
1000 4573 1148 4640 Filii,
1179 4591 1279 4629 non
1300 4584 1356 4629 ut
1381 4576 1529 4630 aliud
1555 4585 1604 4631 et
1634 4577 1806 4643 aliud,
1829 4579 2022 4633 untdi-

433 4669 540 4723 vise
557 4670 610 4725 in
638 4678 860 4736 utroque
875 4669 1260 4738 consideratus,
1279 4679 1379 4723 aut
1394 4672 1664 4725 exsistens.
1691 4669 1794 4727 Sed
1810 4673 2021 4743 quando

435 4778 500 4816 ex
525 4761 690 4816 Patre
714 4773 763 4815 et
782 4763 838 4816 in
855 4762 1013 4818 Patre
1043 4763 1366 4818 naturaliter
1393 4773 1467 4818 est
1489 4762 1684 4832 Filius,
1707 4767 1909 4837 fructus
1939 4781 2024 4820 ue-

437 4873 526 4910 rus
553 4856 807 4910 exsistens
841 4855 990 4911 illius
1007 4859 1266 4926 essentia},
1287 4856 1538 4926 Spiritus,
1558 4862 1650 4929 qui
1670 4859 1918 4928 praprius
1947 4866 2024 4912 est

435 4949 622 5003 Patris
638 4950 930 5004 secundum
961 4960 1214 5004 naturam
1255 4950 1583 5020 producitur,
1609 4960 1657 5004 et
1677 4951 1968 5018 e/Iunditur
1989 4967 2021 5003 a

437 5042 678 5107 Patre,et
702 5061 794 5111 per
817 5027 1199 5114 ipsurdFilium
1218 5055 1476 5100 creatura:
1501 5044 1895 5115 suppeditatur,
1917 5060 2022 5096 non

435 5137 590 5191 modo
619 5136 799 5208 aliqua
828 5136 1030 5203 servili,
1057 5139 1146 5208 qui
1176 5139 1232 5192 in
1262 5140 1522 5192 ministris
1555 5140 1881 5210 agnoscitur,
1906 5139 2017 5202 sed,

436 5243 492 5282 ut
517 5231 639 5301 jam
672 5231 803 5293 dixi,
838 5246 901 5284 ea;
930 5231 1049 5300 ipsa
1089 5228 1203 5296 Dei,
1246 5239 1296 5284 et
1334 5230 1513 5286 Patris
1537 5231 1763 5285 essentia
1820 5232 2020 5295 exiens,

435 5323 730 5392 e/fususque
753 5321 882 5386 illis,
911 5322 1000 5391 qui
1028 5336 1146 5374 eum
1170 5331 1442 5392 acceptare
1459 5323 1608 5394 digni
1631 5332 1755 5376 sunt
1772 5339 1867 5393 per
1900 5321 2026 5375 Ver-

436 5417 556 5468 bum
590 5413 1059 5480 consubstantiale,
1091 5424 1140 5467 et
1171 5430 1234 5468 ea:
1267 5415 1382 5484 ipso
1405 5429 1689 5484 apparens,
1726 5431 1820 5484 per
1849 5432 2020 5486 appa-

436 5509 680 5563 ritionem
711 5524 899 5576 nempe
930 5509 983 5561 in
1015 5509 1402 5573 exsistantiam,
1437 5509 1721 5562 secundum
1761 5509 2018 5578 seipsum,

437 5608 486 5651 et
521 5605 575 5652 in
598 5602 712 5670 ipso
741 5616 1056 5666 permanens
1079 5602 1480 5671 immoransque
1531 5611 1782 5670 perpetuo
1811 5601 2023 5656 adhwse

435 5691 597 5745 simul
654 5701 811 5761 atque
872 5694 1159 5755 disiuncta.
1211 5694 1555 5751 Vidcn'aute
1615 5697 1822 5766 omnia,
1867 5714 2023 5766 teque

440 5780 715 5853 Spiritum
747 5801 867 5840 esse
899 5783 1020 5840 Filii
1077 5795 1244 5856 atque
1272 5798 1356 5843 est
1401 5788 1627 5846 Patris?
1683 5789 1840 5847 Esset
1888 5806 2021 5847 vero

2123 4579 2310 4654 ἦττον
2335 4581 2494 4636 ἴδιόν
2515 4582 2650 4636 ἐστι
2680 4582 2779 4636 καὶ
2805 4581 2913 4636 τοῦ
2948 4581 3113 4647 Υιοῦ,
3139 4583 3254 4649 οὐχ
3278 4581 3354 4642 ὡς
3375 4577 3552 4643 ἕτερον
3569 4565 3639 4620 καὶ

2124 4679 2352 4748 ἕτερον,
2379 4678 2417 4748 ἢ
2443 4678 2740 4749 μεριστῶς
2769 4679 2840 4732 ἐν
2864 4679 3126 4747 ἐκατέρῳ
3151 4663 3472 4745 νοούμένόν
3493 4685 3546 4722 τε
3566 4659 3636 4716 καὶ

2124 4774 2424 4842 ὑπάρχον.
2460 4773 2626 4826 Ἀλλ’
2651 4773 2898 4840 ἐπείπερ
2929 4772 2999 4825 ἐκ
3030 4772 3266 4840 Πατρός
3297 4771 3385 4824 καὶ
3418 4768 3480 4819 ἐν
3499 4753 3638 4822 Πατρι

2126 4867 2277 4922 κατὰ
2305 4868 2498 4936 φύσιν
2523 4865 2700 4920 ἐστιν
2727 4868 2754 4918 ό
2795 4865 2948 4932 Υἱός,
2984 4865 3216 4933 καρπός
3245 4861 3510 4928 ὑπάρχων
3529 4852 3640 4911 ἀλη-

2125 4959 2291 5023 θινός
2334 4957 2446 5026 τῆς
2498 4958 2719 5022 οὐσίας
2765 4959 2955 5013 αὑτοῦ
3003 4959 3072 5013 τό
3122 4957 3233 5012 τοῦ
3279 4951 3488 5020 Πατρός
3521 4943 3637 4998 ίδιον

2125 5052 2372 5121 Πνεῦμα
2407 5052 2560 5105 κατὰ
2593 5054 2784 5122 φύσιν
2815 5051 3099 5122 ἐπάγεται
3119 5091 3134 5113 ,
3171 5050 3446 5119 χεόμενον
3467 5037 3564 5110 μὲν
3587 5030 3637 5083 ἐκ

2125 5149 2356 5217 Πατρός
2377 5190 2392 5215 ,
2427 5147 2504 5200 δι’
2528 5147 2716 5202 αὐτοῦ
2752 5147 2822 5200 δὲ
2859 5146 2965 5202 τοῦ
3004 5144 3145 5201 Υίοῦ
3184 5143 3258 5212 τῇ
3292 5141 3467 5196 κτίσει
3497 5141 3635 5201 χορη-

2126 5242 2444 5311 γούμενον,
2473 5242 2547 5295 οὐ
2575 5241 2728 5295 κατά
2760 5257 2894 5295 τινα
2923 5242 3151 5308 τρόπον
3176 5231 3514 5292 διακονικὸν,
3537 5223 3634 5311 lim}

2126 5309 2243 5387 τὸν
2271 5334 2341 5387 ἐν
2374 5335 2674 5402 ὑπουργία
2696 5373 2710 5398 ,
2751 5335 2893 5389 ἀλλ’
2918 5334 3122 5400 ὥσπερ
3159 5331 3310 5400 ἔφην
3343 5323 3557 5395 ἀρτίως*
3583 5309 3633 5402 ἐξ

2125 5425 2316 5494 αὐτῆς
2346 5426 2466 5495 μὲν
2497 5400 2850 5494 προκῦπτον
2883 5425 2996 5494 τῆς
3027 5424 3242 5488 οὐσίας
3275 5419 3374 5474 τοῦ
3407 5407 3533 5468 Θεοῦ
3561 5400 3630 5456 καὶ

2127 5519 2382 5586 Πατρός,
2409 5520 2703 5589 χεόμενον
2726 5517 2797 5570 δὲ
2821 5517 2950 5585 τοῖς
2974 5516 3142 5572 ἑλεῖν
3168 5516 3354 5579 ἀξίοις
3375 5505 3461 5562 διὰ
3482 5500 3630 5589 Adi?”

2127 5611 2234 5666 τοῦ
2260 5588 2615 5680 ὀμοούσίουξ
2639 5611 2737 5665 καὶ
2764 5611 2834 5675 ἐξ
2859 5610 3048 5665 αὐτοῦ
3073 5607 3418 5677 πεφηνότος,
3441 5588 3630 5680 κατ’ἐκς

2127 5673 2322 5774 φασιν
2345 5705 2634 5773 δηλονότι
2669 5703 2784 5772 τὴν
2815 5673 2903 5770 εὶς
2933 5705 3000 5758 τό
3031 5673 3182 5756 εἶναι
3215 5673 3338 5754 ποθ’
3357 5688 3528 5784 tam,
3555 5673 3627 5784 Ital

2129 5796 2198 5852 ἐν
2227 5795 2386 5863 αὐτῷ
2412 5795 2705 5868 μένοντός
2740 5813 2800 5851 τε
2833 5796 2932 5852 καί
2964 5796 3136 5862 ὄντος
3169 5793 3257 5850 ἀεὶ
3290 5778 3554 5859 προσεκῶς
3578 5778 3625 5822 τε
