3880 6220
273 328 379 389 735
442 327 444 329 ’

1206 326 1304 388 DE
1347 327 1874 392 PROCESSIONE
1918 331 2282 395 SPIRITUS
2319 334 2614 395 SANCTI.

3440 329 3544 396 786

266 449 388 512 ἅμα
445 448 542 496 καὶ
573 442 1044 511 μεμερισμένως.
1085 441 1251 513 Ὀρᾷς
1284 445 1500 514 πρῶτον
1533 446 1631 514 μὲν
1661 446 1736 510 ὡς
1767 447 1859 499 οῦ-

1970 449 2152 504 minus
2182 451 2464 520 proprius,
2517 449 2630 502 imo
2661 461 2760 503 nec
2785 446 3065 517 proprius,
3100 444 3144 499 si
3196 460 3262 500 ex
3312 461 3379 500 co
3437 463 3545 500 non

265 538 356 587 δὲν
385 528 551 605 ἦττον
586 531 718 582 ἴδιον
748 529 843 583 τοῦ
880 530 1011 582 Υἰοῦ
1042 529 1103 581 τὸ
1141 530 1436 605 Πνεῦμα
1470 532 1563 584 τοῦ
1600 531 1854 600 Πατρός;

264 616 379 676 Ἦν
409 603 454 672 δ’
477 619 546 672 ἂν
573 615 740 690 ἦττον
773 617 924 677 ἴδιον,
946 618 1147 684 μᾶλλον
1177 620 1232 672 δὲ
1265 603 1581 686 οὖδὲκῖδιον,
1605 621 1678 692 μὴ
1710 620 1769 674 δν
1799 621 1857 687 ἐξ

266 713 458 766 αὑτοῦ.
496 712 558 764 Ei
598 709 706 778 γὰρ
748 709 880 762 ἴδιόν
917 711 1031 762 ἐστι
1065 709 1160 763 τοῦ
1200 711 1332 764 Υἱοῦ
1368 712 1428 763 τὸ
1465 713 1524 764 ἐν
1559 712 1859 765 ὑποστάσει

272 807 524 875 Πνεῦμα,
557 806 700 874 ὅπερ
747 803 1032 872 ὁμολογεῖν
1077 805 1176 857 καὶ
1222 805 1494 877 Γραικοὺς
1542 805 1780 870 σύνοιδα,
1823 805 1856 875 ἢ

269 899 454 968 φύσει,
488 897 520 966 ἢ
554 897 869 965 ἐπικτήτως
898 898 1047 950 ἐστὶν
1078 897 1431 958 αὑτοῦ,ἷδιον.
1463 898 1624 966 Λέγω
1653 899 1707 950 δὲ
1740 900 1858 952 ἐπι-

271 996 490 1064 κτήτως
521 996 581 1046 τδ
616 993 844 1064 ὕστερόν
875 1013 981 1047 τινι
1016 994 1328 1065 διδόμενον,
1364 996 1459 1048 καὶ
1497 993 1859 1064 ἰδιοποιούμε-

269 1105 390 1153 νον,
419 1086 638 1145 καὶούκ
666 1087 774 1139 ἀπὸ
799 1087 1111 1157 γεννήσεως
1136 1091 1201 1158 τῇ
1233 1089 1392 1156 φύσει
1419 1088 1540 1140 ἐνὸν
1563 1090 1628 1158 τῇ
1657 1086 1852 1150 αὐτοῦ,

271 1181 407 1248 ὅπερ
443 1179 565 1232 οὐδὲ
601 1180 808 1249 κυρίως
845 1181 1001 1234 ἴδιον.
1045 1181 1206 1234 Ἀλλὰ
1236 1180 1394 1234 τοῦτο
1429 1181 1625 1244 ἀσεϐὲς
1660 1180 1858 1234 πολλα-

271 1270 368 1337 χοῦ
411 1269 678 1336 Rupilio;
717 1269 982 1336 δείκνυσι,
1027 1272 1124 1324 καὶ
1165 1271 1262 1341 οὐχ
1301 1264 1467 1343 ἦττον
1506 1273 1565 1324 ἐν
1603 1274 1668 1342 τῇ
1710 1271 1860 1341 εἰρη-

275 1363 413 1435 μένῃ
455 1366 757 1434 περικοπῇ.
796 1363 1017 1435 Ἐπειδὴ
1059 1365 1167 1434 γὰρ
1205 1366 1232 1418 6
1269 1366 1394 1428 Υἱὸς
1429 1365 1545 1435 ἔχει
1582 1366 1758 1419 πάντα
1791 1366 1858 1418 τὰ

272 1456 368 1510 τοῦ
416 1457 651 1527 Πατρὸς,
696 1442 774 1518 ὦς
822 1455 986 1525 φύσει
1032 1457 1185 1524 Υἱὸς,
1227 1459 1289 1510 τὸ
1328 1457 1422 1511 τοῦ
1469 1457 1685 1529 Πατρδς
1727 1457 1859 1511 ῐδιον

277 1547 503 1616 Πνεῦμα
548 1547 690 1601 κατὰ
738 1549 905 1616 φύσιν
951 1550 1240 1618 ἐπάγεται,
1289 1550 1390 1603 οὐκ
1432 1550 1694 1614 ἐπακτὸν,
1736 1548 1858 1603 οὐδὲ

273 1640 498 1706 ἔξωθεν.
529 1641 772 1694 Μανικὸν
803 1641 912 1712 γὰρ
943 1642 1003 1694 τὸ
1037 1642 1180 1696 οὕτω
1205 1645 1446 1715 φρονεῖν,
1475 1643 1551 1706 ὡς
1584 1645 1644 1696 ὲν
1675 1643 1856 1706 ἄλλοις

275 1734 432 1804 ςησί.
458 1732 620 1786 Φύσει
648 1733 705 1788 δὲ
732 1733 790 1788 ὃν
819 1734 952 1789 ἴδιον
978 1734 1039 1788 τὸ
1070 1736 1293 1806 Πνεῦμα
1320 1736 1414 1790 τοῦ
1443 1735 1596 1803 Υἰοῦ,
1625 1736 1701 1800 ὼς
1727 1736 1860 1788 ἐπα-

273 1825 506 1896 γομένου
551 1824 710 1893 φύσει
751 1827 882 1879 αὐτὸ
918 1828 981 1880 ἐκ
1014 1827 1110 1880 τοῦ
1150 1829 1366 1899 Πατρδς
1401 1827 1518 1898 ἅμα
1551 1827 1630 1898 τῷ
1669 1830 1863 1897 γεννᾶο

277 1916 428 1981 σθαι,
452 1914 665 1985 ἀνάγκη
693 1916 824 1988 παρ’
849 1917 1017 1970 αὑτοῦ
1044 1917 1191 1987 ἔχειν
1215 1917 1274 1971 16
1303 1913 1462 1971 εἶναι.
1491 1918 1566 1971 06
1595 1901 1705 1988 Ϋὰρ
1727 1915 1862 1970 διότι

273 2009 602 2078 ὁμοούσιον,
645 2008 735 2062 διὰ
769 2009 930 2062 τοῦτο
971 2008 1124 2064 ἴδιον.
1152 2004 1264 2063 Ἦν
1304 2009 1414 2080 γὰρ
1453 2007 1521 2062 ἂν
1559 2010 1656 2063 καὶ
1697 2009 1729 2079 ἡ
1766 2007 1863 2060 τοῦ

276 2103 408 2156 Υἱοῦ
439 2103 739 2164 ὑπόστασις
769 2102 900 2155 ἴδιόν
931 2120 983 2156 τι
1015 2103 1111 2156 τοῦ
1147 2101 1489 2172 Πνεύματος.
1525 2101 1669 2156 Ἀλλ’
1690 2100 1865 2162 οὐδεὶς

275 2192 396 2247 εἶπέ
427 2211 579 2258 ποτε,
609 2194 691 2247 ὅτι
717 2195 778 2246 τὸ
811 2195 1038 2264 Πνεῦμα
1070 2197 1135 2248 ἐκ
1161 2193 1256 2249 τοῦ
1291 2194 1505 2260 Πατρδς
1538 2193 1700 2263 φύσει
1731 2191 1867 2244 ἐπα-

278 2303 437 2354 γεται
469 2288 561 2340 τὸν
593 2288 790 2356 Λόγον,
827 2288 936 2342 οὐδ’
959 2289 1042 2340 ὅτι
1074 2288 1133 2341 ἐν
1163 2287 1240 2358 τῷ
1272 2287 1669 2357 ἐκπορεύεσθαι
1703 2285 1864 2353 φύσει

276 2381 486 2434 δέδοται
517 2380 666 2451 αὐτῷ
695 2384 722 2434 6
754 2380 883 2444 Υἱός
903 2395 918 2409 °
952 2379 1062 2432 οὐδ’
1083 2380 1168 2433 ὅτι
1194 2378 1273 2448 τῷ
1302 2378 1449 2448 ἔχειν
1477 2379 1657 2431 πάντα
1680 2377 1749 2430 τὰ
1772 2375 1863 2429 τοῦ

280 2472 590 2543 προδολέως
631 2474 692 2525 τὸ
731 2472 993 2542 Πνεῦμα,
1037 2473 1230 2524 τούτου
1276 2472 1438 2541 χάριν
1481 2469 1593 2539 ἔχει
1640 2470 1734 2522 καὶ
1775 2469 1866 2521 τὸν

281 2567 414 2619 Υξδν
446 2565 521 2630 ὡς
557 2567 688 2620 ῐδιον
718 2565 906 2620 αὐτοῦ,
943 2564 1272 2619 Τοὺναντίον
1307 2563 1506 2633 μενοῦν
1539 2563 1686 2616 ἅπαν
1716 2559 1867 2621 οἶδας

279 2660 395 2721 τνῖς
437 2659 610 2727 ἁγίοις
651 2658 1092 2727 θεολογοὺμενον.
1133 2657 1284 2711 Διατί
1305 2674 1320 2722 ;
1359 2655 1507 2708 Διότι
1542 2654 1603 2710 τὸ
1644 2652 1867 2721 Πνεῦμα

283 2751 377 2804 καὶ
407 2755 471 2804 ὲκ
498 2750 592 2803 τοῦ
626 2749 755 2803 Υἱοῦ
786 2749 1009 2821 ᾔδεσαν,
1037 2749 1128 2802 τὸν
1154 2749 1210 2802 δὲ
1244 2749 1372 2801 Υἱὸν
1396 2751 1460 2801 ὲκ
1488 2746 1581 2799 τοῦ
1613 2746 1868 2813 Πνεῦμα-

283 2861 375 2906 τος
404 2843 504 2896 οὒκ
537 2842 753 2913 ᾔδεσαν.
787 2843 924 2909 Φέρε
951 2842 1081 2912 γὰρ,
1103 2843 1156 2895 εἰ
1179 2859 1265 2905 τις
1293 2841 1459 2905 εῐποι,
1478 2840 1558 2893 ὅτι
1590 2839 1648 2890 ὲν
1675 2837 1754 2906 τῷ
1783 2839 1871 2890 ὲκ-

286 2929 620 3001 πορεύεσθαι
651 2932 710 2985 τὸ
745 2929 971 3000 Πνεῦμα
1003 2933 1067 2983 ἐκ
1097 2931 1192 2985 τοῦ
1226 2931 1441 3000 Πατρδς
1475 2929 1636 3001 φύσει
1668 2929 1872 2996 ἐπαγε-

1959 549 2130 594 esset.
2165 539 2383 593 Etenim
2411 539 2456 592 si
2492 537 2756 604 Spiritus,
2785 536 2877 606 qui
2914 537 2969 590 in
3013 535 3292 605 hypostasi
3324 543 3428 598 est,
3465 546 3552 590 est

1961 627 2214 698 proprius
2250 627 2395 690 Filii,
2462 627 2610 697 quod
2639 636 2695 682 et
2725 625 2867 695 apud
2916 625 3136 681 Grrecos
3197 625 3254 693 in
3295 625 3551 679 confesso

1962 735 2083 774 esse
2121 719 2309 774 nullus
2335 719 2546 783 dubito,
2572 732 2667 773 aut
2693 727 2912 784 natura,
2950 723 3046 770 aut
3080 714 3315 770 ascititie
3368 722 3455 770 est
3484 714 3550 768 il-

1959 815 2067 870 lius
2095 815 2387 886 proprius;
2437 813 2740 868 ascititium
2772 826 2905 866 vero
2941 811 3088 876 dico,
3122 810 3268 880 quod
3304 817 3550 878 postmn-

1960 909 2090 962 dum
2115 907 2392 974 adjicitur,
2426 906 2720 975 daturque,
2757 904 3199 974 applicaturque,
3241 913 3294 955 et
3329 917 3439 955 non
3466 909 3552 956 est

1960 1018 1988 1057 a
2009 1001 2293 1055 nativitate
2317 1009 2528 1054 natura:
2554 998 3058 1070 proprireinsitum,
3083 998 3232 1068 quod
3274 1013 3374 1053 nec
3422 1000 3552 1052 stri-

1959 1102 2050 1147 cto
2081 1093 2243 1148 modo
2274 1090 2556 1162 proprium
2579 1099 2688 1146 est.
2724 1090 2830 1146 Sed
2853 1090 3549 1160 hocimpietatemsapero,

1959 1184 2217 1255 pluribus
2274 1184 2326 1237 in
2358 1183 2496 1238 locis
2549 1182 2794 1253 Cyrillus
2844 1181 3210 1246 demonstrat,
3269 1182 3551 1249 multoque

1961 1277 2136 1344 magis
2165 1276 2218 1329 in
2251 1275 2414 1330 allata
2454 1275 2738 1346 pericope.
2794 1273 2931 1328 Cum
2979 1273 3130 1327 enim
3166 1271 3341 1328 Filius
3372 1272 3552 1344 possi-

1960 1368 2089 1422 deat
2111 1367 2294 1420 omnia
2319 1365 2518 1432 Patris,
2545 1375 2805 1436 tanquam
2838 1365 2934 1434 qui
2997 1363 3168 1419 Filius
3199 1372 3398 1420 natura
3440 1353 3567 1430 est,’

1962 1460 2137 1514 Patris
2163 1460 2444 1529 proprium
2477 1459 2746 1527 Spiritum
2785 1456 3092 1514 secundum
3136 1467 3388 1514 naturam
3423 1473 3553 1514 con-

1961 1552 2135 1611 ducit,
2167 1566 2275 1605 non
2302 1552 2606 1607 ascititium
2656 1565 2838 1622 neque
2862 1561 3185 1606 extraneum
3213 1567 3229 1619 ;
3278 1550 3555 1620 desipien-

1965 1644 2036 1699 tis
2067 1644 2217 1698 enim
2247 1654 2350 1704 est.
2393 1645 2468 1700 ita
2510 1645 2744 1708 sentire,
2816 1653 2876 1699 ut
2909 1645 3042 1699 alibi
3073 1644 3292 1699 scribit.
3348 1643 3554 1698 Natura

1963 1746 2148 1791 autem
2175 1751 2300 1791 cum
2328 1737 2400 1793 sit
2426 1737 2685 1808 proprius
2709 1737 2953 1807 Spiritus
2977 1736 3123 1802 Filii,
3158 1745 3419 1806 tanquam
3451 1734 3550 1805 qui

1967 1828 2120 1882 illum
2152 1843 2259 1882 una
2283 1842 2470 1884 secum
2499 1827 2727 1883 adducit
2756 1842 2824 1882 ex
2854 1829 3041 1893 Patre,
3079 1827 3201 1898 ipso
3231 1827 3546 1896 generatio-
3590 1896 3594 1900 ι

1967 1919 2053 1974 nis
2078 1928 2376 1983 momento,
2411 1933 2640 1973 necesse
2689 1929 2774 1972 est
2828 1927 2888 1972 υι
2915 1933 2982 1973 es
3015 1933 3082 1973 eo
3147 1917 3349 1974 habeat
3398 1933 3548 1974 esse.

1966 2014 2157 2084 Neque
2179 2013 2329 2069 enim
2359 2011 2489 2082 quia
2513 2012 2763 2084 ejusdem
2799 2021 3012 2067 natura:
3041 2019 3150 2076 est,
3180 2011 3307 2066 ideo
3344 2020 3400 2066 et
3425 2026 3581 2079 pro-.

1969 2109 2150 2176 prius:
2169 2115 2314 2162 esset
2331 2106 2478 2160 enim
2495 2115 2552 2162 et
2573 2104 2693 2161 Filii
2720 2106 3028 2177 hypostasis
3045 2105 3252 2176 aliquid
3273 2104 3554 2175 proprium

1970 2199 2228 2270 Spiritus.
2268 2199 2373 2255 Sed
2407 2215 2568 2256 nemo
2596 2215 2839 2270 unquam
2869 2200 3008 2254 dixit
3066 2199 3335 2268 Spiritum
3353 2213 3420 2254 ex
3449 2198 3552 2252 Pa-

1970 2299 2052 2344 tre
2076 2291 2352 2346 adducere
2389 2306 2496 2344 una
2527 2305 2712 2345 secum
2755 2290 3034 2361 Verbum;
3067 2303 3250 2357 neque
3272 2271 3399 2343 cum
3427 2301 3560 2356 pro-

1945 2384 2139 2445 ,cedit,
2169 2393 2366 2438 natura
2399 2383 2518 2436 dari
2549 2382 2651 2450 ipsi
2685 2381 2884 2434 Filium
2915 2398 2930 2446 ;
2969 2395 3149 2446 neque
3189 2378 3336 2449 quod
3390 2377 3561 2432 habet

1970 2479 2208 2550 Spiritus
2235 2475 2417 2530 omnia
2443 2474 2825 2544 producentis,
2861 2473 2984 2526 ideo
3020 2472 3190 2526 habet
3218 2481 3274 2526 et
3322 2470 3555 2534 Filium,

1971 2579 2031 2624 ut
2074 2570 2156 2624 sui
2203 2569 2509 2638 proprium.
2550 2565 2656 2621 Sed
2717 2565 2848 2620 hinc
2907 2563 3186 2619 contraria
3237 2561 3422 2617 omnia
3473 2573 3560 2617 sat

1982 2673 2138 2718 tenes
2191 2659 2508 2716 aPatribus
2569 2657 2787 2712 tradita.
2847 2655 3237 2726 Quapropter?
3289 2653 3560 2721 Quoniam

1971 2756 2238 2827 Spiritum
2298 2763 2353 2808 et
2384 2770 2448 2809 ex
2477 2753 2618 2808 Filio
2649 2751 2921 2814 sciebant,
2957 2749 3156 2805 Filium
3177 2763 3311 2803 vero
3337 2763 3405 2804 ex
3431 2748 3558 2817 Spi-

1970 2849 2078 2904 ritu
2112 2847 2265 2902 nul!0
2296 2846 2482 2901 modo.
2520 2844 2910 2916 Agesisenim,
2948 2843 2994 2898 si
3022 2844 3149 2913 quis
3175 2841 3402 2901 dixerit,
3427 2839 3558 2894 dum

1974 2941 2218 3012 Spiritus
2250 2955 2317 2994 ex
2348 2938 2509 3004 Patre
2544 2937 2830 3006 procedit,
2869 2945 3068 2989 natura
3128 2949 3233 2988 una
3265 2933 3428 2986 simul
3465 2931 3563 2984 ad.

283 3041 376 3076 ται
406 3026 498 3076 τὸν
535 3024 663 3076 Υιδν
685 3062 700 3086 ,
739 3024 833 3078 καὶ
870 3023 953 3076 ὃτι
989 3023 1120 3086 ἴδιος
1154 3022 1248 3076 τοῦ
1291 3020 1609 3090 Πνεῦματος
1645 3020 1672 3071 6
1713 3017 1832 3079 Υἱὸς
1851 3049 1866 3080 τι

1974 3031 2126 3085 ducit
2158 3029 2376 3095 Filium,
2433 3036 2490 3084 et
2526 3027 2766 3098 Spiritus
2823 3026 3020 3080 Filium
3058 3039 3181 3080 esse
3246 3021 3556 3092 proprium,

284 3119 521 3190 ἀποδέξῃ
554 3119 616 3171 σὺ
646 3117 869 3183 τοῦτον;
899 3114 1015 3172 οἶδα
1045 3118 1128 3170 ὅτι
1157 3115 1449 3185 seniumst;
1477 3113 1571 3166 τοῦ
1601 3111 1707 3166 τῶν
1735 3110 1866 3180 Χρι-

1977 3122 2388 3178 concederesne
2417 3130 2472 3175 tu
2507 3121 2559 3175 id
2587 3117 2854 3190 quidem?
2887 3119 3033 3172 Bene
3059 3117 3187 3171 novi
3213 3124 3288 3184 te,
3318 3130 3447 3171 eum
3489 3129 3558 3169 ex

286 3213 522 3264 στιανῶν
554 3211 902 3277 συστήματος
923 3252 938 3275 ,
971 3208 1066 3261 καὶ
1099 3208 1314 3278 νοήσεις
1347 3205 1509 3268 εὐθὺς
1529 3245 1545 3270 ,
1575 3205 1652 3268 ὡς
1683 3205 1746 3257 ὲκ
1773 3205 1867 3260 τοῦ

284 3303 603 3373 Πνεῦματος
629 3302 840 3367 δοξάζει
867 3302 961 3354 τὸν
987 3301 1117 3354 rm
1141 3303 1168 3353 6
1194 3298 1366 3353 ταῦτα
1392 3298 1592 3366 λέγων.
1620 3296 1735 3349 Οὐκ
1761 3295 1871 3363 ἄρα

281 3393 374 3446 διὰ
415 3392 477 3444 τδ
515 3391 803 3461 ὁμοούσιον
846 3391 978 3445 ῐδιον
1019 3389 1112 3444 τοῦ
1161 3389 1290 3443 Υῐοῦ
1335 3389 1396 3442 τὸ
1441 3388 1688 3456 Πνεῦμα,
1733 3385 1872 3440 ἀλλὰ

280 3485 418 3538 διότι
447 3483 507 3547 ὲξ
533 3482 699 3537 αὑτοῦ
729 3483 937 3553 πέφηνε
969 3481 1090 3536 κατ’
1113 3480 1376 3550 ἔκφανσιν
1404 3480 1503 3549 τὴν
1531 3481 1610 3542 εὶς
1638 3479 1699 3532 τὸ
1726 3472 1869 3531 εἶναι

281 3579 409 3635 καθ’
434 3581 613 3645 ἑαυτὸ,
642 3577 998 3664 δηλονότιοεὶς
1027 3579 1087 3629 τὸ
1116 3581 1174 3631 ὲν
1205 3577 1344 3648 ὶδικῇ
1375 3576 1674 3631 ὑποστάσει
1703 3569 1869 3639 εἶναι,

285 3674 385 3729 καὶ
415 3673 552 3727 διότι
586 3672 720 3727 [διον
741 3715 756 3739 ,
788 3671 874 3726 διὰ
903 3671 1063 3724 τοῦτο
1095 3671 1189 3724 καὶ
1221 3671 1536 3741 όμοούοιον.
1568 3671 1688 3722 Ὀτι
1724 3669 1782 3722 δι
1809 3668 1872 3722 τὸ

286 3769 418 3822 ἴδιον
449 3766 592 3820 οὕτω
623 3768 961 3838 λαμϐάνεται
985 3806 1000 3830 ,
1032 3767 1124 3819 καὶ
1154 3764 1314 3818 τοῦτο
1347 3763 1608 3828 δύναται,
1639 3764 1742 3834 δρα
1776 3781 1869 3817 σα·

285 3861 401 3927 φῶς
431 3857 700 3928 sapam
725 3856 954 3924 λέγοντα
981 3857 1041 3907 ὲν
1068 3855 1146 3924 τῷ
1175 3855 1312 3924 πρὸς
1343 3854 1644 3924 Νεστόριον
1685 3853 1830 3924 λόγῳ
1854 3869 1868 3885 °

285 3954 520 4019 Ὠσπερ
563 3950 674 4020 γὰρ
724 3948 1066 4016 ἀνθρώπου,
1117 3948 1217 4002 καὶ
1262 3948 1392 4016 μὴν
1438 3946 1706 4001 ἑκάστου
1752 3946 1873 4000 τῶν

283 4044 503 4113 ἑτέρων
537 4043 694 4103 ζώων
726 4043 789 4094 τὸ
829 4041 898 4105 ἐξ
935 4039 1126 4094 αὑτοῦ
1163 4040 1314 4093 κατά
1348 4041 1544 4109 φύσιν
1576 4037 1870 4108 γέννημα,

286 4139 479 4203 οὕτως
508 4137 664 4189 ἴδιον
685 4133 874 4189 αὑτοῦ
897 4133 965 4188 τὸ
993 4134 1060 4186 ἐκ
1085 4132 1198 4201 τῆς
1223 4132 1443 4198 οὐσίας
1471 4131 1660 4186 αὐτοῦ
1687 4130 1871 4185 νοοῖτ’

282 4227 364 4283 ἂν
391 4224 547 4282 εἶναι
577 4227 676 4280 καὶ
706 4227 968 4297 λέγοιτο.
1005 4224 1252 4289 ’Δκοὺεις
1282 4227 1364 4279 ὅτι
1393 4224 1454 4278 τὸ
1486 4225 1618 4278 ῑδιον
1648 4225 1750 4277 οὐκ
1779 4225 1873 4277 ἐπὶ
1905 4283 1909 4287 η

282 4319 422 4373 Θεοῦ
454 4322 636 4390 μόνον,
667 4320 804 4374 ἀλλά
833 4321 928 4374 καὶ
959 4320 1046 4372 ἐπ’
1068 4317 1379 4385 ἀνθρώπων
1409 4320 1502 4372 καὶ
1529 4317 1641 4371 τῶν
1669 4318 1872 4388 ἑτέρων

284 4415 442 4479 ζώων
477 4413 697 4482 λέγεται
731 4412 793 4465 τὸ
833 4413 895 4465 ἔκ
930 4428 1076 4475 τινος
1101 4427 1116 4478 ;
1137 4410 1303 4464 Ἀλλὰ
1324 4411 1420 4464 καὶ
1459 4410 1776 4473 Ἀθανάσιος
1815 4411 1872 4465 ἐν

1971 3218 2410 3273 Christianorum
2441 3225 2588 3271 cmtu
2628 3215 3008 3286 repulsarum.
3042 3213 3340 3281 statimque
3370 3211 3557 3265 animo

1972 3309 2271 3379 concipies,
2327 3309 2526 3363 similia
2574 3307 2923 3371 efferentem,
2971 3322 3038 3362 ex
3085 3305 3296 3375 Spiritu
3360 3303 3557 3359 Filium

1972 3417 2094 3457 esse
2115 3401 2349 3468 opinari.
2380 3400 2498 3456 Non
2527 3401 2692 3470 igitur
2728 3409 2954 3470 propter
2995 3399 3244 3455 eamdem
3301 3407 3557 3454 naturam

1975 3494 2218 3565 Spiritus
2241 3502 2326 3548 est
2357 3493 2475 3547 Filii
2501 3491 2779 3562 proprius,
2815 3492 2910 3547 sed
2940 3489 3087 3562 quod
3113 3506 3180 3545 ex
3210 3506 3278 3546 eo
3304 3494 3561 3561 apparuit

1973 3584 2274 3641 secundum
2309 3585 2739 3654 apparitionem,
2786 3598 2896 3655 qua
2925 3591 2986 3638 ut
3027 3584 3212 3652 seipso
3264 3582 3556 3646 subsistat,

1975 3678 2328 3742 conducitur,
2373 3679 2599 3750 pr0pria
2624 3693 2824 3748 nempe
2855 3677 3136 3750 hypostasi
3184 3677 3476 3741 exsistere,
3503 3686 3561 3730 et

1975 3771 2105 3841 quia
2142 3771 2422 3841 proprius,
2476 3771 2601 3826 ideo
2636 3779 2722 3826 est
2756 3780 2813 3826 et
2846 3771 3094 3842 ejusdem
3148 3779 3384 3824 naturae.
3427 3768 3560 3824 Pro-

1975 3864 2158 3934 prium
2184 3877 2314 3918 vero
2369 3863 2443 3918 ita
2466 3865 2635 3928 sumi,
2667 3872 2726 3919 et
2771 3863 2826 3917 id
2863 3864 3172 3926 insinuare,
3237 3863 3435 3916 discito
3489 3879 3559 3918 ex

1973 3956 2200 4028 Cyr‘illo,
2233 3955 2325 4026 qui
2357 3957 2601 4010 oratione
2624 3955 2693 4010 ad
2727 3955 3046 4010 Nestoriqu
3101 3955 3326 4010 scribit:
3359 3955 3561 4021 Quen.-

1984 4049 2273 4102 admodum
2323 4051 2464 4100 enim
2502 4047 2750 4111 hominis,
2814 4062 2908 4099 nec
2964 4061 3067 4098 non
3109 4044 3418 4119 etaliorum
3451 4045 3562 4098 sin-

1976 4140 2227 4212 gulorum
2262 4140 2625 4194 animantium
2658 4138 2815 4206 fetus.
2851 4137 2941 4203 qui
2972 4153 3038 4190 ea:
3067 4152 3126 4189 eo
3145 4144 3244 4202 est,
3273 4135 3562 4190 secundum

1979 4245 2258 4298 naturam,
2321 4235 2396 4288 sic
2425 4233 2700 4301 proprium
2737 4230 3247 4305 illiusjntelligetur
3278 4245 3390 4283 esse
3423 4230 3563 4282 dice-

1977 4337 2192 4398 turque,
2229 4329 2369 4397 quod
2405 4343 2469 4380 ea:
2492 4327 2720 4380 essentia
2761 4326 2906 4380 illius
2938 4326 3056 4378 erit.
3087 4322 3400 4387 Audistine,
3431 4336 3564 4391 pro-

1979 4421 2159 4490 prium
2197 4435 2304 4473 non
2337 4420 2404 4473 de
2442 4420 2553 4474 Deo
2583 4419 2782 4483 solum,
2810 4417 2904 4473 sed
2935 4425 2990 4470 et
3017 4415 3085 4471 de
3117 4413 3458 4478 hominibus,
3505 4421 3562 4465 et

281 4506 361 4576 τῷ
387 4508 529 4560 κατὰ
560 4505 856 4576 Ἀρειανῶν
897 4505 1070 4574 λόγῳ,
1103 4502 1340 4572 Ἐπειδὴ
1364 4503 1475 4573 γὰρ
1499 4503 1691 4573 Λόγος
1713 4502 1866 4570 ἐστὶ,

1980 4511 2048 4566 de
2087 4511 2209 4565 aliis
2231 4509 2610 4565 animantibus
2643 4508 2774 4574 dici,
2806 4507 2954 4578 quod
2995 4523 3058 4562 ex
3085 4506 3272 4576 aliquo
3299 4503 3426 4559 est?
3451 4501 3559 4556 Sed

282 4599 456 4668 φησιν
477 4639 491 4662 ,
523 4598 676 4665 ἴδιος
707 4599 888 4667 φύσει
917 4597 1030 4665 τῆς
1056 4598 1275 4661 οὐσίας
1303 4595 1409 4649 τοῦ
1441 4595 1591 4650 Θεοῦ
1613 4635 1628 4657 ,
1659 4594 1728 4659 ἐξ
1760 4596 1870 4648 αὺ-

283 4691 392 4745 τοῦ
418 4690 482 4744 τέ
504 4693 659 4755 ἐστι,
688 4690 788 4743 καὶ
813 4690 884 4743 ἐν
904 4689 1086 4754 αὐτῷ.
1122 4689 1252 4742 Ἰδοὺ
1280 4689 1440 4742 πάλιν
1463 4689 1526 4740 ὲκ
1549 4686 1740 4740 τούτου
1764 4687 1873 4740 δεί-

282 4801 476 4836 κνυται
507 4785 536 4835 6
567 4784 694 4841 Υἱὸς
725 4779 868 4835 εἶναι
900 4783 964 4834 ἐκ
992 4783 1086 4834 τοῦ
1120 4781 1353 4852 Πατρδς,
1383 4780 1464 4834 ὅτι
1491 4779 1666 4848 Λόγος
1697 4778 1866 4833 αὑτοῦ

283 4878 417 4939 ἴδιος
463 4876 731 4928 καλεῖται.
772 4876 832 4927 Ὀ
871 4874 928 4928 δὲ
972 4873 1116 4937 θεῖος
1161 4871 1315 4935 αὖθις
1360 4872 1629 4943 Κύριλλος
1668 4873 1749 4934 εἰς
1788 4871 1871 4935 τὸ,

284 4967 460 5036 Κάγὼ
486 4966 768 5036 ἐρωτήσω
798 4967 907 5019 τὸν
937 4965 1202 5033 Πατέρα,
1233 4964 1360 5018 τάδε
1393 4965 1528 5034 φησι
1555 4980 1570 4995 ο
1610 4962 1734 5017 Τῶν
1761 4961 1871 5032 γὰρ

285 5055 437 5110 Θεοῦ
495 5054 594 5109 καὶ
649 5055 881 5124 Πατρός
936 5053 1218 5123 φυσικῶν
1265 5053 1509 5120 ἀγαθῶν
1560 5053 1874 5108 οὑσιωδῶν

280 5147 577 5216 ὑπάρχων
607 5150 640 5201 ό
670 5147 800 5213 Υἱὸς
832 5149 1151 5212 κοινωνὸς,
1185 5146 1312 5216 ἔχει
1343 5148 1412 5200 τὸ
1448 5146 1692 5216 Πνεῦμα
1721 5145 1873 5200 κατά

283 5240 502 5294 τοῦτον
540 5240 648 5292 τὸν
685 5241 934 5308 τρόπον,
974 5239 1104 5293 καθ’
1131 5240 1315 5308 ὅνπερ
1349 5240 1425 5293 ἂν
1448 5239 1649 5294 νοοῖτο
1694 5241 1792 5294 καὶ
1839 5242 1872 5294 ό

284 5335 511 5402 Πατὴρ,
545 5335 658 5388 οὐκ
687 5334 976 5397 ἐπακτὸν,
1009 5331 1155 5386 οὐδὲ
1183 5331 1410 5396 ἔξωθεν
1435 5347 1449 5362 ·
1485 5333 1702 5399 εὔηθες
1736 5331 1868 5400 γὰρ,

276 5424 522 5494 μᾶλλον
547 5423 616 5478 δὲ
637 5424 899 5494 μανικὸν
924 5424 989 5477 τὸ
1018 5423 1173 5477 οὕτω
1198 5423 1448 5493 φρονεῖν
1467 5439 1480 5453 °
1507 5425 1648 5479 ἀλλ’
1667 5424 1872 5493 ὥσπερ

283 5519 383 5572 καὶ
439 5515 607 5586 ἡμῶν
650 5517 913 5583 ἕκαστος
957 5515 1024 5570 τὸ
1075 5515 1233 5570 ἴδιον
1276 5515 1346 5568 ἐν
1392 5515 1586 5582 ἑαυτῷ
1635 5516 1873 5585 πνεῦμα

283 5611 574 5678 συνέχει,
613 5609 713 5663 καὶ
748 5609 816 5662 ἐκ
851 5607 970 5662 τῶν
1001 5609 1342 5663 ἐνδοτάτων
1374 5609 1753 5678 σπλάγχνων
1786 5611 1872 5675 εἰς

287 5705 352 5756 τὸ
390 5703 506 5766 ἔξω
549 5701 813 5772 προχέει.
851 5703 1018 5772 Ὀρᾷς
1062 5703 1160 5772 τὴν
1197 5700 1498 5772 (ianitorum;
1548 5700 1718 5770 Πείθῃ
1760 5703 1871 5764 τοῖς

287 5795 624 5866 ειρημένοις,
656 5795 688 5865 ἢ
719 5794 799 5848 ἔτι
829 5795 1104 5866 χρῄζομεν
1134 5794 1464 5867 μαρτύρων;
1493 5792 1653 5848 ’Ὶδιον
1679 5793 1788 5862 ἄρα
1815 5795 1874 5846 τὸ

1973 4613 2030 4660 ct
2057 4604 2413 4669 Athanasius,
2446 4603 2710 4659 Oratione
2735 4611 2928 4658 contra
2959 4600 3230 4655 Arianos:
3261 4597 3393 4654 Cum
3421 4596 3562 4649 enim

1977 4695 2200 4752 Verbum
2223 4696 2316 4762 sit,
2345 4695 2445 4762 ait,
2473 4695 2748 4766 proprium
2807 4701 3002 4745 natura
3049 4691 3241 4744 divinet:
3298 4689 3559 4751 assentire,

1973 4797 2052 4843 est
2102 4804 2166 4841 ea:
2213 4803 2273 4841 eo
2326 4795 2374 4839 et
2423 4787 2482 4839 in
2538 4783 2655 4840 illo.
2710 4783 2792 4838 En
2852 4791 2912 4836 ιιι
2941 4781 3124 4836 denuo
3149 4796 3216 4836 ex
3267 4779 3372 4834 hoc
3417 4793 3564 4849 quo-

1973 4898 2082 4953 que
2128 4881 2545 4937 coustabiliatur
2578 4920 2592 4944 ,
2646 4877 2843 4932 Filium
2879 4892 2944 4930 ex
3007 4874 3170 4930 Patre
3227 4889 3372 4933 esse.
3415 4873 3567 4944 quod
3673 4887 3677 4890 λ

1974 4970 2218 5026 Verbum
2246 4969 2421 5039 ipsius
2453 4967 2740 5039 proprium
2785 4965 3082 5021 vocitatur.
3114 4965 3344 5020 Divinas
3373 4978 3568 5019 rursus

1973 5062 2215 5134 Cyrillus
2247 5064 2301 5116 in
2332 5061 2464 5116 illud
2495 5077 2514 5116 :
2553 5059 2616 5114 Et
2657 5077 2752 5131 ego
2784 5060 2978 5130 rogabo
3011 5057 3250 5122 Patrem,
3321 5057 3439 5112 haec
3466 5057 3568 5111 ad-

1974 5164 2164 5209 notat:
2198 5153 2344 5208 Nam
2391 5154 2486 5207 De:
2532 5163 2581 5206 et
2639 5151 2818 5206 Patris
2850 5141 3186 5206 naturalium
3215 5150 3471 5204 bonorum
3518 5154 3567 5201 et

1975 5244 2336 5298 essentialium
2359 5261 2479 5298 cum
2517 5243 2689 5298 Filius
2749 5245 3007 5312 particeps
3037 5244 3128 5305 sit,
3183 5243 3334 5296 habet
3387 5240 3566 5311 Spiri-

1975 5343 2089 5387 tum
2115 5351 2174 5387 eo
2197 5338 2370 5399 modo,
2408 5350 2510 5404 quo
2549 5334 2700 5387 illum
2721 5335 2909 5387 habere
2937 5343 2986 5386 et
3023 5333 3188 5386 Pater
3215 5331 3566 5401 intelligetur,

1979 5446 2082 5482 non
2113 5428 2404 5482 ascititinm
2463 5442 2630 5495 neque
2664 5435 3002 5479 extraneum.
3045 5424 3240 5480 Stolidi
3274 5425 3413 5478 enim
3465 5431 3564 5486 est,

1976 5522 2083 5575 imo
2118 5520 2305 5590 furiosi
2350 5522 2423 5574 ita
2449 5522 2662 5574 sentire.
2713 5518 2819 5574 Sed
2861 5520 3026 5574 veluti
3073 5527 3311 5574 nostrum
3363 5518 3568 5590 singuli

1977 5612 2252 5682 proprium
2274 5613 2326 5664 in
2347 5613 2623 5681 semetipso
2653 5613 2901 5682 spiritum
2929 5613 3220 5670 continent.
3251 5620 3300 5663 et
3342 5626 3406 5663 ea:
3441 5611 3570 5664 inti-

1980 5707 2077 5760 mis
2100 5705 2380 5760 visceribus
2405 5704 2550 5772 [oras
2579 5706 2869 5775 elfuuduut.
2902 5703 3571 5760 Vidcn'similitmlincm?

1981 5797 2242 5854 Suadcris
2273 5798 2387 5869 jam
2422 5797 2620 5854 dictis?
2647 5799 2726 5854 Au
2757 5809 3019 5870 praztcrca
3050 5800 3186 5854 alios
3243 5809 3411 5855 lcstcs
3468 5813 3566 5853 cx—
