3880 6220
453 285 557 346 787
1647 301 1973 362 GEORGII
2014 304 2158 364 TIU
2173 308 2528 370 l’EZUNTII
3580 330 3657 394 7.8

452 402 669 471 poscis?
700 402 962 475 Pmprius
986 408 1169 478 itaque
1205 411 1442 481 Spiritus
1475 416 1597 471 Filii
1630 427 1735 483 est,
1791 421 1939 488 quod
1970 437 2037 478 ex

2149 424 2369 493 Πνεῦμα
2402 426 2495 480 τοῦ
2536 426 2701 493 Υιοῦ,
2735 428 2816 481 ὅτι
2848 428 2907 493 ἐξ
2942 429 3108 483 animi?
3130 474 3144 496 ,
3176 430 3250 497 ὡς
3284 431 3372 486 καὶ
3404 436 3517 507 παρ’
3539 441 3657 510 ἡμῶν

340 508 356 519 ‘
454 495 573 562 ipso
595 505 700 559 est,
723 497 891 552 veluti
919 508 973 553 et
995 501 1139 570 apud
1165 518 1261 558 nos
1284 507 1539 574 proprius
1562 520 1750 565 noster
1780 513 2030 582 spiritus.

451 588 586 640 Nam
613 589 655 640 si
684 604 751 643 ex
771 604 837 643 eo
864 605 971 645 non
1002 602 1169 657 esset,
1215 611 1393 665 neque
1422 609 1567 654 esset
1606 604 1862 672 preprius
1888 621 1903 672 ;
1937 606 2035 662 sed

453 678 713 746 proprius
732 690 836 746 est,
862 697 992 751 ergo
1019 693 1073 738 et
1105 700 1168 739 ex
1202 686 1341 754 ipso,
1374 706 1483 745 non
1510 692 1739 759 donum,
1770 712 1880 751 non
1905 715 2037 769 ope-

457 770 617 835 ratio,
684 772 777 825 sed
806 788 871 826 ex
905 774 1103 831 Triade
1130 780 1586 852 unus.Apparuit
1615 788 1759 841 enim
1790 806 1857 844 ex
1890 792 2033 861 ipso,

453 875 515 914 ea
548 862 891 930 apparitione
920 866 987 921 ad
1011 866 1386 927 exsistentiam
1417 875 1640 942 ductus,
1690 896 1795 948 qua
1847 899 1943 952 per
1976 901 2036 941 se

454 952 802 1023 subsisteret,
864 958 969 1014 hoc
1025 972 1212 1018 autem
1267 976 1352 1020 est
1403 969 1727 1036 procedere.
1782 972 2038 1030 Procedit

454 1043 623 1115 igitur
642 1055 697 1100 et
726 1062 792 1103 ex
827 1049 986 1115 Filio,
1026 1054 1142 1109 sive
1182 1072 1280 1125 per
1312 1058 1531 1123 Filium,
1564 1064 2032 1130 quemadmodum

452 1145 505 1190 et
564 1138 787 1196 divinus
838 1143 1116 1201 Maximus
1169 1150 1369 1215 tradit,
1431 1152 1560 1207 dum
1617 1156 1748 1224 quid
1806 1173 2035 1213 aureum

452 1230 847 1288 candelabrum
923 1240 1067 1307 apud
1149 1240 1471 1297 Zachariam
1536 1248 1860 1317 prophetam
1948 1253 2035 1307 in-

451 1321 593 1383 nuit,
622 1323 1049 1396 interpretatur:
1088 1332 1229 1387 Nam
1253 1333 1487 1405 Spiritus
1504 1348 1739 1405 sanctus,
1766 1343 1864 1408 ait,
1893 1345 2036 1399 velu-

454 1417 495 1469 ti
528 1429 725 1473 natura
752 1422 1040 1478 secundum
1067 1431 1352 1482 essentiam
1381 1440 1456 1485 est
1497 1432 1592 1485 Dei
1617 1443 1667 1487 et
1696 1433 1900 1500 Patris,
1954 1440 2036 1493 ita

454 1518 504 1561 et
532 1509 660 1565 Filii
686 1516 979 1571 secundum
1012 1523 1297 1575 essentiam
1346 1532 1442 1598 est,
1478 1527 1557 1577 uti
1583 1542 1613 1578 a
1649 1523 1810 1580 Patre
1862 1545 2037 1583 essen-

454 1601 660 1657 tialiler
707 1621 802 1674 per
850 1605 1054 1663 Filium
1115 1615 1353 1681 genitum
1399 1616 1751 1673 inenarrabili
1803 1624 2035 1690 quodam

455 1695 607 1749 modo
650 1700 959 1766 procedens.
1010 1702 1090 1756 En
1125 1720 1322 1760 rursus
1371 1708 1677 1762 secundum
1736 1713 2035 1768 essentiam

451 1804 572 1843 esse
626 1790 750 1845 Filii
793 1790 1084 1863 Spiritum,
1151 1813 1215 1852 ex
1270 1815 1336 1854 eo
1392 1801 1692 1870 procedere
1749 1818 2034 1861 common-
2068 1822 2112 1878 Β

452 1892 683 1940 strator.

526 1977 613 2030 Η.
649 1977 807 2043 Quod
833 1980 877 2034 si
907 1980 1079 2048 dicas,
1106 1985 1477 2041 essentialiter
1508 1987 1578 2041 ab
1606 2002 1673 2043 eo
1697 1989 1936 2057 dictum,
1978 2000 2042 2046 ut

451 2082 516 2122 ex
536 2071 776 2124 essentia
801 2072 951 2126 illum
982 2073 1103 2129 Filii
1129 2091 1251 2131 esse
1276 2077 1633 2146 signiﬁcaret,
1660 2082 1882 2138 tolleret
1906 2099 2040 2141 vero

452 2174 517 2212 ex
546 2161 848 2230 hypostasi,
876 2164 1021 2233 quod
1054 2182 1121 2220 ex
1148 2167 1356 2224 Graecis
1379 2172 1630 2226 nonnulli
1662 2174 2037 2243 suspicantur,

454 2262 508 2307 et
534 2245 782 2311 eamdem
834 2257 961 2313 inde
991 2270 1246 2316 naturam
1284 2265 1465 2319 notari
1523 2268 1888 2331 contendunt,
1927 2285 2039 2324 non

452 2349 1005 2416 comprehendentes,
1027 2353 1071 2407 si
1097 2352 1202 2409 hoc
1219 2356 1640 2422 concederetur.
1664 2360 1881 2415 Patrem
1907 2377 2042 2431 quo.

453 2454 560 2507 que
589 2456 655 2495 ex
693 2444 938 2498 essentia
976 2444 1217 2514 Spiritus
1250 2463 1374 2503 esse
1433 2450 1521 2519 pie
1553 2450 1851 2507 admodum
1908 2454 2039 2522 dici,

455 2545 619 2599 quam
638 2548 829 2587 vocem
854 2550 1020 2590 nemo
1046 2536 1113 2591 ad
1140 2537 1287 2594 hunc
1308 2540 1454 2594 diem
1483 2540 1651 2596 misit.
1683 2541 1746 2597 Et
1765 2543 2039 2612 fraudem,

455 2639 577 2691 qua:
606 2625 661 2679 in
696 2625 842 2680 dicto
873 2627 1026 2691 latet,
1054 2629 1204 2684 facili
1239 2633 1464 2701 negOtio
1493 2632 1897 2702 deprehendes.
1933 2637 2042 2691 Ab-

457 2712 783 2770 surdissime
816 2732 1055 2786 namque
1114 2720 1443 2790 loqueretur
1498 2724 1771 2793 sapientia
1810 2728 2043 2796 przecla-

456 2806 707 2862 rissimus
734 2807 1020 2874 Maximus,
1052 2812 1099 2867 si
1132 2828 1197 2867 ex
1233 2815 1427 2871 eodem
1461 2814 1605 2871 idem
1637 2830 2044 2875 commonstra-

454 2901 1055 2968 ret;quemadmodum
1116 2906 1160 2959 si
1212 2906 1338 2975 quis
1388 2907 1552 2962 vellet
1606 2911 1898 2967 ostendere
1956 2928 2043 2969 es-

456 2995 692 3048 sentiam
733 3013 856 3053 esse
930 3000 1234 3065 hominem,
1288 3002 1342 3057 id
1403 3003 1612 3059 diceret
1669 3020 1794 3061 esse
1845 3007 2040 3076 :quod

455 3090 693 3143 essentia
730 3091 896 3145 homo
927 3102 1032 3146 est.
1067 3094 1286 3148 Etenim
1340 3096 1385 3148 si
1415 3095 1562 3164 quod
1594 3096 1900 3151 secundum
1951 3111 2043 3152 es-

2138 518 2199 570 τὸ
2244 520 2375 573 ἴδιον
2417 521 2575 591 ήμῶν
2620 520 2858 590 πνεῦμα.
2902 522 2959 575 Ei
3001 523 3113 594 γάρ
3159 527 3234 595 μὴ
3278 526 3335 591 ἐξ
3374 528 3540 594 αὑτοῦ,
3569 536 3654 587 οἱδὶ

2144 608 2273 663 ῐδιον
2296 627 2309 640 ’
2344 611 2459 665 ἀλλ’
2483 614 2653 666 ἴδιον
2688 613 2747 678 ἐξ
2779 615 2942 668 αὐτοῦ
2973 615 3103 685 ἄρα,
3137 618 3197 670 οὐ
3231 618 3407 689 χάρις,
3438 624 3526 675 οὐκ
3550 627 3655 696 ἐνέρ-

2140 722 2298 775 γεια,
2334 707 2450 760 ἀλλ’
2474 710 2500 761 ὁ
2530 709 2630 779 τῆς
2665 708 2897 776 Τριάδος
2933 706 3032 772 εἷς.
3069 713 3287 781 Πέφηνε
3321 714 3424 786 γάρ
3457 719 3507 781 ἐξ
3537 720 3654 775 αὐξοῧ

2141 800 2263 853 κατ’
2291 800 2555 868 ἕκφανσιν
2585 802 2684 874 τὴν
2714 804 2790 865 εἰς
2826 803 2886 855 τὸ
2920 800 3058 857 εἶναι
3096 806 3220 858 καθ’
3247 808 3427 862 ἑαυτό.
3457 811 3597 865 Τοῦτο
3618 814 3656 866 δὲ

2140 895 2254 945 ὲστι
2279 893 2337 946 τὸ
2364 895 2781 965 ἐκπορεύεσθαι.
2811 896 3203 967 Ἐκπορεύεται
3232 900 3338 970 ἄρα
3364 904 3450 954 καὶ
3475 904 3525 966 ἐξ
3547 905 3654 973 Tisia,

2141 983 2259 1052 ἢτοι
2297 985 2365 1038 δι’
2393 986 2525 1039 Υῑοῦ
2547 1027 2561 1051 ,
2600 988 2676 1051 ὡς
2718 990 2813 1042 καὶ
2849 990 2877 1041 ὁ
2912 989 3054 1053 θεῖός
3088 1008 3225 1061 φησι
3260 993 3498 1063 Μάξιμος
3534 999 3578 1048 ἐν
3603 994 3659 1061 οἷς

2140 1076 2459 1145 ἑρμηνεύει,
2483 1081 2536 1132 τί
2565 1079 2815 1149 βούλεται
2836 1083 2913 1153 τῷ
2943 1086 3197 1156 προφήτῃ
3221 1086 3457 1156 Ζαχαρία
3481 1089 3657 1160 ήχρυσῆ

2139 1169 2348 1240 λυχνία.
2397 1174 2468 1225 Τὸ
2512 1175 2623 1243 γὰρ
2665 1177 2908 1245 Πνεῦμα
2948 1180 3012 1232 τὸ
3053 1179 3251 1248 ἅγιον,
3299 1182 3473 1253 φησὶν,
3507 1182 3660 1253 ὥσπερ

2138 1265 2321 1331 φύσει
2351 1266 2720 1322 κατὀὐσιάν
2743 1270 3003 1339 ὑπάρχει
3029 1272 3139 1325 τοῦ
3169 1274 3318 1326 Θεοῦ
3345 1275 3437 1327 καὶ
3465 1278 3657 1342 Πατρύς,

2139 1357 2293 1409 οὕτω
2327 1358 2425 1411 καὶ
2458 1358 2565 1412 τοῦ
2600 1361 2736 1415 Υιοῦ
2770 1366 2902 1416 κατ’
2926 1366 3155 1417 οὐσίαν
3186 1366 3377 1432 ἐστὶν,
3405 1366 3478 1433 ὡς
3504 1367 3559 1420 ἐκ
3583 1367 3659 1419 τοῦ

2139 1450 2371 1516 Πατρός
2422 1452 2729 1519 οὐσιωόὧς
2778 1454 2854 1508 δι’
2891 1457 3029 1511 Υἱοῦ
3084 1460 3473 1526 γεννηθέντος
3516 1462 3659 1528 ἀφρά-

2140 1556 2303 1607 στως
2347 1542 2847 1614 ἐκπορευόμενον.
2890 1548 3022 1602 ’1δοὺ
3072 1551 3239 1603 πάλιν
3282 1551 3343 1604 τὸ
3386 1552 3497 1604 κατ’
3520 1554 3659 1605 οῦσῖαν

2141 1626 2282 1686 εἶναι
2331 1634 2461 1687 Υἱοῦ
2506 1636 2567 1689 τὸ
2616 1639 2838 1708 Πνεῦμα
2886 1640 2964 1708 τῷ
3009 1641 3082 1694 δι’
3114 1642 3282 1697 αὑτοῦ
3329 1645 3658 1716 ἐκπορεύεσθαι

2141 1724 2440 1780 δείκνυται.

2216 1997 2302 2045 ια’.
2359 1992 2421 2046 Εἰ
2466 1994 2521 2047 δὲ
2572 1995 2751 2065 λάγοις
2793 1996 2851 2049 τὸ
2899 1998 3181 2061 οὐσιωδῶς
3244 2000 3390 2071 αὐτῷ
3436 2002 3655 2072 εἰρῆσθαι,

2145 2081 2231 2135 ἵνα
2265 2084 2326 2136 τὸ
2357 2084 2456 2152 μὲν
2479 2086 2543 2139 ἐκ
2570 2088 2668 2156 τῆς
2692 2087 2896 2150 οὐσίας
2924 2088 3073 2143 εἶναι
3105 2091 3203 2145 τοῦ
3240 2092 3367 2146 Υῐοῦ
3396 2092 3595 2164 δηλώσῃ,
3617 2092 3656 2145 τὸ

2142 2174 2200 2227 δὲ
2228 2176 2293 2228 ἐκ
2322 2178 2421 2247 τῆς
2454 2178 2811 2243 ὑποστάσεως
2846 2181 3149 2253 άναιρήσῃ,
3185 2185 3213 2237 ὃ
3250 2202 3393 2248 τινες
3419 2186 3516 2237 τῶν
3544 2185 3655 2252 Γραι-

2143 2266 2258 2320 κῶν
2295 2267 2659 2339 ὑπειλήφασι,
2692 2273 2786 2324 καὶ
2821 2272 2881 2325 τὸ
2917 2272 3219 2342 ὀμιιούσιον
3260 2274 3496 2328 ἐντεῦθεν
3520 2273 3655 2343 δηλοῖ»⁴

2146 2359 2270 2411 σθαι
2325 2358 2564 2427 θέλουσι,
2625 2362 2699 2432 μὴ
2748 2364 3092 2432 συνορῶντες
3124 2363 3203 2427 ὡς
3254 2364 3439 2418 τούτου
3473 2364 3655 2424 δοθέντος

2143 2452 2239 2504 καὶ
2268 2450 2297 2504 δ
2330 2454 2524 2523 Πατὴρ
2556 2456 2621 2507 ὲκ
2660 2455 2759 2525 τῆς
2806 2456 2997 2521 οὐσίας
3035 2457 3139 2511 τοῦ
3174 2456 3482 2527 Πνεῦματος
3510 2452 3657 2521 ἐλέγετ’

2145 2544 2212 2598 ἂν
2251 2545 2514 2611 εὐσεδῶς,
2547 2548 2685 2617 ὅπερ
2728 2547 2907 2601 οὐδενὶ
2940 2548 3221 2618 λέλεκται,
3258 2550 3433 2621 ῥᾴδιον
3464 2550 3569 2603 ἰδεῖν
3591 2546 3656 2614 τὴν

2145 2637 2516 2693 λανθάνουσαν
2541 2626 2619 2709 τῷ
2653 2639 2797 2710 λόγῳ
2842 2641 3089 2710 ἀπάτην.
3130 2643 3491 2705 Ἀτοπώτατος
3510 2640 3592 2709 γὰρ
3610 2633 3656 2708 ἦν

2146 2728 2175 2781 ὁ
2205 2730 2367 2798 σοφὸς
2402 2731 2467 2783 τά
2499 2731 2678 2784 πάντα
2730 2730 3007 2799 Μάξιμος,
3051 2734 3109 2785 εἰ
3155 2734 3217 2786 ὲκ
3252 2731 3345 2786 τοῦ
3377 2730 3526 2787 αὐτοῦ
3564 2728 3657 2781 iisi-

2146 2834 2274 2870 κνυε
2305 2820 2365 2871 τὸ
2395 2818 2527 2872 αὐτό
2549 2834 2563 2847 °
2594 2818 2787 2889 ὥσπερ
2816 2820 2884 2873 ἂν
2912 2819 2968 2872 ετ
2991 2836 3083 2879 τις
3109 2820 3309 2874 ἐθέλων
3344 2819 3500 2885 δεῖξαι
3523 2816 3658 2870 οὐσίαν

2147 2903 2288 2960 εἶναι
2314 2910 2405 2960 τὸν
2432 2909 2743 2979 ἄνθρωπον,
2770 2909 2919 2964 τοῦτ’
2951 2910 3150 2977 ἔλεγεν
3192 2907 3334 2965 εἶναι
3355 2927 3369 2942 ·
3403 2910 3520 2963 διότι
3547 2908 3657 2960 nisi:

2146 3002 2175 3053 ὁ
2198 2998 2482 3070 ἄνθρωπός
2521 3003 2694 3057 ἐστιν.
2727 3001 2787 3055 Ei
2811 3002 2921 3073 γάρ
2952 3003 3083 3056 κατ’
3099 3004 3295 3057 οὐσίαν
3313 2999 3445 3056 εἶναι
3464 3001 3543 3054 τοῦ
3567 2997 3656 3051 Tia]

2146 3093 2208 3145 τὸ
2236 3091 2460 3163 Πνεῦμα
2510 3093 2701 3146 τούτου
2736 3093 2899 3165 χάριν
2931 3094 3212 3164 βούλεται,
3250 3096 3334 3149 ὅτι
3362 3091 3594 3153 οὐσιωδῶς
3618 3089 3658 3150 ἐξ

452 3181 691 3235 sentiam
716 3183 840 3237 Filii
875 3184 1114 3253 Spiritus
1167 3195 1270 3253 est,
1314 3187 1438 3241 ideo
1465 3188 1755 3243 contendit
1851 3205 2043 3245 esseu-

2149 3186 2338 3250 αὐτοῦ,
2370 3188 2491 3255 ἤτοι
2517 3189 2615 3257 τῆς
2640 3189 2831 3251 οὐσίας
2874 3188 3070 3252 αὐτοῦ,
3121 3190 3199 3253 ὡς
3245 3191 3390 3245 δοκεῖ
3416 3194 3512 3250 τοῖς
3541 3186 3659 3254 Γραι·

456 3273 664 3328 tiaiiter
703 3290 824 3331 esse
850 3292 917 3331 ex
945 3293 1033 3340 eo,
1064 3276 1181 3333 sive
1213 3294 1279 3333 ex
1305 3280 1549 3334 essentia
1578 3280 1750 3345 illius,
1782 3286 1845 3335 ut
1870 3281 2044 3337 Graeci

455 3364 773 3435 opinantur,
794 3367 960 3437 plane
990 3368 1332 3425 deridiculus
1358 3380 1505 3426 esset
1555 3386 1760 3440 sermo,
1801 3370 1936 3426 nihil
1958 3385 2048 3427 os-

458 3460 690 3516 tendens
727 3461 975 3531 ejusdem
1016 3463 1271 3518 essentia:
1305 3464 1428 3518 Filii
1471 3464 1739 3535 Spiritum
1774 3464 1898 3518 ideo
1926 3478 2049 3519 esse

457 3553 669 3622 dicens,
699 3554 846 3625 quod
865 3554 1110 3625 ejusdem
1134 3556 1387 3610 essentiae
1410 3556 1757 3612 est.Videsne
1780 3554 2042 3611 ridicula—

456 3652 567 3707 rias
592 3650 917 3705 Graecorum
953 3648 1487 3717 argumentationes,
1526 3663 1638 3718 quo
1674 3663 1796 3703 sese
1822 3657 1992 3719 agunt
2022 3647 2046 3700 ἲ

457 3744 761 3799 Considera
794 3751 1058 3811 praeterea
1082 3740 1448 3809 impietatem.
1482 3740 1764 3810 Quidquid
1820 3755 2050 3810 genera-

458 3850 567 3903 tur,
606 3837 965 3906 proceditque
994 3835 1048 3889 in
1070 3834 1467 3900 exsisteutiam,
1497 3844 1593 3889 aut
1622 3843 1709 3889 est
1737 3850 1805 3888 ex
1877 3833 2049 3904 hypo-

460 3931 596 3986 stasi
627 3940 836 3983 tantqu
861 3944 967 3998 qua
1006 3927 1315 3999 hypostasis
1335 3937 1440 3991 est,
1474 3934 1571 3981 aut
1623 3940 1690 3981 ex
1722 3928 1962 3983 essentia
1991 3935 2046 3982 et

461 4036 660 4081 natura
688 4033 922 4091 tantum,
984 4033 1042 4078 et
1080 4024 1289 4094 absque
1342 4021 1624 4093 hypostasi
1669 4021 2041 4089 considerata,

461 4128 557 4173 aut
592 4135 661 4174 ex
699 4127 933 4187 utraque
959 4132 1024 4171 ex
1056 4124 1253 4170 natura
1283 4114 1498 4169 scilicet
1530 4123 1628 4169 aut
1653 4114 1894 4169 essentia
1927 4130 2049 4189 qua:

463 4218 518 4270 in
553 4212 835 4283 hypostasi
862 4221 966 4277 est,
994 4218 1050 4264 et
1079 4210 1130 4263 in
1160 4209 1443 4279 hypostasi
1477 4207 1813 4277 concipitur.
1841 4207 2051 4263 Secun-

462 4310 591 4364 dum
615 4321 793 4375 neque
822 4304 996 4359 Graeci
1023 4302 1126 4371 ipsi
1157 4300 1431 4365 dixerint;
1458 4314 1700 4369 namque
1720 4299 2043 4367 absurdum,

464 4409 523 4453 ut
548 4398 787 4462 videtur,
820 4393 1143 4450 existimant
1194 4390 1345 4461 quod
1392 4390 1519 4445 inde
1551 4391 1803 4460 sequitur
1848 4410 1862 4446 :
1894 4390 2048 4461 ejus-

463 4494 587 4547 dem
616 4489 889 4561 siquidem
910 4497 1118 4542 naturae
1148 4485 1391 4541 Trinitas
1412 4483 1874 4548 confunderetur,
1910 4484 2048 4538 adeo

2144 3282 2294 3345 'zoic,
2331 3281 2539 3350 γελοῖος
2562 3282 2626 3335 ἂν
2652 3277 2722 3352 ἦν
2746 3284 2775 3335 δ
2802 3281 2960 3350 λόγος
2980 3282 3141 3335 οὐδὲν
3166 3283 3440 3345 δεικνύων,
3466 3277 3577 3332 ἀλλά
3593 3274 3660 3341 τῆς

2152 3374 2320 3443 αὐτῆς
2355 3374 2543 3438 οὐσίας
2572 3372 2666 3428 τοῦ
2702 3373 2833 3427 Υἱοῦ
2881 3375 2941 3428 τὺ
2974 3376 3209 3445 Πνεῦμα
3239 3374 3422 3429 τούτου
3447 3373 3581 3427 ἕνεκα
3603 3366 3661 3417 λέ-

2151 3478 2286 3532 γων,
2316 3464 2397 3517 ὅτι
2426 3467 2525 3532 τῆς
2558 3464 2732 3534 αὐτῆς
2773 3465 2985 3528 οὐσίας.
3036 3465 3273 3528 Βλέπεις
3298 3465 3393 3527 τὰς
3423 3458 3660 3532 γελοιὼδεις

2152 3555 2261 3608 τῶν
2318 3555 2568 3625 Γραικῶν
2613 3558 3020 3627 ὲπενθυμήσεις
3072 3559 3175 3610 ποῖ
3206 3556 3485 3627 φέροντας
3518 3548 3661 3602 Σκόπει

2152 3649 2248 3702 καὶ
2274 3648 2374 3718 τὴν
2393 3648 2675 3704 ἀσέϐειαν.
2704 3649 2778 3702 Τὸ
2801 3648 3155 3719 γεννώμενον
3182 3652 3291 3703 πᾶν
3320 3649 3410 3702 καὶ
3434 3636 3663 3737 sumpsi?“

2157 3756 2318 3808 μενον
2347 3740 2430 3802 εἰς
2461 3738 2717 3808 ὕπαρξιν,
2742 3737 2775 3808 ἢ
2806 3740 2868 3791 ὲκ
2893 3739 2993 3807 τῆς
3017 3738 3372 3799 ὑποστάσεως
3399 3734 3540 3826 μόνον
3556 3723 3659 3826 tta-55!

2154 3832 2542 3902 ὑπόστασις,ἣ
2597 3833 2662 3884 ὲκ
2697 3830 2797 3901 τῆς
2831 3829 3021 3893 οὐσίας
3064 3830 3166 3883 καὶ
3212 3827 3443 3897 φύσεως,
3491 3816 3661 3915 ᾖᾼτοῦξο

2161 3924 2320 3993 μόνον
2358 3924 2452 3977 καὶ
2487 3923 2587 3994 οὐχ
2623 3923 2947 3988 ὑπόστασις,
2977 3921 3009 3985 ἢ
3044 3920 3175 3975 κατ’
3206 3919 3497 3989 ἀμφότερον
3518 3912 3570 3963 ὲκ
3593 3912 3661 3972 τῆς

2138 4006 2529 4069 ’ἐνυποστάτου
2582 4016 2820 4084 φύσεως,
2855 4014 2976 4083 ἦτοι
3023 4011 3131 4081 τῆς
3166 4011 3227 4064 ὲν
3258 4006 3531 4062 ὑποστάσει
3570 3998 3663 4050 θεω·

2157 4110 2430 4181 ρουμένης
2450 4108 2663 4173 οὐσίας,
2687 4104 2827 4159 ἀλλὰ
2849 4106 2911 4158 τὸ
2938 4104 3199 4176 δεύτερον
3227 4102 3348 4156 οὐδὲ
3386 4092 3579 4168 Γραικοὶ
3601 4086 3665 4139 λέ·

2154 4180 2366 4272 γουσιν.
2406 4201 2646 4254 ¹’Δτοιιον
2675 4199 2807 4269 γὰρ,
2846 4198 2920 4261 ὡς
2965 4196 3171 4260 ἔοικεν,
3215 4195 3410 4248 οἴονται
3437 4188 3489 4242 τὸ
3514 4180 3664 4248 ὲτόμεο

2155 4313 2270 4363 νον,
2292 4297 2375 4350 ὅτι
2417 4294 2517 4365 τῆς
2547 4294 2717 4364 αὐτῆς
2754 4294 2787 4364 ἡ
2837 4292 3009 4361 Τριάς
3040 4286 3181 4345 οὐσα
3208 4289 3416 4369 φάσεως
3445 4272 3662 4378 συτζυθὴς

2160 4406 2334 4457 σεται,
2363 4387 2507 4441 ὥστε
2537 4386 2649 4441 τῶν
2676 4384 2847 4456 τριῶν
2902 4383 3141 4437 ἕκαστον
3188 4382 3279 4436 καὶ
3307 4380 3362 4445 ἐξ
3405 4378 3571 4429 ἑαυτου
3597 4360 3663 4463 xei

2156 4484 2221 4536 ὲκ
2253 4482 2363 4536 τῶν
2397 4480 2602 4535 λοιπῶν
2639 4478 2786 4550 ἔχειν
2812 4477 2876 4531 τὸ
2908 4472 3074 4541 εἶναι,
3112 4474 3209 4528 καὶ
3240 4472 3326 4527 διά
3357 4466 3500 4523 τοῦτο
3520 4463 3569 4512 ὲκ
3594 4466 3662 4550 τις

466 4590 526 4634 ιιι
554 4596 619 4635 ex
653 4542 831 4633 ti'ibus
864 4575 1321 4646 unumquodque,
1357 4583 1499 4630 etex
1528 4575 1712 4644 seipse
1741 4584 1797 4629 et
1824 4588 1893 4629 ex
1919 4573 2044 4629 aliis

2154 4573 2529 4637 ὑποστάσεως,
2652 4542 2974 4634 ὑττόστασις,
3021 4565 3304 4638 νομιζουσι
3335 4562 3391 4615 τὸ
3430 4544 3662 4646 suimet“:

462 4677 629 4736 esset,
660 4680 1061 4739 proptereaque
1108 4682 1175 4721 ex
1207 4666 1510 4736 hypostasi,
1569 4681 1680 4735 qua
1728 4664 2043 4737 hypostasis

462 4770 568 4829 est,
599 4761 922 4817 existimant
950 4775 1093 4826 esse,
1126 4767 1182 4813 et
1211 4757 1356 4828 quod
1388 4757 1658 4827 procedit,
1691 4768 1751 4813 et
1777 4758 1930 4826 quod
1954 4771 2050 4828 ge-

463 4866 711 4913 neratur.
741 4854 867 4911 Heu‘
892 4855 1203 4910 vesaniam!
1232 4853 1449 4908 Etenim
1485 4852 1531 4908 si
1573 4851 1907 4920 hypostasis,
1942 4865 2051 4919 qua

465 4945 773 5016 hypostasis
800 4954 902 5012 est,
928 4953 1175 5015 generat,
1210 4952 1376 5012 atque
1410 4941 1686 5010 producit,
1725 4939 1832 4995 erit
1855 4956 1920 4993 ex
1952 4939 2051 5009 hy-

464 5038 671 5109 postasi
705 5037 1017 5109 hypostasis
1042 5036 1346 5092 secundum
1381 5036 1552 5101 idem,
1591 5035 1780 5104 sicque
1813 5032 1929 5088 haec
1958 5048 2053 5087 na-

468 5144 607 5187 tura:
634 5146 745 5185 non
768 5132 994 5197 fuerint,
1030 5130 1130 5186 sed
1170 5131 1505 5202 hypustasis.
1544 5128 1701 5195 Quod
1729 5128 1775 5184 si
1806 5144 2054 5184 commu-

468 5240 569 5281 nes
595 5225 1037 5281 Christianorum
1060 5226 1385 5290 sententias,
1416 5234 1472 5278 et
1493 5223 1779 5278 doctorum
1804 5222 2053 5277 omnium

468 5317 615 5373 dicta
640 5331 788 5373 recte
838 5318 1182 5383 consideres,
1221 5332 1517 5386 rerumque
1550 5316 1722 5385 ipsam
1776 5325 2050 5379 naturam,

471 5410 619 5467 haud
654 5411 772 5467 ﬁeri
805 5427 966 5482 posse
986 5411 1289 5482 judicatur,
1331 5420 1389 5464 ut
1411 5408 1610 5478 cuique
1652 5416 1822 5477 patet.
1875 5405 2052 5471 Dices,

473 5519 540 5558 cx
570 5505 849 5576 bypostasi
910 5504 1089 5559 Patris
1118 5502 1317 5558 Filium
1367 5500 1643 5572 generari,
1670 5500 1839 5555 certis
1869 5499 2057 5554 verbis

476 5601 774 5668 reperitur.
808 5600 929 5670 Ipse
953 5614 1176 5670 quoque
1204 5597 1347 5652 addo
1371 5606 1426 5652 et
1461 5612 1529 5651 ex
1561 5604 1757 5650 natura
1794 5602 1850 5649 et
1878 5608 1943 5648 ex
1971 5608 2056 5648 es-

478 5693 654 5747 sentia
714 5709 837 5748 esse
864 5737 876 5759 ,
916 5702 970 5745 et
998 5694 1001 5695 ⁷
1033 5691 1358 5746 naturaliter
1396 5691 1525 5744 inde
1586 5688 1837 5758 generari
1886 5687 2059 5739 multo

482 5782 709 5839 uberius
736 5798 992 5853 expresse
1016 5783 1273 5838 inveniri.
1301 5782 1457 5847 Quod
1482 5783 1527 5839 δι
1560 5797 1626 5836 ex
1657 5780 1934 5853 Itypustasi
1966 5794 2058 5832 ua-

2157 4684 2317 4737 μενον
2362 4667 2457 4720 καὶ
2502 4635 2868 4733 γεννώμενον.
2910 4662 2974 4714 ’Ὠ
3031 4635 3130 4730 τῆς
3182 4653 3395 4716 άνοίαςι
3448 4648 3502 4700 El
3533 4635 3659 4737 Υξὶρή

2155 4733 2455 4820 ὑπόστασις
2486 4757 2651 4829 γεννᾷ
2679 4757 2775 4809 καὶ
2815 4752 3134 4825 προϐάλλει,
3227 4748 3520 4841 ὑπόστασις,

2155 4854 2219 4906 ἐκ
2249 4851 2347 4921 τῆς
2380 4849 2740 4911 ὑποστάσεως
2768 4848 3067 4905 ὑπόστασις
3101 4843 3225 4897 καθ’
3256 4839 3401 4900 αὐτὸ.
3428 4832 3507 4887 καὶ
3530 4832 3660 4936 “imi

2155 4945 2257 5000 οὐκ
2286 4944 2444 4997 ἐσται
2477 4942 2695 5010 φύσεως
2744 4939 2945 4999 ταῦτα,
2992 4937 3111 4990 ἀλλ’
3156 4932 3520 4987 ὑποστάσεως”
3558 4924 3658 5014 οπξρ

2158 5040 2254 5093 καὶ
2290 5040 2412 5100 ταῖς
2448 5037 2659 5096 κοιναῖς
2698 5034 2804 5085 τῶν
2835 5028 3185 5100 Χριστιανῶν
3216 5024 3448 5080 ἐννοίαις,
3482 5015 3657 5097 xui-10f»

2157 5129 2503 5189 διδασκάλοις
2538 5126 2698 5188 πᾶσι,
2727 5124 2823 5176 καὶ
2855 5122 2993 5189 αὐτῇ
3024 5122 3089 5189 τῇ
3131 5115 3237 5169 τῶν
3265 5103 3565 5189 πραγμάτωγ
3585 5107 3657 5159 li"

2161 5238 2264 5285 σει,
2307 5219 2575 5275 ἀδύνατον
2605 5212 2746 5269 εἶναι
2779 5212 2944 5267 παντί
2979 5228 3080 5264 που
3112 5208 3293 5276 δῆλον.
3333 5194 3478 5319 an:
3503 5186 3656 5319 ἓξὲξ

2510 5312 2535 5319 ρ..
2602 5310 2610 5319 ι
2786 5307 2796 5319 ι
3044 5303 3067 5313 ³⁸
3097 5303 3135 5319 η
3188 5317 3209 5319 _
3228 5298 3269 5319 μὶ
3287 5314 3299 5319 ι
3323 5307 3437 5319 ..-ειη
3476 5300 3502 5319 κ

2162 5315 2250 5378 ἂν,
2275 5315 2359 5367 ὅτι
2389 5315 2452 5365 ὲκ
2474 5312 2571 5381 τῆς
2594 5307 2947 5367 ὑποστάσεως
2977 5303 3071 5357 τοῦ
3097 5298 3302 5369 Πατρδς
3323 5282 3656 5409 γεννᾶσθαξτξέ

2837 5400 2893 5409 ..ς
2945 5396 2957 5409 ι
3014 5398 3061 5409 Α.
3222 5392 3236 5409 ς
3264 5392 3354 5409 9..-.
3411 5383 3474 5409 2-.
3504 5388 3557 5409 νη
3609 5400 3623 5409 .

2164 5370 2294 5460 Υιδν
2329 5406 2509 5479 ῥητῶς
2528 5370 2806 5507 ’έῦρηται..
2837 5396 2978 5507 Ἐγξῦ
3009 5398 3064 5451 δέ
3097 5411 3203 5504 σοις

2161 5503 2263 5570 τῆς
2292 5467 2510 5568 (Pusam;
2541 5498 2635 5551 καὶ
2685 5494 2874 5556 οὐσίας
2904 5488 3069 5557 εἶναι,
3119 5488 3213 5541 καὶ
3238 5467 3650 5603 φυσικῶςεῗκὲιυξέ

2305 5592 2330 5603 ..
2373 5590 2397 5603 η
2594 5586 2691 5603 μ.-
2795 5582 2945 5603 sum
2990 5576 3159 5603 ,ητα
3207 5570 3433 5603 nam,“

2165 5556 2702 5659 γεννάσθαιίπολλῷ
2747 5582 2945 5655 μᾶλλον
2982 5576 3159 5676 ῥητῶς
3205 5556 3648 5692 εὖεῖλῦἶῗῖνεέκδντὲἒ

2164 5653 2261 5750 τῆς
2300 5676 2655 5738 ὑποστάσεως
2704 5673 2920 5743 εἴρηται
2952 5664 3215 5738 φυσικῶς»
3273 5656 3477 5750 πάντξθί

2166 5736 2534 5831 haematiten
2569 5769 2779 5832 οὐσίας.
2812 5764 2932 5828 Πῶς
2959 5763 3015 5817 δὲ
3047 5758 3132 5815 καὶ
3164 5754 3369 5823 νοήσαις
3394 5736 3640 5795 πθσάωᾶ
