3880 6220
249 320 358 384 780

1183 331 1281 392 DE
1325 329 1854 394 PROCESSIONE
1892 331 2257 395 SPIRITUS
2299 335 2595 398 SANCTI.

3410 341 3518 406 790

247 435 373 531 sine
405 452 519 531 μοι,
553 437 600 531 si
636 436 711 531 μη
765 440 824 490 ὲν
875 440 1033 511 οὐσία
1085 444 1256 515 αὐτὴν
1306 447 1611 519 θεωροίης.;
1641 447 1821 501 οὐσίαι

1937 448 2190 503 turaliter
2221 449 2446 517 dicitur,
2480 450 2659 505 modis
2691 449 2947 504 omnibus
2979 447 3089 504 erit
3130 463 3198 503 ex
3249 453 3514 516 essentia,

245 526 356 595 μὲν
387 527 495 599 γὰρ
516 528 612 580 καὶ
635 529 798 597 φύσιν
823 533 992 602 χωρὶς
1011 534 1366 602 ὑποστάσεως
1397 539 1831 609 καθολικώτερον

243 621 387 670 νοεῖν
416 620 663 682 δυνατὸν,
712 622 794 676 διὸ
831 625 927 677 καὶ
964 625 1115 680 δοκεῖ
1160 647 1271 684 τισι
1320 630 1551 684 καθόλου
1593 633 1830 703 ὑφίστα-

244 710 412 764 σθαι⁹
470 712 778 768 ὑπόστασιν
820 716 879 769 δὲ
921 717 1118 788 νοῆσαί
1143 738 1202 773 τε
1234 723 1328 774 καὶ
1360 724 1536 776 εἰπεῖν
1587 725 1662 793 μὴ
1696 741 1827 776 συν-

241 802 569 872 νοουμέπιης,
619 805 652 874 ἢ
705 807 802 858 καὶ
839 812 1250 883 προνοουμένης
1280 815 1382 880 τῆς
1415 815 1601 879 οὐσίας
1635 832 1696 868 τε
1730 817 1827 872 καὶ

241 896 344 964 τῆς
380 897 599 960 φύσεως
621 897 800 968 πάντη
831 899 1120 958 ἀδύνατον.
1156 903 1250 958 Διὸ
1295 908 1388 960 καὶ
1418 908 1548 960 ὅταν
1575 907 1636 960 τὸ
1662 909 1825 976 ἀγέν-

240 998 408 1050 νητον
441 984 535 1066 διαὶ
568 987 902 1056 ὲκπορευτδν
939 991 1310 1066 ὑποστατικὰς
1347 997 1618 1066 ἰδιότητας
1652 997 1824 1066 λέγω·

243 1094 366 1144 μεν,
394 1056 494 1148 tiri)
520 1081 580 1132 ἐν
610 1081 750 1154 ἰδικῇ
786 1085 1090 1157 ἀγεννήτου
1117 1065 1217 1142 icui
1240 1056 1628 1160 yew'qtoii'xa—l
1651 1056 1823 1144 ἐκπο-

240 1171 439 1240 ρευτοῦ
475 1173 775 1229 ὑποστάσει
815 1178 1203 1253 θεωρουμένην
1233 1183 1423 1238 οὐσίαν
1453 1183 1705 1254 νοοῦμεν.
1746 1184 1820 1238 Οὑ

241 1263 354 1332 γὰρ
401 1264 482 1327 είς
537 1266 812 1336 ἰδιότητας
863 1270 1028 1339 ψιλὰς
1080 1274 1432 1344 πιστεύομεν,
1464 1277 1584 1330 οὐδὲ
1631 1277 1821 1337 οὐσίας

238 1354 528 1422 ἀφορέζειν
584 1357 782 1425 ταῦτα,
831 1361 972 1414 ἀλλὰ
1023 1364 1155 1434 περὶ
1211 1366 1400 1420 οὐσίαν
1458 1367 1820 1439 ἀφορίζεσθαι

236 1443 634 1517 ὁμολογοῦμεν,
678 1450 818 1504 κατὰ
848 1452 948 1523 τὴν
980 1453 1230 1524 θεολόγον
1265 1460 1474 1528 φωνήν.
1506 1461 1675 1514 Ὅταν
1709 1460 1818 1531 γὰρ

236 1531 510 1605 λέγωμεν,
561 1536 643 1590 ὅτι
689 1541 718 1592 ὁ
767 1541 954 1612 Πατὴρ
1003 1548 1104 1599 οὑκ
1150 1545 1298 1602 ἔστιν
1348 1548 1498 1614 Υἱὸς,
1545 1552 1608 1603 οὐ
1654 1551 1818 1620 μόνον

234 1625 398 1680 τοῦτο
423 1628 714 1702 δηλοῦμεν,
743 1635 826 1690 ὄτι
851 1639 880 1704 ἡ
908 1642 1152 1713 πατρική
1191 1643 1393 1712 ἰδιότης
1427 1646 1525 1699 οὐκ
1567 1647 1686 1699 ἐστι
1720 1647 1815 1700 καὶ

234 1719 328 1838 τοῦ
359 1721 512 1838 Tim},
554 1717 782 1838 ἀλλ’ῖότι
815 1731 909 1837 καὶ
943 1733 976 1802 ἠ
1026 1737 1084 1788 ὲν
1116 1739 1184 1808 τῇ
1233 1737 1528 1792 ὑποστάσει
1575 1739 1668 1794 τοῦ
1709 1742 1817 1794 Πα-
1849 1787 1892 1838 Β

235 1813 369 1882 τρὺς
409 1815 764 1890 θεωρουμένη
811 1824 973 1891 φύσις
1007 1844 1065 1880 τε
1096 1830 1190 1882 καὶ
1225 1830 1384 1884 οὐσία
1430 1833 1528 1885 οὐκ
1559 1833 1672 1903 ἔχει
1718 1834 1817 1904 τὴν

238 1905 425 1973 υῐικὴν
455 1911 696 1983 ἰδιότητα
718 1953 732 1967 .
767 1915 841 1968 Οὐ
877 1917 988 1988 γὰρ
1037 1919 1142 1975 ἴδιά
1186 1939 1310 1976 τινα
1339 1922 1471 1993 ψιλὰ
1523 1925 1819 1997 νομίζομεν

238 1998 346 2066 τῆς
385 2001 580 2066 οὐσίας
611 2006 740 2060 ἄνευ
775 2009 1225 2083 ἑπιθεωροὺμενα
1257 2017 1352 2069 καὶ
1383 2019 1553 2088 χωρὶς
1598 2018 1820 2075 ὑποκει-

239 2090 426 2156 μένου,
462 2093 598 2148 and;
630 2099 697 2167 τῇ
726 2097 887 2166 φύσει
913 2102 1114 2158 ἐνεῖναι
1146 2106 1216 2160 τὰ
1259 2107 1535 2177 ἰδιώματα
1565 2112 1818 2165 πιστεύο-

238 2200 369 2251 μεν,
401 2187 492 2239 καὶ
536 2189 596 2240 οὑ
648 2191 828 2247 πάντα
863 2196 1034 2266 πάσῃ.
1070 2197 1302 2266 Ἔψεται
1350 2201 1459 2271 γὰρ
1510 2199 1638 2254 Υἱὸν
1675 2201 1820 2257 εἶναι

232 2273 330 2324 τὸν
364 2275 582 2346 Πατέρα
613 2282 707 2334 καὶ
746 2283 990 2353 Πνεῦμα,
1026 2291 1120 2340 καὶ
1163 2289 1224 2342 τὸ
1257 2289 1638 2361 ἀντίστροφον,
1679 2293 1818 2364 ὅπερ

235 2367 480 2437 ἀτεχνῶς
509 2372 848 2432 Σασέλλειον.
898 2380 1066 2434 Ἀλλ’
1106 2379 1334 2451 ὥσπερ,
1377 2387 1522 2438 κατὰ
1554 2383 1647 2439 τὸν
1677 2384 1820 2439 θεῖον

235 2460 538 2527 Διονύσιον,
572 2466 638 2517 τὸ
671 2467 740 2521 ἐκ
791 2469 972 2537 τριῶν
1018 2474 1169 2541 ὁμοῦ
1190 2475 1527 2543 λαμπάδων
1558 2477 1818 2542 ἐξαλλό-

231 2552 425 2620 μέγον
456 2556 581 2625 φῶς
607 2560 742 2613 ἐστι
783 2562 849 2615 τὸ
883 2563 1007 2620 πᾶν
1030 2563 1176 2634 φῶς,
1211 2568 1310 2621 καὶ
1351 2569 1476 2637 φῶς
1510 2569 1579 2623 ἓν
1613 2571 1688 2638 τῇ
1711 2573 1822 2641 ερύ-

234 2661 358 2711 σει,
384 2650 482 2703 καὶ
509 2651 751 2708 ἑνοῦται
781 2656 1161 2738 ἀσυγχύτους.
1188 2661 1286 2714 καὶ
1310 2661 1615 2730 διαιρεῖται
1636 2665 1822 2720 ἀδιαι-

227 2741 441 2807 ρέτως,
475 2742 634 2798 τδιον
666 2745 778 2814 γὰρ
822 2748 1088 2818 ἑκάστης
1134 2753 1453 2820 λαμπάδος
1498 2756 1562 2809 τὸ
1595 2757 1822 2825 ἑαυτῆς

238 2830 398 2900 φῶςι
439 2835 616 2901 οὕτω,
653 2835 900 2906 μᾶλλον
936 2841 1007 2894 δὲ
1040 2843 1138 2895 καί
1185 2843 1339 2912 ὑπὲρ
1375 2845 1574 2912 τοῦτο,
1622 2848 1821 2904 πάντα

238 2923 352 2992 ’γὰρ
381 2927 662 2996 ὑπερέχει
718 2931 887 2998 Θεὸς,
927 2933 1039 3002 μία
1075 2934 1194 3002 μὲν
1239 2937 1426 3004 φύσις
1478 2939 1598 3004 τοῖς
1638 2943 1817 3008 τρισί,

236 3017 546 3085 διαιρεῖται
562 3019 630 3074 δὲ
644 3022 986 3092 ἀδιαιρέτως
1001 3025 1122 3093 τοῖς
1149 3028 1446 3098 ὶδιὼμασι.
1463 3031 1562 3084 καὶ
1579 3032 1821 3088 ἑνοῦται

1933 553 2056 607 qua:
2094 541 2148 594 in
2186 541 2466 612 bypostasi
2499 550 2600 598 est.
2633 539 2920 609 Quomodo
2949 557 3081 596 vero
3112 541 3393 612 concipias
3421 543 3523 614 hy-

1933 632 2221 698 postasim,
2255 634 2426 688 dicito
2459 634 2617 700 mihi,
2651 633 2833 700 sodes,
2859 634 2904 688 si
2941 635 2997 688 in
3045 633 3285 688 essentia
3340 633 3518 702 ipsam

1931 738 2038 777 nou
2072 723 2557 779 consideravcris?
2593 723 2904 780 Essentiam
2965 724 3113 779 enim
3147 732 3206 778 et
3263 732 3516 778 naturam

1929 816 2138 885 absque
2200 816 2486 886 liypostasi
2539 816 2926 871 universaliori
2964 816 3202 886 quodam
3238 814 3402 870 modo
3435 815 3521 870 in-

1931 910 2176 980 telligere
2201 924 2532 979 possumus;
2560 919 2900 980 quapropter
2931 917 2988 964 et
3019 909 3311 964 nonnullis
3339 909 3518 963 visum

1927 1012 2011 1058 est
2041 1017 2161 1057 eam
2187 1003 2442 1058 universe
2467 1002 2793 1058 subsistere.
2843 1001 2914 1056 At
2969 1001 3118 1055 enim
3175 1000 3518 1071 bypostasim

1927 1099 2240 1168 concipere,
2283 1088 2689 1166 enuntiareque
2715 1110 2826 1149 non
2864 1109 2970 1148 una
2999 1093 3164 1148 simul
3197 1092 3516 1147 considera-

1928 1199 2000 1258 ta,
2034 1202 2129 1246 aut
2154 1200 2416 1260 concepta
2443 1189 2682 1244 essentia
2715 1195 2771 1243 et
2801 1185 3223 1266 nat_urs,;modis
3245 1185 3510 1240 omnibus

1925 1284 2044 1338 ﬁeri
2077 1284 2287 1354 nequit.
2322 1283 2450 1338 ldeo
2481 1291 2535 1338 et
2565 1297 2692 1336 cum
2725 1279 3050 1351 ingenitum,
3116 1287 3171 1333 et
3201 1277 3513 1348 procedens

1924 1379 2306 1450 proprietates
2333 1375 2388 1429 in
2431 1374 2714 1446 Lypostasi
2742 1373 2999 1439 dicimus,
3058 1371 3358 1426 essentiam
3437 1369 3518 1422 in-

1922 1470 2238 1538 telligimus,
2271 1483 2392 1538 quae
2435 1467 2491 1520 in
2518 1465 2741 1536 Speciali
2801 1464 3050 1534 ingeniti,
3088 1474 3145 1518 et
3204 1461 3396 1533 geniti,
3460 1469 3517 1514 et

1919 1559 2270 1631 procedentis
2297 1558 2575 1630 liypostasi
2598 1557 3007 1613 consideratur.
3046 1552 3238 1624 Neque
3274 1555 3422 1609 enim
3457 1552 3512 1606 in

1918 1655 2094 1709 nudas
2133 1653 2500 1722 proprietates
2526 1650 2824 1716 credimus,
2853 1663 3033 1717 neque
3061 1647 3130 1702 ab
3157 1646 3410 1702 essentiis
3427 1662 3513 1700 se-

1920 1747 2155 1819 gregari.
2198 1747 2290 1801 sed
2318 1744 2460 1799 circa
2499 1743 2793 1800 essentiam
2835 1740 3113 1811 segregari
3161 1739 3510 1794 conﬁtemur,

1926 1851 1984 1896 ut
2009 1839 2310 1908 theologica
2343 1851 2476 1892 voce
2508 1833 2907 1905 praescribitur.
2941 1831 3079 1886 Cum
3100 1832 3248 1886 enim
3273 1827 3512 1883 dicimus

1924 1933 2140 1988 Patrem
2170 1945 2274 1984 noo
2302 1944 2425 1983 esse
2457 1927 2676 1990 Filium,
2712 1939 2823 1978 non
2872 1923 2926 1978 id
2959 1933 3172 1978 tantum
3205 1921 3514 1983 innuimus,

1923 2033 2204 2093 paternam
2230 2022 2438 2077 scilicet
2461 2017 2851 2091 proprietatem
2881 2032 2990 2072 non
3016 2030 3139 2070 esse
3165 2025 3222 2069 et
3244 2012 3390 2078 Filii,
3418 2013 3514 2067 sed

1923 2125 2173 2170 naturam
2197 2123 2362 2184 atque
2389 2112 2690 2168 essentiam
2729 2112 2786 2166 in
2812 2117 3040 2180 paterna
3073 2104 3354 2176 bypostasi
3379 2119 3514 2157 con-

1921 2205 2414 2271 sideratam,nullo
2456 2205 2620 2260 modo
2681 2201 2803 2257 Filii
2852 2200 3259 2270 proprietatem
3287 2196 3514 2250 habere.

1920 2300 2167 2369 Namque
2192 2314 2302 2353 non
2326 2298 2502 2353 nudas
2523 2297 2788 2367 quaedam
2845 2293 3211 2361 proprietates
3245 2289 3514 2358 imagina-

1921 2410 2064 2461 mur,
2098 2407 2221 2462 quaa
2242 2393 2363 2446 sine
2391 2389 2650 2454 essentia,
2682 2395 2740 2441 et
2764 2386 2882 2440 sine
2911 2382 3202 2451 supposito
3219 2381 3508 2444 exsistant,

1921 2489 2014 2543 sed
2034 2493 2246 2540 naturae
2275 2484 2454 2538 inesse
2478 2480 2842 2550 proprietates
2865 2475 3165 2535 credimus,
3187 2481 3242 2526 et
3264 2486 3372 2524 non
3397 2486 3516 2525 om-

1923 2577 2010 2631 nia
2050 2575 2298 2644 singulis.
2329 2573 2666 2642 Sequeretur
2709 2567 2856 2622 enim
2898 2566 3094 2620 Filium
3125 2576 3249 2618 esse
3266 2563 3507 2626 Patrem,

1921 2680 1978 2724 et
2007 2667 2295 2738 Spiritum,
2323 2675 2380 2720 et
2404 2673 2617 2720 contra.
2647 2660 2804 2728 Quod
2833 2659 2998 2730 plane
3031 2655 3328 2713 Sabellium
3376 2653 3506 2706 olet.

1923 2760 2027 2816 Sed
2072 2758 2253 2824 relati,
2279 2766 2338 2812 ut
2360 2756 2582 2811 divinus
2602 2752 2894 2823 Dionysius
2909 2749 3124 2814 scribit,
3155 2764 3217 2801 ea:
3240 2746 3409 2800 tribus
3433 2746 3510 2799 si-

1923 2854 2036 2909 mul
2061 2851 2391 2920 lampadibus
2417 2850 2595 2904 lumen
2632 2847 2897 2910 exsiliens,
2927 2851 3000 2897 est
3037 2851 3202 2895 totum
3229 2839 3424 2901 lumen,
3458 2841 3509 2889 et

1924 2947 2100 3000 lumen
2126 2960 2290 2997 unum
2321 2949 2538 3005 natura,
2569 2946 2618 2992 et
2645 2937 2916 3008 inconfuse
2964 2933 3166 2996 unitur,
3202 2939 3250 2983 et
3289 2927 3514 3008 indivise

1923 3040 2269 3109 disjungitur,
2305 3035 2577 3104 proprium
2627 3032 2770 3086 enim
2800 3006 3222 3096 uniuscujusque
3243 3006 3512 3090 lampadis

236 3111 598 3179 ἀσυγχύτως
623 3114 696 3182 τῇ
724 3118 927 3184 φύσει.
953 3121 1060 3173 Kal
1083 3120 1260 3175 τοῦτό
1280 3123 1450 3178 ἐστιν
1472 3126 1617 3195 ὅπερ
1640 3128 1811 3198 λέγο-

1927 3131 2118 3196 ίςιηιεη,
2151 3138 2289 3200 quod
2315 3131 2369 3182 in
2397 3145 2460 3182 ea
2480 3127 2704 3190 est;hac
2729 3123 2958 3185 ratione,
3004 3119 3110 3172 imo
3138 3126 3186 3171 et
3236 3113 3512 3170 excelsiori

229 3217 372 3268 μεν,
392 3202 482 3256 ὅτι
501 3205 569 3258 τὸ
586 3203 656 3257 ἓν
677 3209 867 3286 Τριὰς,
886 3209 984 3262 καὶ
1003 3210 1041 3276 ἡ
1073 3211 1244 3278 Τριὰς
1262 3212 1352 3268 ἔν.
1379 3215 1492 3268 Οὐκ
1509 3217 1620 3287 ἄρα
1639 3220 1700 3270 ὲκ
1719 3220 1820 3286 τῆς

237 3294 616 3363 ὑποστάσεως,
721 3301 1042 3370 ὑπόστασις,
1060 3305 1119 3357 τὸ
1149 3306 1492 3374 γεννώμενον
1526 3311 1624 3365 καὶ
1654 3313 1818 3366 ἐκπο-

239 3391 558 3459 ρευόμενον.
598 3393 886 3450 Ἀδύνατον
915 3397 1025 3466 γὰρ
1077 3400 1380 3455 ὑπόστασιν
1421 3403 1662 3459 νοεῖσθαι
1693 3405 1818 3460 καθ’

240 3484 449 3555 ἑαυτὴν
477 3487 608 3542 ἄνευ
650 3489 888 3554 φύσεως,
919 3491 1038 3543 ἀλλ’
1068 3491 1194 3547 οῦτε
1244 3495 1353 3564 μὴν
1381 3501 1447 3550 ὲκ
1477 3498 1576 3566 τῆς
1607 3499 1819 3565 οὐσίας,

241 3570 483 3647 ᾕούσία.
534 3577 715 3650 Οὔσης
757 3580 866 3650 γὰρ
907 3583 1006 3651 τῆς
1039 3585 1257 3652 φύσεως
1301 3588 1432 3656 μιᾶς
1481 3585 1696 3661 Πατρὸς
1728 3589 1822 3645 καὶ

242 3667 398 3735 Υἱοῦ,
447 3666 516 3740 ἦν
549 3669 616 3724 ἂν
665 3671 762 3724 καὶ
811 3672 870 3736 ἐξ
924 3672 1120 3728 ἑαύτοῦ
1150 3677 1179 3729 ό
1213 3677 1360 3743 Υἱὸς,
1407 3679 1544 3750 ὅπερ
1594 3682 1818 3738 ἄτοπον.

239 3764 581 3834 Αειπόμενον
612 3766 723 3833 ἄρα
750 3765 812 3818 τὺ
844 3769 1034 3836 τρίτον
1083 3769 1234 3821 ἐστί’
1289 3773 1385 3823 καὶ
1413 3771 1559 3826 οὕτω
1599 3774 1662 3825 τὸ
1695 3791 1822 3842 γεν-

240 3857 364 3926 νᾷν,
397 3859 493 3910 καὶ
521 3857 848 3928 προϐάλλειν
876 3860 1096 3928 φύσεως
1130 3861 1230 3931 μὲν
1257 3863 1421 3932 ἔργον
1450 3865 1814 3933 ὁμολογεῖται,

242 3949 460 4017 φύσεως
499 3950 557 4002 δὲ
595 3949 665 4022 ρύ
695 3950 897 4022 πάσης,
931 3951 1070 4005 ἀλλὰ
1104 3952 1233 4022 περὶ
1278 3954 1344 4023 ἢν
1377 3956 1410 4023 ἡ
1441 3957 1536 4008 τοῦ
1561 3959 1758 4029 γεννᾷν
1785 3957 1818 4029 ἢ

239 4041 574 4108 προϐάλλειν
638 4042 840 4114 ἰδιότης
888 4043 1201 4114 θεωρεῖται.
1240 4045 1412 4100 Τοῦτο
1464 4047 1522 4100 δέ
1569 4051 1715 4102 ἐστιν
1755 4052 1820 4102 ix

238 4132 340 4201 τῆς
369 4132 737 4188 ἑνυποστάτου
771 4133 982 4198 οὐσίας.
1018 4135 1197 4206 Ὅπερ
1242 4138 1335 4189 καὶ
1373 4141 1438 4208 τῇ
1498 4139 1660 4208 φύσει
1698 4159 1822 4194 συν-

239 4223 358 4293 ᾴδει
395 4226 490 4279 καὶ
531 4229 646 4290 τοῖς
686 4229 869 4294 ἁγίοις
921 4228 1194 4283 λέλεκται.
1236 4229 1311 4282 Οὐ
1356 4230 1466 4298 γὰρ
1515 4233 1576 4297 ἐξ
1628 4235 1817 4298 οὐσίας

237 4313 378 4368 Θεοῦ
410 4316 599 4379 ἁπλῶς
630 4318 721 4371 τὴν
750 4318 879 4372 Υίὸν
913 4319 1191 4388 λέγουσιν,
1225 4323 1257 4392 ἢ
1298 4327 1360 4374 τὸ
1399 4323 1649 4393 Πνεῦμα,
1683 4326 1820 4380 ἀλλὰ

236 4414 332 4466 τὸν
367 4413 466 4482 μὲν
495 4417 561 4468 ἐκ
594 4415 695 4485 τῆς
725 4415 916 4479 οὐσίας
945 4416 1040 4470 τοῦ
1076 4417 1213 4470 Θεοῦ
1248 4418 1342 4470 καὶ
1392 4419 1630 4488 Πατρδς,
1674 4422 1736 4474 τὸ
1764 4422 1821 4475 δὲ

238 4509 305 4558 ὲκ
334 4508 433 4576 τῆς
482 4509 672 4571 οὐσίας
709 4511 926 4582 Πατρὸς
958 4514 1054 4566 καὶ
1108 4512 1280 4568 Υίοῦο
1329 4514 1454 4569 οὐτε
1506 4516 1605 4586 τὴν
1659 4521 1824 4587 φύσιν

241 4597 714 4666 παραλείποντες,
768 4603 864 4654 καὶ
919 4604 1019 4674 τὴν
1089 4606 1391 4660 ὑπόστασιν
1451 4609 1823 4675 ἑκφωνοῦντες

236 4689 606 4760 ἀριδηλότατα
659 4693 1031 4762 διδάσκουσιν,
1068 4698 1150 4751 ὅτι
1181 4698 1372 4770 ὥσπερ
1404 4703 1433 4756 ό
1464 4702 1591 4766 Υἱὸς
1631 4707 1694 4759 ἐκ
1723 4707 1826 4776 τῆς

236 4784 610 4838 ἐνυποστάτου
645 4787 864 4855 φύσεως
905 4789 1000 4842 τοῦ
1033 4790 1248 4862 Πατρὶς
1279 4797 1375 4849 καὶ
1415 4797 1603 4861 οὐσίας
1633 4815 1826 4868 γεννη-

235 4874 328 4935 τὸς
362 4872 461 4937 ὢν,
492 4876 608 4928 ἔστι
639 4877 831 4930 τούτου
879 4881 1042 4948 χάριν
1071 4883 1149 4952 τῷ
1187 4881 1514 4954 γεννήσαντι
1561 4890 1688 4954 Υἱὸς
1713 4892 1825 4945 οιαὶ

235 4969 501 5032 γεννῶντι
525 4971 839 5038 όμοοὶσιος,
869 4971 1012 5026 οὕτω
1052 4975 1146 5027 καὶ
1191 4975 1253 5029 τὸ
1296 4981 1562 5047 πανάγιον
1592 4983 1822 5054 Πνεῦμα

235 5060 306 5109 ὲκ
340 5059 438 5128 τῆς
498 5062 864 5118 ὲνυποστάτου
913 5065 1010 5119 τοῦ
1046 5068 1260 5138 Πατρός
1295 5071 1548 5139 φύσεως,
1603 5075 1691 5128 διὰ
1726 5077 1824 5147 τῆς

234 5155 613 5206 ὲνυποστὰτου
663 5156 759 5209 τοῦ
814 5156 943 5211 Υίοῦ
988 5158 1177 5221 οὐσίας
1224 5162 1575 5229 ὲκπορευτῶς
1607 5166 1732 5234 ἔχον
1764 5168 1826 5221 τὸ

236 5241 403 5309 εἶναι,
436 5244 552 5298 ἐστι
575 5248 783 5300 τούτων
812 5249 978 5304 ἕνεκα
1016 5251 1196 5321 Πατρί
1238 5270 1297 5307 τε
1344 5257 1440 5308 καὶ
1475 5257 1587 5328 Υίῴ
1618 5259 1823 5329 ὀμοοὺ-

239 5353 376 5389 σιον.
415 5338 523 5390 Καὶ
548 5337 722 5391 ταῦτα
754 5341 855 5409 μὲν
878 5341 1073 5405 οὕτως.

1922 3224 2155 3295 quodam
2181 3222 2352 3286 modo,
2377 3235 2498 3274 cum
2531 3216 2665 3270 Deus
2685 3229 2849 3285 supra
2886 3210 3067 3266 omnia
3119 3211 3208 3276 sit,
3247 3225 3355 3261 una
3387 3206 3511 3278 qui-

1922 3319 2042 3372 dem
2074 3315 2238 3370 tribus
2270 3322 2467 3366 natura
2491 3319 2588 3371 est,
2620 3307 2842 3362 indivise
2867 3320 2985 3358 vero
3012 3301 3342 3371 disjungitur
3390 3313 3513 3368 pro-

1923 3407 2255 3480 prietatibus.
2283 3413 2332 3458 et
2360 3405 2546 3456 unitur
2569 3401 2842 3469 ineonfuse
2882 3406 3099 3450 natura.
3156 3393 3224 3446 Et
3277 3393 3372 3444 hoc
3406 3400 3506 3456 est,

1923 3503 2063 3576 quod
2095 3501 2336 3564 dicimus,
2375 3512 2539 3550 unum
2570 3493 2886 3549 Trinitatem
2913 3505 3040 3554 esse,
3093 3496 3140 3540 et
3194 3484 3511 3539 Trinitatem

1923 3574 2112 3650 unum.
2140 3593 2259 3648 Non
2284 3606 2415 3662 ergo
2449 3603 2517 3645 ex
2553 3584 2855 3658 bypostasi,
2912 3597 3021 3652 qua
3054 3574 3368 3650 bypostasis
3401 3585 3506 3639 est,

1921 3688 2067 3759 quod
2095 3695 2392 3758 generatur
2416 3692 2471 3738 et
2493 3679 2759 3751 procedit.
2794 3676 2984 3744 Neque
3036 3670 3183 3726 enim
3217 3679 3511 3739 possumus

1923 3781 2231 3850 intelligere
2283 3774 2618 3849 hypostasim
2655 3773 2826 3841 ipsam
2858 3784 2954 3838 per
2977 3781 3036 3821 se
3055 3764 3264 3832 absque
3285 3767 3507 3822 natura,

1925 3876 2037 3930 imo
2073 3888 2252 3942 neque
2289 3887 2352 3925 es
2389 3867 2652 3930 essentia,
2696 3878 2804 3932 qua
2859 3857 3100 3915 essentia
3129 3865 3233 3909 est.
3295 3851 3511 3906 Etenim

1923 3983 2044 4023 cum
2073 3981 2180 4020 una
2209 3964 2491 4019 sitnatura
2512 3956 2689 4012 Patris
2704 3965 2757 4009 et
2780 3953 2928 4016 Filii,
2957 3957 3110 4005 esset
3134 3948 3300 4001 etiam
3326 3960 3389 3999 ex
3425 3959 3515 3998 se-

1923 4063 2043 4132 ipso
2069 4060 2264 4115 Filius.
2287 4053 2442 4122 Quod
2478 4053 2639 4122 plane
2675 4045 2976 4102 absurdum
3009 4052 3115 4098 est.
3150 4041 3331 4108 Quare
3379 4038 3511 4092 reli-
3568 4068 3571 4071 -

1923 4168 2095 4222 quum
2124 4160 2208 4207 est
2236 4149 2459 4204 tertium
2497 4162 2512 4199 :
2557 4152 2613 4200 et
2648 4142 2731 4196 sic
2778 4152 3040 4211 generare
3102 4144 3160 4190 et
3205 4134 3510 4202 producere

1923 4259 2065 4316 opus
2084 4257 2208 4298 esse
2233 4249 2442 4294 natura:
2463 4237 2518 4292 in
2546 4233 2798 4289 confesso
2827 4238 2929 4296 est,
2954 4225 3051 4282 sed
3079 4240 3186 4279 non
3214 4223 3511 4292 cujuscun-

1929 4313 2056 4408 que,
2087 4334 2182 4388 sed
2220 4334 2271 4386 in
2300 4345 2406 4402 qua
2429 4324 2728 4399 generandi
2762 4319 3216 4394 producendique
3252 4313 3506 4408 prOprie-

1930 4404 2011 4484 t—as
2042 4424 2444 4482 consideratur.
2492 4421 2604 4474 lloc
2635 4431 2767 4472 vero
2794 4424 2879 4470 est
2910 4428 2976 4468 ex
3006 4408 3266 4474 essentia,
3298 4421 3419 4477 quae
3455 4404 3509 4459 in

1933 4519 2209 4593 liypostasi
2231 4527 2337 4583 est,
2367 4514 2514 4586 quod
2539 4521 2596 4567 et
2618 4520 2828 4566 natura:
2850 4519 3155 4563 consonum
3179 4511 3284 4569 est,
3309 4511 3508 4555 etcum

1925 4623 2242 4669 sanctorum
2273 4609 2434 4663 dictis
2460 4604 2779 4660 concordat.
2805 4601 2926 4657 Non
2960 4599 3110 4654 enim
3136 4613 3204 4652 ex
3263 4595 3504 4651 essentia

1936 4708 2032 4762 Dei
2061 4705 2314 4760 absolute
2346 4702 2572 4766 Filium,
2627 4708 2721 4752 aut
2752 4696 3017 4766 Spiritum
3047 4691 3365 4764 enuntiant,
3415 4689 3509 4744 sed

1931 4801 2082 4855 illum
2113 4798 2333 4869 quidem
2359 4811 2425 4849 ex
2459 4792 2702 4848 essentia
2735 4790 2829 4844 Dei
2861 4798 2918 4843 et
2945 4787 3144 4849 Patris.
3179 4785 3327 4839 hunc
3380 4798 3512 4836 vero

1930 4910 1997 4950 ex
2030 4891 2268 4948 essentia
2295 4887 2474 4943 Patris
2507 4895 2563 4940 et
2604 4883 2764 4938 Filii:
2819 4893 3029 4937 etcum
3091 4887 3341 4933 naturam
3399 4890 3511 4929 non

1937 4990 2298 5058 prmtereant,
2324 4990 2380 5033 et
2411 4977 2744 5048 ltypostasim
2777 4974 3109 5042 exprimant,
3160 4968 3513 5039 apertissime

1929 5079 2184 5140 edocent,
2218 5074 2295 5128 uti
2329 5072 2502 5127 Filius
2517 5087 2584 5126 ex
2615 5078 2809 5124 natura
2840 5068 3038 5131 Patris,
3068 5080 3191 5135 quae
3253 5064 3308 5118 in
3343 5064 3514 5134 hypo-

1927 5170 2065 5227 stasi
2101 5177 2207 5232 est,
2240 5174 2296 5220 et
2333 5163 2736 5228 essentia,cum
2768 5160 2839 5215 sit
2879 5160 3118 5230 genitus,
3137 5169 3222 5212 est
3245 5165 3527 5226 ~propter-.

1929 5278 1992 5316 ea
2054 5258 2372 5332 generantia
2401 5256 2593 5316 Filius,
2622 5253 2986 5324 ejusdemque
3039 5267 3161 5306 cum
3217 5260 3516 5321 generante

1933 5364 2164 5418 naturae,
2213 5351 2286 5406 ita
2343 5359 2397 5403 et
2430 5347 2837 5402 sanctissimum
2874 5344 3142 5415 Spiritum
3199 5359 3268 5400 ex
3317 5353 3521 5398 natura.

239 5432 490 5487 Patrisin
517 5435 820 5505 hypostasi.
852 5454 951 5508 per
974 5441 1267 5495 essentiam
1298 5443 1421 5498 Filii
1454 5445 1506 5499 in
1543 5446 1820 5518 hypostasi
1865 5466 1960 5522 per
2027 5448 2251 5503 modum
2317 5443 2688 5515 processimus
2749 5440 3061 5504 habentem,
3095 5439 3243 5511 quod
3277 5440 3372 5508 sit,
3415 5441 3517 5496 ho-

241 5543 367 5581 rum
403 5529 573 5599 gratia
614 5545 735 5585 esse
767 5532 1014 5602 ejusdem
1056 5545 1265 5592 natura:
1313 5555 1438 5593 cum
1469 5541 1630 5596 Patre
1653 5552 1709 5596 et
1740 5543 1899 5601 Filio.
1933 5544 2001 5599 Et
2031 5544 2146 5597 haec
2167 5541 2388 5610 quidem
2426 5539 2499 5592 ita
2526 5537 2670 5592 dicta
2707 5535 2841 5591 sint.

316 5621 403 5688 ιβ’.
447 5621 604 5673 Ἐπεὶ
635 5623 692 5675 δὲ
718 5625 768 5677 oi
803 5626 901 5695 μὲν
923 5630 985 5680 ἐκ
1020 5630 1232 5698 Πατρδς
1271 5630 1338 5683 δι’
1372 5631 1527 5695 Υῐοῦ,
1560 5635 1610 5686 οἱ
1642 5633 1698 5687 δὲ
1732 5636 1827 5687 καὶ

240 5713 300 5778 εξ
327 5713 456 5766 Υἱυῦ
491 5733 626 5782 φασι
653 5718 714 5769 τὸ
743 5719 989 5790 Πνεῦμα,
1024 5723 1244 5789 πρῶτον
1281 5724 1377 5791 μὲν
1405 5725 1487 5786 τίς
1523 5726 1554 5794 ἡ
1589 5727 1824 5793 διαφορά

241 5807 340 5878 τῆς
375 5807 474 5863 διὰ
523 5809 661 5881 πρὸς
709 5810 809 5882 τὴν
850 5812 940 5882 ἐκ,
991 5813 1115 5868 ὅσον
1160 5815 1291 5886 πρὸς
1350 5817 1407 5870 τὸ
1456 5805 1821 5890 προκείμενα)

2011 5636 2097 5689 I2.
2128 5635 2517 5690 Verumtamen
2543 5648 2668 5687 cum
2707 5633 2797 5686 alii
2834 5647 2900 5686 ex
2935 5632 3091 5687 Patre
3140 5646 3238 5701 per
3283 5630 3506 5695 Filium,

1917 5729 2027 5808 {alii
2051 5744 2116 5781 cx
2152 5727 2288 5780 Filio
2322 5726 2590 5794 Spiritum
2641 5728 2880 5784 tradant.
2933 5735 3061 5780 ante
3094 5725 3278 5779 omnia
3321 5723 3519 5778 discri-

1936 5836 2059 5874 men
2081 5820 2230 5875 'intcr
2259 5819 2704 5890 pru'positionem
2751 5836 2811 5872 cx
2843 5826 2899 5872 et
2929 5817 3370 5889 praepositionem
3393 5829 3526 5884 per,
