3880 6220
364 1795 369 1799 .
471 1729 531 1774 ιιι
566 1721 755 1777 radius
786 1723 861 1776 sit
897 1723 1112 1793 absque
1136 1725 1368 1790 lumine,
1399 1741 1577 1795 neque
1604 1728 1710 1783 erit
1739 1729 1928 1784 lumen
1956 1745 2049 1786 so-

463 313 561 377 7.1
1654 318 1981 380 GEORGII
2024 318 2548 380 'I‘RAPEZUNTII
3571 329 3648 390 702

467 447 566 499 pro
591 445 647 484 re
680 429 962 500 pmposita
993 429 1338 485 declaretur:
1379 439 1491 486 tum
1519 430 1779 497 deinceps
1809 432 1855 485 si
1908 429 2040 499 quid

2151 431 2535 501 σαφηνιζὲσθω
2558 445 2572 463 ·
2605 425 2725 484 εἶτα
2759 431 2853 484 καὶ
2883 432 2938 487 ετ
2969 451 3017 486 τι
3047 431 3365 487 ἀντιπῖπτον
3387 435 3438 488 ὲν
3460 436 3525 506 τῷ
3548 440 3647 492 άνω-
3691 430 3695 434 ’

463 531 654 573 contra
695 521 938 575 occurrit
966 522 1109 575 dicto
1139 521 1249 574 divi
1270 521 1456 592 Cyrilli
1483 538 1644 591 supra
1677 523 1928 584 recitato,
1970 523 2047 576 uti

2157 521 2247 574 οεν
2301 523 2566 594 γραφέντι
2629 523 2726 577 τοῦ
2787 523 2934 578 θείου
2995 525 3268 596 Κυρίλλου
3318 527 3452 581 δοκεῖ
3507 532 3643 599 ῥητῷ,

466 610 722 674 addecet,
782 612 1069 666 refutetur.
1140 613 1244 667 Per
1310 615 1623 683 prapositio
1672 630 2047 683 swpenumero

2157 615 2470 669 ὲκπιπτέτω
2530 617 2778 680 δικαίως.
2837 618 2900 671 Ἦ
2968 618 3066 673 διὰ
3125 619 3374 688 πρόθεσις
3438 625 3646 692 μεσιτείαν

468 704 734 768 medium,
769 704 914 772 quod
955 705 1010 757 in
1059 704 1180 759 loco
1213 720 1320 768 εει,
1343 707 1634 776 signiﬁcat,
1667 708 1834 762 veluti
1863 708 1907 762 si
1931 709 2047 778 quis

2156 707 2417 772 πολλάκις
2444 707 2545 778 μὲν
2571 708 2671 779 τὴν
2700 711 2759 762 ἐν
2788 709 2940 780 τόπῳ
2970 711 3249 781 σημαίνει,
3281 712 3353 775 ὡς
3375 715 3424 766 εῖ
3441 730 3513 778 τις
3531 717 3648 783 λέγει,

466 796 676 850 diceret
704 811 718 848 :
751 795 853 848 Per
872 794 1165 866 Corcyram
1189 798 1244 852 in
1268 798 1503 854 insulam
1527 798 1740 854 Cretam
1762 801 2047 856 advectum

2153 797 2242 852 διὰ
2263 799 2362 868 τῆς
2394 799 2690 871 Κερκύρας
2716 801 3055 873 καταχθῆναι
3083 805 3166 864 είς
3193 805 3438 876 Κρήτηνο
3460 808 3650 872 πολλάκις

464 902 621 952 esse;
659 902 802 956 sa-pe
827 887 992 942 etiam
1026 889 1470 964 instrumentale.
1505 894 1613 948 Sed
1648 894 1779 964 quid
1807 909 1945 965 opus
1967 904 2047 950 est

2153 892 2208 944 δὲ
2239 891 2336 962 τὴν
2365 892 2687 964 ὀργανικήν.
2727 895 2894 948 Ἀλλὰ
2941 896 2993 948 τί
3030 897 3116 948 δεῖ
3161 896 3333 950 ταῦτα
3369 901 3652 970 καταριθμεῖν

464 979 540 1032 illi
565 979 764 1033 similia
799 995 1088 1037 recensere
1137 983 1230 1053 qui
1273 985 1577 1040 naturalem
1625 987 2047 1043 relationemat-

2154 961 2326 1048 δεῖξαι
2361 961 2690 1055 βουλόμενον
2747 991 2848 1057 τὴν
2901 989 3143 1058 φυσικὴν
3189 989 3390 1058 σχέσιν,
3441 961 3526 1080 καὶ
3549 961 3655 1062 δίεσι-

463 1085 570 1139 que
603 1070 994 1127 mediationem
1017 1074 1313 1144 aliquando
1343 1091 1463 1130 eam
1493 1077 1834 1147 significare,
1867 1092 2047 1135 osten-

2153 1074 2303 1127 τείαν
2331 1074 2483 1128 ἔστιν
2521 1075 2610 1128 ὅτε
2658 1075 2962 1146 δηλοῦσανς
3011 1078 3148 1146 ’Λγε
3183 1078 3267 1150 δὴ,
3295 1079 3417 1132 ὃταν
3455 1070 3655 1151 λέγωμεν

464 1163 596 1218 dere
625 1165 900 1220 conatur?
925 1169 1036 1237 Age
1070 1171 1255 1239 igitur,
1290 1185 1414 1224 cum
1450 1171 1721 1226 dicimus:
1761 1173 1842 1226 Es
1870 1174 2047 1228 radice

2167 1165 2262 1219 Ἐκ
2293 1167 2395 1237 τῆς
2431 1166 2590 1239 ῥίζης
2617 1168 2706 1221 διὰ
2737 1167 2832 1222 τοῦ
2860 1169 3060 1224 κλάδου
3093 1169 3190 1223 τὸν
3224 1171 3446 1242 καρπὸν,
3470 1172 3521 1226 οὐ
3547 1172 3658 1242 φύσει

466 1273 564 1327 per
611 1259 1092 1328 ramumfructus,
1117 1277 1302 1316 annon
1333 1273 1527 1319 natura
1573 1265 1812 1320 fructum
1865 1282 1930 1323 es
1966 1282 2047 1321 ra-

2153 1257 2247 1310 τὸν
2280 1257 2493 1328 καρπὸν
2515 1260 2580 1312 ὲκ
2611 1258 2706 1312 τοῦ
2746 1259 2938 1314 κλάδοι)
2963 1260 3200 1329 λέγομεν
3222 1279 3238 1327 ;
3259 1263 3332 1315 Ἦ
3355 1262 3460 1326 πῶς
3481 1264 3658 1332 ἐτέρως;

469 1365 558 1404 mo
591 1350 869 1406 dicimus?
913 1353 980 1407 Et
1025 1369 1264 1423 quonam
1303 1340 1412 1411 alio
1443 1372 1606 1413 sensu
1671 1358 2047 1429 intelligetur?

2154 1345 2420 1418 Λέγοντες
2447 1350 2502 1404 δὲ
2554 1351 2648 1405 καὶ
2694 1351 2783 1406 διὰ
2815 1353 2915 1422 τῆς
2960 1355 3182 1416 ἀκτῖνος
3232 1355 3295 1408 ὲκ
3347 1355 3435 1408 τοῦ
3481 1355 3598 1426 ἡλίου
3619 1357 3659 1409 τὸ

473 1441 612 1497 Tum
643 1443 832 1508 etiam,
860 1430 958 1515 per
978 1446 1191 1501 radium
1223 1465 1288 1502 ex
1320 1449 1436 1503 sole
1466 1449 1674 1515 lumen,
1701 1465 1886 1505 nonne
1917 1451 2047 1506 illud

2155 1441 2291 1509 φῶς,
2317 1443 2418 1496 οὑκ
2456 1445 2518 1496 ἐκ
2553 1443 2652 1512 τῆς
2684 1445 2905 1505 ἀκτῖνος
2934 1446 3102 1514 φύσει
3135 1447 3267 1501 αὐτὸ
3297 1443 3429 1502 εἶναι
3453 1448 3658 1517 lippa;

468 1550 535 1589 ex
569 1535 724 1591 radio
745 1550 942 1594 natura
967 1554 1088 1595 esse
1105 1541 1379 1596 dicimus?
1400 1542 1504 1597 Sed
1528 1557 1635 1596 non
1663 1542 1768 1598 fuit
1789 1559 2047 1614 unquam,

2169 1533 2306 1588 Ἀλλ’
2338 1536 2440 1589 οὐκ
2465 1531 2534 1606 ἦν
2558 1553 2710 1602 ποτε,
2743 1536 2869 1590 οὔτε
2898 1537 3055 1593 ἔσται
3094 1539 3253 1602 ἀκτὶς
3284 1541 3406 1594 ἄνευ
3435 1541 3595 1608 φωτός.
3617 1541 3658 1594 ΕΞ

467 1642 648 1697 neque
679 1629 787 1684 erit
816 1631 1002 1686 radius
1023 1633 1141 1686 sine
1173 1633 1402 1688 lumine.
1433 1634 1588 1700 Quod
1613 1636 1659 1690 si
1686 1634 1803 1692 ﬁeri
1837 1637 2047 1707 nequit,

2153 1629 2200 1684 δ’
2224 1629 2490 1685 ἀδύνατον
2521 1631 2720 1686 ἀκτῖνα
2755 1633 2896 1687 εἶναι
2923 1634 3100 1706 χωρὶς
3131 1634 3331 1704 φωτὸς,
3374 1634 3487 1688 οὔτε
3519 1637 3602 1704 μὴν
3621 1635 3660 1686 :l

2153 1721 2382 1791 ἦλιακδν
2432 1723 2548 1792 φῶς
2599 1725 2696 1794 τῆς
2739 1726 2962 1790 ἀκτῖνος
3022 1728 3222 1797 χωρὶς,
3273 1728 3452 1799 ὥσπερ
3496 1726 3592 1780 οὐδὲ
3621 1728 3658 1778 τὸ

2083 1774 2124 1830 Β
2154 1774 2382 1886 Πνεῦμα
2427 1774 2599 1888 έωρις
2645 1774 2741 1872 τοῦ
2789 1774 2959 1872 Υίοῦἶ
3003 1774 3311 1892 ςέύσιειῗὶρα
3360 1774 3447 1873 καλ
3479 1821 3532 1874 οὗ
3559 1820 3653 1872 κατὰ

473 1915 666 1961 natura
694 1909 860 1979 igitur
887 1921 942 1965 et
972 1926 1082 1965 non
1103 1913 1432 1982 adjectione,
1458 1925 1554 1969 aut
1581 1930 1720 1970 nova
1744 1917 2047 1973 additione.

2157 1909 2417 1978 μετοχὴν,
2463 1909 2792 1980 ἢδιάδοσιν.
2854 1911 3166 1980 Ἐπίκτητα
3220 1912 3325 1982 γάρ
3375 1911 3532 1964 πάντα
3554 1909 3654 1963 tia)

473 2000 726 2054 Ascititia
765 2001 912 2054 enim
944 2003 1129 2056 omnia
1168 2014 1321 2068 sunt,
1355 2020 1477 2074 qua
1509 2019 1617 2060 non
1643 2017 1774 2061 sunt
1825 2017 2047 2064 natura-

2154 1999 2340 2068 φύσει.
2369 1999 2469 2054 Διὰ
2508 2000 2609 2069 τῆς
2643 2004 2860 2066 ἀκτῖνος
2901 2003 2962 2055 τὸ
2996 2003 3143 2071 φῶς,
3182 2005 3278 2057 καὶ
3308 2002 3366 2056 τὸ
3404 2002 3586 2071 Πνεῦμα
3615 1999 3654 2052 δι’

475 2091 567 2144 lia.
602 2091 704 2144 Per
732 2092 944 2147 radium
975 2096 1187 2162 lumen,
1217 2107 1272 2150 et
1307 2098 1546 2167 Spiritus
1571 2114 1668 2169 per
1695 2099 1910 2155 Filium.
1946 2101 2047 2155 Per

2154 2091 2306 2147 Υἱοῦ.
2349 2093 2414 2145 Ἠ
2455 2091 2554 2147 διὰ
2585 2093 2693 2161 ἄρα
2722 2094 2963 2164 φυσικὴν
2987 2097 3131 2165 ἡμῖν
3162 2095 3484 2150 ἐνδείκνυται
3512 2094 3653 2164 σχέσιν.

473 2199 602 2254 ergo
643 2187 948 2242 naturalem
976 2189 1136 2242 nobis
1187 2189 1354 2245 infert
1411 2193 1756 2248 relationem.
1789 2193 2047 2260 Quaenam

2155 2183 2252 2247 Τίς
2279 2183 2336 2237 δὲ
2367 2181 2508 2252 αὕτη
2535 2185 2680 2254 πλὴν
2715 2186 2813 2251 τῆς
2847 2187 2970 2240 κατ’
3001 2188 3217 2253 αἰτίαν,
3247 2187 3487 2242 ἀδύνατον
3519 2185 3654 2254 εὑρεῖν.

472 2285 658 2332 autem
687 2278 776 2332 illa
816 2278 1006 2344 fuerit,
1051 2291 1202 2335 extra
1234 2297 1421 2348 unam,
1457 2299 1579 2354 quae
1631 2301 1697 2340 ex
1747 2302 1914 2342 causa
1944 2296 2047 2354 est,

2156 2276 2266 2330 Καὶ
2295 2276 2469 2338 οὕτως
2501 2279 2566 2331 ὲκ
2599 2277 2691 2332 τοῦ
2724 2278 2858 2333 Υίοῦ
2887 2297 2970 2333 σοι
2999 2281 3066 2334 τὸ
3097 2280 3325 2351 Πνεῦμα
3347 2277 3657 2351 ἐκπορεύεσθαι

471 2368 684 2422 nullam
713 2370 878 2424 aliam
915 2371 1211 2427 inveneris.
1247 2375 1314 2428 Et
1339 2375 1443 2430 hoc
1462 2386 1625 2446 pacto
1653 2393 1720 2432 ex
1749 2378 1895 2432 Filio
1929 2379 2047 2449 Spi<

2156 2369 2346 2436 σαφῶς
2382 2369 2578 2425 ἕπεται
2615 2375 2728 2436 τοῖς
2759 2373 2925 2436 θείοις
2975 2374 3092 2428 τῶν
3137 2374 3465 2429 διδασκάλων
3510 2373 3657 2440 λόγοις.

473 2460 640 2512 ritum
668 2464 969 2529 procedere
1002 2463 1295 2519 manifesto
1323 2467 1575 2535 sequitur
1601 2478 1922 2523 sanctorum
1953 2469 2047 2524 do-

2157 2463 2359 2533 μᾶλλον
2389 2455 2446 2518 δὲ
2487 2465 2674 2535 σαφῶς
2709 2467 2949 2537 εἴρηται.

471 2562 686 2606 ciorum
719 2553 904 2609 dictis.
945 2554 1058 2611 lmo
1083 2557 1374 2612 manifesto
1409 2575 1731 2629 expressum
1764 2571 1870 2618 est.
2781 2561 2788 2565 ’

545 2646 630 2699 l3.
657 2646 712 2700 Si
741 2649 864 2716 quis
891 2663 1057 2718 porro
1085 2659 1327 2719 opponat
1356 2651 1624 2708 Joannem
1653 2654 1846 2725 Syrum
1889 2655 1942 2710 id
1970 2656 2047 2710 in«

2229 2651 2319 2712 ιγ’.
2355 2645 2415 2698 ΕΞ
2439 2645 2495 2698 δὲ
2528 2645 2720 2716 φαίης.
2752 2645 2920 2728 τοῦτο.
2947 2647 3217 2718 Ἰωάννην
3243 2647 3574 2716 ἁπαγορεῦειν
3602 2649 3659 2698 τὶν

473 2739 868 2793 terdicentem:
908 2741 992 2794 Ea:
1021 2740 1161 2796 Filio
1191 2746 1350 2808 enim,
1385 2745 1484 2809 ait,
1525 2744 1789 2816 Spiritum
1819 2764 1923 2801 non
1967 2749 2047 2801 di-

2156 2737 2360 2804 Σύρονο
2416 2737 2510 2792 Ἐκ
2563 2737 2666 2792 τοῦ
2707 2738 3016 2807 Υιοῦγὰρ,
3045 2741 3228 2809 φησὶ,
3280 2741 3346 2795 τὸ
3386 2739 3590 2815 Πνεῦμα
3615 2738 3661 2789 οὺ

472 2834 681 2895 cimus;
715 2833 881 2888 addat
935 2835 1080 2903 quod
1116 2835 1300 2890 statim
1360 2838 1738 2908 subsequitur,
1792 2838 2047 2910 Spiritum

2153 2829 2444 2898 λέγομεν·
2485 2829 2621 2884 ἀλλὰ
2679 2831 2918 2902 πρόσθες
2946 2832 3008 2885 τὸ
3047 2835 3202 2905 ἑξῆς,
3249 2834 3478 2904 Πνεῦμα
3503 2832 3556 2886 δὲ
3572 2829 3662 2887 Υὶοῡ

471 2940 592 2977 vero
648 2921 775 2978 Filii
805 2927 1161 2980 nominamus.
1216 2927 1284 2982 Et
1333 2938 1599 2998 praeterea
1661 2938 1747 2984 est
1797 2931 1851 2984 in
1889 2932 2047 2985 tertio

2155 2923 2663 2994 ὀνομάζομενεκαὶ
2715 2924 2778 2976 τὸ
2828 2927 2887 2978 ἐν
2939 2925 3018 2995 τῷ
3080 2929 3506 2998 τρισκαιδεκάτῳ
3548 2940 3664 2992 uess-

472 3013 690 3068 decimo
725 3015 935 3083 capite:
976 3013 1097 3084 Ipse
1119 3019 1260 3070 enim
1282 3027 1358 3072 est
1418 3017 1573 3072 Verbi
1608 3018 1850 3086 abyssus,
1902 3020 2047 3076 Verbi

2153 3016 2322 3088 λαίῳ’
2349 3015 2544 3082 Αὐτὸς
2571 3017 2691 3085 μὲν
2740 3017 2878 3071 ἐστι
2929 3019 3135 3088 Λόγου
3189 3020 3483 3084 ἄϐυσσος.
3526 3016 3664 3084 Λόγου

447 3109 697 3177 μενεῖτον,
731 3119 776 3162 ει
811 3125 905 3177 per
934 3108 1154 3165 Verbum
1200 3113 1484 3182 productor
1535 3115 1714 3167 omnia
1768 3113 2047 3169 revelantis

2118 3125 2122 3176 ι
2159 3113 2484 3182 γεννήτωρ,
2520 3111 2620 3166 καί
2661 3112 2760 3167 διὰ
2788 3113 2990 3182 Λόγου
3021 3115 3365 3182 προϐολεὺς
3395 3115 3664 3182 ἐκφαντορι-

475 3201 730 3269 Spiritus.
763 3203 830 3257 Et
859 3203 1058 3258 iterum
1085 3220 1098 3258 :
1132 3205 1361 3275 Spiritus
1408 3215 1621 3260 sanctus
1673 3206 1911 3260 revolans
1937 3206 2047 3261 Ρα-

2158 3201 2268 3258 κοῦ
2301 3203 2649 3272 Πνεύμιιτος
2677 3221 2688 3234 ο
2721 3205 2814 3256 καὶ
2849 3204 3016 3257 πάλιν
3040 3221 3056 3233 ·
3102 3205 3176 3260 Τὸ
3213 3205 3447 3274 Πνεῦμα
3468 3204 3525 3256 τὸ
3548 3200 3666 3268 ἅγιον

475 3294 574 3349 tris
600 3295 826 3367 facultas
849 3312 913 3351 ea:
956 3295 1120 3351 Patre
1141 3307 1216 3352 est
1245 3314 1340 3366 per
1397 3295 1597 3352 Filium
1653 3299 1957 3370 procedens.
1987 3300 2047 3354 Et

2161 3294 2196 3361 ἠ
2243 3294 2650 3363 ἐκφαγτορικὴ
2685 3295 2943 3364 δύναμις
2973 3297 3089 3350 τοῦ
3140 3298 3370 3365 Πατρός
3413 3295 3475 3350 ἐκ
3504 3291 3668 3354 Πατρός

474 3388 542 3443 ad
558 3387 854 3444 Iordanem
885 3391 1115 3460 epistola
1138 3409 1151 3446 :
1188 3389 1292 3444 Per
1315 3389 1534 3458 Filium,
1562 3392 1766 3462 inquit,
1792 3391 2047 3463 Spiritus,

2156 3387 2290 3442 ἐστι
2318 3387 2394 3441 δι’
2423 3386 2561 3442 Υιοῦ
2589 3387 3074 3457 ἐκπορευομένη.
3124 3389 3216 3443 Ἐν
3247 3389 3303 3442 δὲ
3334 3391 3394 3459 τῇ
3433 3387 3551 3458 πρὸς
3577 3383 3668 3450 Ἰορ-

479 3500 581 3537 non
617 3499 682 3536 ea:
709 3484 866 3550 Filio,
903 3487 981 3538 uti
1029 3485 1260 3556 Spiritus
1285 3487 1392 3540 oris
1426 3485 1540 3542 Dei.
1574 3485 1858 3542 Invenitur
1910 3502 2047 3557 quo-

2156 3481 2324 3548 δάνην
2383 3480 2670 3550 ὲπιστολῆ,
2701 3481 2783 3535 Δι’
2825 3483 2984 3548 Υίοῦ,
3033 3485 3204 3552 φησὶ,
3237 3483 3305 3538 τὸ
3339 3482 3568 3551 Πνεῦμα,
3594 3478 3667 3530 οὐκ

477 3591 584 3644 que
611 3592 773 3630 unam
796 3591 919 3631 esse
949 3577 1164 3630 Patrem
1191 3576 1313 3631 Filii
1343 3586 1400 3631 et
1429 3575 1669 3646 Spiritus
1713 3593 1958 3633 causam.
1995 3577 2047 3633 Si

2156 3571 2228 3638 ἐξ
2257 3571 2416 3637 Υλοῧο
2447 3571 2530 3637 ὡς
2566 3572 2807 3641 πνεῦμα
2849 3574 3160 3642 στόματος
3193 3574 3364 3630 Θεοῦ.
3413 3564 3667 3642 Εὕρηται

477 3670 594 3726 haec
627 3672 815 3740 itaque
842 3670 1192 3740 produxeris,
1224 3680 1486 3727 accurate
1513 3670 1801 3726 considera
1827 3685 1924 3726 eos
1957 3670 2047 3740 qui

2159 3664 2252 3717 καὶ
2285 3664 2416 3734 μίαν
2463 3657 2606 3718 εἶναι
2659 3663 2752 3717 τὸν
2804 3664 3028 3735 Πατέρα
3087 3667 3224 3721 Υίοῦ
3277 3669 3369 3721 καλ¹
3421 3663 3666 3732 lividum;

478 3764 701 3818 modum
736 3766 906 3834 magis
935 3764 1174 3818 Atticum
1206 3763 1466 3832 loquendi
1493 3763 1775 3826 affectant,
1797 3761 2047 3832 praeposi-

2159 3757 2363 3812 αίτίαν.
2397 3757 2462 3810 Εί
2508 3757 2640 3826 γοῦν
2671 3756 2847 3812 ταῦτα
2883 3758 3091 3823 λέγεις,
3126 3760 3318 3814 σκόπει
3362 3757 3587 3826 άίρισώς,
3617 3754 3670 3806 ὅτι

469 1814 586 1867 lare
607 1816 815 1886 absque
847 1817 1024 1882 radio,
1058 1818 1221 1872 sicuti
1249 1833 1349 1874 nec
1383 1817 1619 1889 Spiritus
1643 1821 1852 1893 absque
1888 1823 2047 1890 Filio,

480 3858 684 3910 tionem
717 3872 780 3908 ea:
807 3866 859 3911 et
888 3872 1108 3911 causam
1172 3856 1474 3926 primariis.
1502 3873 1596 3927 per
1635 3855 1895 3910 secundis
1927 3869 2047 3909 cau-

2157 3849 2209 3903 ol
2237 3849 2553 3920 βουλόμενοι
2588 3849 2984 3920 Ἀττικώτερον
3009 3852 3273 3922 γράφειν,
3301 3853 3394 3920 τὴν
3424 3851 3512 3922 μὲν
3534 3849 3587 3901 ἐκ
3607 3843 3669 3898 καὶ

479 3949 556 4001 sis
596 3947 936 4016 ascripsisse.
974 3949 1254 4018 Nusquam
1286 3949 1560 4020 siquidem
1596 3947 1880 4002 inveneris
1905 3945 2047 4016 apud

2158 3942 2261 4009 τὴν
2289 3941 2472 3995 αἰτίαν
2533 3945 2648 4004 τοῖς
2705 3943 2948 4014 πρώτοις
2983 3945 3186 4008 οιίτίοις
3225 3943 3584 4004 ἀποδεδώκασι,
3607 3935 3673 4004 τὴν

479 4055 574 4095 cos
603 4039 695 4111 qui
723 4049 925 4096 rectam
955 4042 1159 4098 Graeca:
1192 4043 1390 4114 linguae
1415 4043 1750 4099 locutionem
1779 4040 2047 4105 ambiunt,

2159 4035 2218 4088 δὲ
2260 4035 2357 4088 διὰ
2385 4037 2497 4100 τοῖς
2537 4035 2838 4107 δευτέροις.
2871 4038 2945 4090 Οὐ
2995 4039 3110 4110 γὰρ
3147 4037 3318 4111 εὕρῃς
3350 4036 3488 4105 παρὰ
3514 4035 3600 4092 τοῖς
3633 4027 3672 4079 εὖ

481 4153 572 4206 per
632 4135 824 4206 primis
853 4137 1032 4190 causis
1092 4135 1443 4202 attributam,
1503 4151 1685 4206 neque
1737 4135 1904 4189 etiam
1971 4150 2047 4199 ex,

2173 4127 2511 4200 Ἐλληνίζειν
2543 4129 2760 4183 θέλουσι
2789 4129 2890 4200 τὴν
2917 4130 3017 4184 διὰ
3048 4134 3161 4196 τοῖς
3191 4132 3442 4202 πρώτοις,
3470 4123 3572 4180 οὔτε
3600 4120 3673 4190 μὴν

482 4227 586 4282 nisi
626 4227 772 4281 nude
827 4229 1117 4297 solumque
1153 4227 1392 4281 secunda
1445 4242 1609 4281 causa
1647 4226 2047 4296 pronuntietur,

2160 4224 2260 4295 τὴν
2288 4225 2378 4293 ἐκ,
2410 4225 2458 4278 ει
2495 4226 2568 4296 μή
2605 4240 2710 4277 που
2744 4225 2888 4277 κατὰ
2927 4224 3100 4293 μόνας
3131 4224 3345 4294 λέγοιτο
3389 4221 3445 4275 τὸ
3480 4217 3672 4314 δεύτερον

482 4319 764 4373 secundis.
799 4317 936 4373 llinc
966 4335 994 4373 a
1025 4320 1252 4382 sanctis,
1276 4319 1369 4388 qui
1395 4319 1662 4373 formulas
1690 4319 1890 4388 linguas
1910 4317 2047 4372 Grie-

2163 4316 2361 4381 αῖτιον,
2385 4319 2502 4378 τοῖς
2530 4315 2806 4385 δευτέροις
2831 4315 3278 4385 ἀπονεμομένην,
3309 4313 3400 4366 καὶ
3420 4311 3582 4363 τούτου
3607 4311 3673 4372 χι·

481 4427 577 4477 ω’,
610 4411 702 4466 sed
735 4411 1014 4481 probatas,
1065 4421 1353 4482 usurpant,
1389 4422 1445 4466 et
1507 4411 1744 4480 propriae
1790 4409 2047 4465 locutioni

2169 4427 2256 4481 ριν
2302 4407 2641 4481 Ἐλληνίζειν
2689 4410 2756 4478 τῇ
2808 4406 3025 4478 γλώττῃ
3069 4408 3167 4461 καὶ
3211 4403 3520 4475 κυριολεξεῖν
3544 4394 3674 4467 βουλο-

483 4507 729 4567 studcnt,
763 4521 825 4559 ex
849 4505 987 4559 Filio
1017 4505 1262 4575 Spiritus
1292 4521 1401 4560 non
1459 4505 1686 4571 dicitur,
1723 4505 1816 4559 sed
1849 4519 1948 4574 per
1975 4503 2047 4558 Fi-

2118 4490 2136 4542 )
2170 4501 2354 4572 μένοις
2393 4502 2596 4571 ἁγίοις,
2627 4499 2686 4565 ἐξ
2717 4498 2847 4552 Υίοῦ
2881 4499 2942 4553 τδ
2971 4499 3205 4569 Πνεῦμα
3249 4499 3309 4552 οὐ
3343 4497 3554 4584 λέγεταις
3581 4482 3674 4584 ἀλλὰ

484 4599 641 4651 lium.
674 4597 862 4667 Neque
894 4598 1041 4652 enim
1066 4597 1273 4651 locutio
1301 4599 1392 4652 illa
1441 4597 1630 4652 Grsrca
1671 4613 1812 4667 pura
1873 4595 2047 4650 fuerit.

2164 4593 2233 4645 δι’
2266 4593 2418 4646 Υίοῦ.
2454 4593 2529 4646 Οὐ
2555 4591 2666 4662 γάρ
2708 4588 3047 4660 Ἐλληνίζειν
3087 4590 3278 4661 ἄκρως
3318 4588 3454 4641 δοκεῖ
3489 4583 3586 4635 όὲκ
3609 4583 3674 4672 τῆξ

481 4704 546 4742 ex
575 4689 756 4742 radice
781 4698 834 4743 ct
859 4705 1011 4744 ramo
1049 4691 1284 4753 fructus.
1322 4704 1378 4745 et
1407 4705 1474 4745 ex
1525 4691 1641 4745 sole
1675 4701 1730 4744 et
1773 4687 1928 4743 radio
1982 4689 2047 4742 lu<

2167 4684 2325 4754 ῥίζης
2365 4685 2460 4737 καὶ
2485 4682 2578 4736 τοῦ
2608 4683 2808 4736 κλάδου
2835 4682 3012 4750 λέγων
3041 4684 3135 4736 τὸν
3181 4681 3410 4754 καρπὸν,
3457 4675 3674 4776 ﬂia-eo»

484 4797 631 4846 men,
663 4781 756 4836 sed
800 4781 912 4846 illa,
942 4797 1006 4836 es
1043 4783 1160 4836 sole
1191 4798 1287 4851 per
1330 4781 1572 4846 radium,
1608 4798 1714 4836 non
1761 4779 1910 4851 quod
1952 4795 2044 4833 nor

2167 4777 2319 4846 ἡλίου
2351 4776 2448 4831 καὶ
2489 4776 2592 4846 τῆς
2620 4779 2840 4838 ἀκτῖνος
2869 4776 2931 4829 τὸ
2959 4777 3100 4845 φῶς,
3135 4775 3253 4830 ἀλλ’
3287 4777 3314 4829 ὁ
3343 4775 3404 4826 ὲκ
3447 4767 3529 4823 τοῦ
3565 4767 3672 4833 ἡλίου

483 4876 556 4930 sit
595 4890 662 4928 ex
723 4873 876 4929 radio
907 4875 1233 4929 naturaliter
1270 4875 1460 4929 lumen
1493 4877 1688 4939 solare,
1739 4875 1835 4929 sed
1889 4872 2047 4944 quod

2167 4869 2264 4925 διὰ.
2293 4872 2393 4937 τῆς
2424 4869 2670 4932 ἀκτῖνος,
2720 4869 2822 4940 οὐχ
2851 4867 2928 4932 ὡς
2961 4869 3037 4939 μὴ
3083 4868 3241 4930 ὄντος
3277 4868 3338 4920 ἐκ
3380 4863 3467 4932 τῆς
3511 4855 3674 4912 ἀκτῖνος

483 4985 607 5024 cum
646 4968 836 5024 radius
873 4967 1112 5023 secunda
1143 4983 1307 5023 causa
1366 4969 1457 5036 sit,
1517 4984 1627 5023 non
1664 4968 1925 5038 primario
1956 4966 2042 5022 sib

2169 4963 2330 5033 φύσει
2377 4961 2475 5016 τοῦ
2529 4962 2758 5032 ἡλιακοῦ
2803 4961 3005 5032 φωτὸς,
3046 4960 3166 5016 ἀλλ’
3213 4961 3295 5014 δτι
3327 4957 3550 5048 δεύτερον
3573 4943 3673 5048 οὔτε

483 5061 730 5117 vindicat
759 5075 1008 5124 causam,
1041 5059 1189 5115 utab
1215 5076 1276 5114 ea
1310 5060 1495 5114 lumen
1557 5059 1653 5114 sit.
1703 5058 1825 5114 Pari
1877 5058 2047 5124 modo,

2168 5057 2342 5111 αἴτιον
2377 5058 2408 5126 ἡ
2455 5055 2635 5120 ἀκτὶς,
2675 5055 2738 5108 οὐ
2793 5053 3290 5124 προκαταρκτικῶς
3338 5049 3445 5119 ἔχει

482 5153 574 5224 qui
598 5168 665 5209 ex
692 5153 853 5208 Patre
883 5161 940 5208 et
961 5123 1101 5208 Filio
1130 5150 1266 5206 dicit
1290 5151 1582 5220 Spiritum,
1645 5165 1772 5204 vera
1803 5148 2046 5218 equidcn

2169 5150 2340 5216 αὐτῆς
2370 5123 2511 5202 εῖναι
2543 5147 2603 5200 τὸ
2638 5147 2776 5217 φῶς.
2812 5123 2934 5200 Ἔτι
2977 5148 3005 5200 ὁ
3038 5123 3099 5200 tx
3139 5142 3348 5212 Πατρός
3371 5140 3454 5193 καὶ
3477 5129 3582 5224 Υἱνῆ
3606 5123 3669 5176 λέ⁸

483 5222 641 5313 dicit,
680 5261 797 5300 rem
825 5256 1005 5300 tamen
1038 5243 1305 5315 perfecte,
1333 5245 1409 5298 uti
1440 5253 1546 5308 est,
1599 5259 1710 5297 non
1761 5244 2029 5312 exprimit

2170 5260 2283 5311 γων
2329 5239 2390 5294 τὺ
2434 5237 2661 5309 Πνεῦμα
2703 5239 2879 5309 ἀληθῆ
2913 5239 3014 5308 μὲν
3043 5238 3214 5304 λέγει.
3251 5235 3347 5289 οὐκ
3387 5230 3508 5324 ἔφθη
3540 5222 3668 5324 “is:

483 5341 654 5413 atqui
686 5356 786 5412 per
816 5339 1014 5396 Filium
1055 5338 1213 5404 dicit,
1273 5352 1438 5391 omne
1493 5337 1684 5390 vitavit
1732 5335 2039 5406 periculum

2170 5333 2330 5396 λείως
2351 5332 2414 5385 τὸ
2447 5333 2556 5385 πᾶν
2582 5329 2792 5394 ἐκδούς.
2829 5331 2887 5380 ⁸0
2911 5330 2966 5382 δὲ
2985 5329 3070 5382 διὰ
3092 5327 3186 5380 τοῦ
3216 5325 3341 5381 Υίοῦ
3367 5322 3668 5422 λόγωνοπανῗ

484 5412 609 5493 cum
641 5454 735 5510 per
804 5436 893 5490 illa
920 5435 1214 5504 significet,
1246 5448 1355 5486 non
1382 5447 1508 5486 esse
1556 5432 1765 5500 absque
1795 5428 2047 5500 principii

2169 5427 2480 5495 ἐκπέφευγε
2530 5425 2776 5477 κίνδυνον
2835 5421 3210 5492 σημαινούσης
3244 5417 3337 5486 τῆς
3377 5412 3482 5470 διὸ,
3518 5412 3578 5467 ὡς
3599 5412 3667 5504 vi!

486 5505 755 5600 Spiritum
785 5543 814 5581 a
845 5526 1004 5597 Filio.
1030 5525 1113 5581 0b
1167 5525 1282 5578 haec
1309 5524 1495 5592 itaque
1523 5523 1708 5577 omnia
1736 5522 1814 5575 uti
1839 5522 1892 5575 in
1921 5535 2042 5575 crea

2172 5521 2428 5590 ἁνάρχως
2476 5518 2538 5570 τὸ
2588 5507 2814 5588 Πνεῦ“μα
2859 5518 3015 5587 παρὰ
3047 5512 3140 5566 τοῦ
3174 5510 3324 5566 Υίοῦ.
3369 5505 3567 5600 Totiuva
3598 5505 3664 5600 ou:

460 5619 464 5622 ’
490 5625 651 5689 turis,
681 5625 755 5678 ita
797 5634 852 5677 et
881 5623 934 5677 in
964 5621 1174 5692 Spiritu
1203 5629 1392 5674 sancto
1419 5619 1604 5689 potius
1633 5635 1725 5682 per
1750 5616 2047 5691 Gramorun

2177 5615 2394 5668 πάντων
2427 5614 2587 5684 χάριν
2632 5612 2706 5674 ὡς
2749 5611 2844 5662 ἐπὶ
2905 5609 3016 5661 τῶν
3048 5605 3356 5674 κτισμάτων
3385 5598 3467 5651 καὶ
3501 5589 3575 5644 ἐπὶ
3599 5596 3665 5633 του

2179 5709 2217 5722 ..
2299 5705 2311 5718 ο
2484 5721 2487 5722 ,
2532 5705 2584 5722 γ.
2630 5702 2655 5722 α
2692 5701 2718 5722 ι
3002 5699 3288 5722 --ι..-....-...
3333 5691 3375 5722 ,ι
3419 5673 3662 5722 salignis:

491 5717 743 5770 doctores
767 5724 1126 5783 usurparunt.
1169 5713 1464 5782 ﬂeperitur
1509 5711 1872 5766 nihilominus
1903 5717 1956 5763 ct
2006 5723 2047 5760 ει

2179 5681 2588 5773 Ιινεύματοςντῇ
2621 5701 2719 5755 διὰ
2762 5701 2965 5770 μᾶλλον
3001 5699 3292 5768 κέχρηνται
3333 5691 3378 5743 οἱ

494 5806 634 5861 Filio
687 5777 971 5872 attributa,
1021 5814 1076 5860 ct
1114 5777 1466 5876 potissimum
1529 5803 1596 5859 ab
1648 5801 1956 5874 Epiphanio
2016 5803 2047 5857 il

2177 5799 2284 5854 τῶν
2322 5797 2595 5869 Γραικῶν.
2651 5794 2724 5849 Οὐ
2782 5795 2886 5865 μὴν
2949 5793 3063 5848 ἀλλ’
3096 5787 3315 5860 εὓρηται
3341 5779 3480 5845 καὶὴ
3518 5777 3572 5825 ἐκ
3607 5777 3661 5828 τῳ
