3880 6220
249 369 278 430 ’ἶ
289 369 355 431 93

1179 375 1276 432 DE
1319 374 1842 436 I‘ROCESSIONE
1883 375 2242 438 SPIRITUS
2285 377 2578 440 SANCTI.

3392 384 3498 448 ’794

257 480 363 551 ΥΞῷ
385 482 771 552 ἀποδιδομένη,
807 484 899 537 καὶ
927 485 1162 552 μάλιστα
1194 490 1343 558 παρά
1369 489 1447 560 τῷ
1489 490 1822 560 Ἑπιφανίῳ.

1939 491 2242 561 Ancyroto:
2270 490 2352 544 Ex
2386 491 2548 544 Patre
2579 499 2629 544 et
2655 506 2719 544 ea:
2743 489 2900 556 Filio,
2951 490 3046 557 ait,
3109 488 3339 562 Spiritus
3375 513 3505 549 san-

263 577 363 629 Ἐκ
395 575 498 628 τοῦ
540 577 773 643 Πατρὸς
819 575 915 628 καί
968 576 1035 630 ἐκ
1085 579 1190 632 τοῦ
1244 579 1404 644 Υίοῦ,
1431 581 1619 650 φησὶν,
1651 585 1709 636 ἑν
1746 581 1824 652 τῷ

265 666 630 737 Ἀγκυρωτῷ,
663 669 730 723 τὸ
760 669 1003 738 Πνεῦμα
1039 671 1262 738 τρίτον.
1309 672 1421 742 Τὴν
1449 674 1633 742 μέντοι
1667 675 1826 742 παρὰ

255 760 683 830 ἱσοδυναμοῦσαν
706 765 770 830 τῇ
802 762 871 814 ἐκ
901 758 1049 827 οἶδας
1074 763 1286 828 πολλοῖς
1319 764 1639 835 λεγομένην.
1669 767 1827 836 Παρά

253 853 467 922 Πατρδς
501 853 610 922 γὰρ
647 854 741 906 καὶ
763 853 892 906 Υίοῦ
928 857 1061 923 φασὶ
1093 856 1153 910 τὸ
1180 857 1407 926 Πνεῦμα
1431 858 1618 928 σχεδὸν
1647 858 1826 924 ἀπαξ-

251 945 511 1008 ἀπαντες,
543 948 636 1000 καὶ
665 945 734 1010 ἐξ
757 946 984 1016 ἀμφοῖν
1015 944 1170 1002 εἶναι
1203 949 1470 1019 Κύριλλος
1502 952 1676 1018 λέγει.
1715 953 1826 1004 Καὶ

254 1036 344 1092 ἵνα
377 1039 454 1107 μή
487 1055 571 1100 τις
614 1042 1108 1110 προκαταρκτικῶς
1133 1036 1272 1094 εἶναι
1315 1043 1376 1095 ὲκ
1409 1041 1638 1095 τοῦΥίοῦ
1677 1043 1826 1112 νομί-

256 1145 346 1199 σῃ,
369 1130 777 1199 διασαφηνίζων
799 1132 1015 1199 ιπάγει,
1050 1131 1183 1201 ἤτοι
1210 1133 1278 1187 ἐκ
1312 1133 1544 1202 Πατρὸς
1561 1133 1636 1188 δι’
1667 1136 1824 1191 Υίοῦ.

255 1222 483 1284 Βλέπεις
525 1222 600 1284 ὡς
647 1223 911 1276 πάντοθεν
954 1224 1015 1276 τὸ
1046 1224 1216 1277 πάλαι
1242 1226 1290 1277 οἱ
1331 1227 1440 1279 τῶν
1471 1227 1720 1298 Γραικῶν
1752 1228 1826 1281 δι-

252 1312 516 1364 δάσκαλοι
546 1314 645 1366 ούκ
677 1313 804 1367 ἄλλο
830 1316 1164 1396 ἐπρέσϐευον
1191 1318 1238 1369 εί
1266 1317 1340 1386 μὴ
1370 1318 1506 1387 ὅπερ
1542 1317 1634 1371 νῦν
1669 1321 1698 1392 η
1727 1319 1828 1389 τῆς

267 1403 485 1473 ⁹Ιίῢμης
527 1405 824 1474 Ἐκκλησία
848 1423 863 1472 ;
906 1407 1048 1460 Ἀλλ’
1069 1404 1188 1462 οῐδα
1213 1409 1294 1462 ὅτι
1325 1411 1701 1478 καταγελῶσιν
1720 1413 1830 1466 m3-

253 1496 350 1562 τῆς
386 1497 633 1566 Γραικοὶ,
680 1497 756 1560 ὡς
805 1497 1058 1568 δεύτερον
1099 1502 1271 1554 αῖτιον
1300 1501 1564 1574 λεγούσης
1611 1505 1703 1556 ἐπὶ
1731 1505 1829 1574 τῆς

255 1585 484 1653 Τριάδος
508 1626 523 1647 ,
575 1586 634 1638 οὐ
684 1585 932 1650 νοοῦντες
958 1587 1149 1640 τούτου
1184 1590 1368 1655 ἕνεκα,
1400 1591 1542 1644 οὕτω
1575 1592 1828 1661 λελέχθαι

253 1679 369 1731 τισὶ
404 1680 514 1740 τοῖς
557 1679 867 1748 ἡμετέροις,
898 1681 981 1734 ὅτι
1014 1682 1074 1734 οὑ
1120 1683 1302 1753 ῥᾴδιον
1331 1683 1506 1746 ἄλλως
1537 1683 1729 1754 δηλοῦν
1760 1685 1828 1737 τὰ

253 1771 497 1826 τοιαῦτα.
517 1771 638 1823 Ἐπὶ
666 1773 774 1842 γὰρ
809 1772 919 1827 τῶν
941 1771 1099 1826 θείων
1118 1773 1370 1844 δεύτερον
1386 1775 1556 1828 αἴτιον
1577 1775 1829 1841 λέγοντες

253 1864 344 1916 τὸν
392 1863 539 1927 my,
573 1863 662 1915 ινα
690 1865 788 1932 τὴν
824 1863 1057 1932 δύναμιν
1094 1865 1193 1935 τῆς
1229 1843 1327 1920 διὰ
1362 1869 1826 1936 παραστήσωμεν,
1863 1843 1919 1898 B.

253 1955 351 2008 οῦκ
389 1955 844 2024 ἀποτετμημένον
874 1956 1105 2025 νοοῦμεν
1151 1957 1246 2010 τοῦ
1285 1959 1519 2028 Πατρὸς,
1551 1960 1674 2013 οὐδὲ
1704 1958 1830 2027 χρό-

254 2062 348 2113 νῳ,
381 2046 413 2116 ἢ
445 2047 616 2113 τόπῳ,
649 2047 682 2117 ἢ
715 2049 743 2099 ὅ
773 2064 824 2099 τι
851 2048 918 2102 ἂν
951 2050 1095 2102 εἴποι
1125 2065 1207 2111 τις
1241 2049 1653 2118 δευτερεύοντα,
1689 2049 1830 2101 ἀλλά

255 2136 384 2190 διότι
416 2138 596 2192 πάντα
648 2140 750 2192 ὅσα
787 2137 921 2210 ἔχει,
957 2140 1108 2208 παρὰ
1151 2140 1246 2192 τοῦ
1295 2140 1510 2210 Πατρὸς
1559 2139 1697 2210 ἔχει,
1737 2140 1829 2193 καὶ

255 2227 390 2279 αὐτὸ
421 2228 480 2279 τὸ
503 2223 667 2281 εἶναι.
707 2229 767 2282 Et
800 2230 930 2298 γοῦν
979 2229 1039 2295 ιε
1085 2229 1252 2284 αὑτοῦ
1291 2231 1350 2284 τὸ
1398 2231 1646 2301 Πνεῦμα,
1692 2231 1830 2285 ἀλλὰ

257 2316 411 2386 παρὰ
439 2316 533 2371 τοῦ
567 2319 770 2387 Πατρὸς
808 2319 922 2390 ἔχει
969 2319 1129 2373 τοῦτο
1171 2320 1348 2374 λαϐὼν
1371 2335 1388 2354 ο
1420 2322 1516 2374 καὶ
1555 2321 1643 2375 διὰ
1671 2321 1830 2374 τοῦτο

255 2413 354 2480 τὴν
387 2413 455 2464 ἐκ
489 2414 690 2482 κυρίως
717 2413 794 2484 τῷ
827 2415 1024 2483 “arpi,
1067 2414 1220 2482 αὐτῷ
1247 2415 1303 2468 δὲ
1339 2416 1703 2484 ἀποδιδόαμεν
1732 2415 1831 2483 τὴν

256 2504 376 2569 διὰ,
408 2507 493 2560 ἵνα
525 2507 618 2558 καὶ
667 2507 727 2560 τὸ
762 2507 975 2576 πρῶτον
1025 2507 1262 2578 δηλωθῇ,
1313 2508 1406 2560 καὶ
1452 2509 1516 2561 ἐκ
1558 2507 1653 2560 τοῦ
1699 2506 1828 2561 Υἱσῦ

258 2595 400 2650 εἶναι
445 2600 518 2668 μὴ
555 2598 776 2669 σιγηθῇ,
809 2600 918 2653 κάκ
949 2599 1042 2653 τοῦ
1076 2600 1286 2671 Πατρὸς
1329 2599 1489 2653 τοῦτο
1515 2599 1825 2667 ἐπάγεσθαι

256 2695 348 2742 τὸν
393 2691 520 2744 Υίὸν
569 2694 644 2762 μὴ
679 2694 952 2763 σιωηθῇ.
1013 2690 1176 2754 Οἶδας
1225 2693 1340 2755 πῶς
1392 2693 1486 2745 καὶ
1538 2693 1710 2746 αἴτιον
1738 2691 1830 2745 τὸν

261 2783 386 2834 Υἱὸν
421 2783 453 2852 ἡ
483 2783 578 2837 διὰ
615 2784 898 2854 κηρύττει,
927 2785 1020 2838 καὶ
1052 2787 1116 2838 ὲκ
1151 2783 1244 2836 τοῦ
1281 2785 1496 2854 Πατρὸς
1525 2783 1830 2852 ἐπάγεσθαι

258 2876 416 2926 τοῦτο
436 2877 536 2927 ούκ
565 2875 982 2944 ἀποκρύπτεται
1005 2898 1021 2941 ;

334 2965 413 3017 ιδ’.
468 2966 672 3018 Τούτου
728 2966 890 3036 χάριν
936 2969 1030 3019 καὶ
1079 2966 1209 3035 μίαν
1244 2965 1423 3020 αἰτίαν
1466 2966 1556 3020 τὸν
1610 2967 1830 3040 Πατέρα

260 3059 468 3129 φαμὲν,
497 3059 592 3112 καὶ
619 3059 800 3129 πηγὴν
833 3059 984 3129 μίαν,
1021 3062 1112 3112 καὶ
1159 3060 1348 3130 ὥσπερ
1383 3059 1450 3114 ἂν
1481 3061 1536 3113 si
1579 3077 1662 3125 τις
1693 3062 1827 3131 φαίη

1941 591 2053 635 ctus
2095 584 2278 637 tertius
2301 593 2394 638 est.
2437 583 2596 651 Παρὰ
2617 598 2745 638 vero
2773 584 2837 637 ab
2866 583 3060 638 iisdem
3087 591 3252 653 atque
3278 602 3344 638 ea:
3373 587 3508 640 viri-

1936 675 2036 728 bus
2060 674 2264 743 pollere
2291 674 2432 744 apud
2454 675 2744 744 plerosque
2777 674 3070 743 repereris,
3098 675 3139 729 Α
3169 675 3330 731 Patre
3353 678 3503 731 enim

1932 773 1988 819 et
2024 764 2160 818 Filio
2191 763 2456 832 Spiritum
2476 765 2591 819 fere
2613 780 2806 819 omnes
2824 764 3143 828 enuntiarit,
3172 775 3230 820 et
3258 781 3321 820 ea:
3343 769 3506 821 utris-

1934 871 2034 926 que
2069 871 2178 910 esse
2214 855 2470 925 Cyrillus.
2506 857 2576 910 Et
2617 871 2684 910 ne
2713 856 2836 926 quis
2901 871 2968 910 ex
3004 854 3144 912 Filio
3193 867 3449 928 tanquam
3473 879 3503 916 ιι

1935 951 2204 1019 primario
2229 951 2504 1020 princpio
2553 949 2818 1020 Spiritum
2877 948 2997 1005 esse
3048 951 3347 1019 existimet,
3389 972 3502 1010 rem

1935 1037 2241 1100 declarans,
2285 1039 2580 1102 subnectit,
2633 1041 2742 1093 sive
2793 1054 2858 1092 ex
2914 1040 3076 1094 Patre
3141 1057 3234 1110 per
3280 1040 3505 1099 Filium.

1936 1131 2131 1186 Annon
2164 1132 2316 1186 vides
2352 1134 2718 1201 undequaque
2741 1129 3051 1186 Graecorum
3083 1135 3360 1200 doctores,
3401 1151 3506 1189 an-

1938 1220 2170 1290 tiquitus
2221 1237 2328 1275 non
2380 1235 2502 1275 esse
2553 1221 2830 1289 professos
2890 1220 3034 1274 aliud
3071 1261 3087 1284 ,
3136 1238 3299 1290 quam
3361 1226 3506 1294 quod

1934 1329 2079 1369 nunc
2117 1314 2356 1367 Romana
2385 1313 2628 1367 Ecclesia
2656 1311 2974 1381 proﬁtetur?
3019 1312 3507 1371 Verumcnimvero

1934 1412 2276 1473 compertum
2307 1404 2440 1456 milii
2477 1413 2582 1467 est,
2608 1419 2728 1458 eam
2784 1402 3002 1459 Graecos
3052 1403 3327 1470 deridere,
3363 1423 3426 1462 ac
3459 1409 3506 1462 si

1934 1497 2230 1550 secundam
2292 1511 2512 1551 causam
2554 1497 2608 1550 in
2644 1497 2916 1552 Trinitate
2951 1498 3347 1565 intioduceret,
3395 1516 3505 1554 non

1936 1587 2322 1658 intelligentes,
2347 1587 2471 1643 ideo
2500 1587 2580 1641 sic
2597 1587 2803 1642 dictum
2827 1604 2858 1643 a
2884 1589 3162 1644 nonnullis
3179 1607 3244 1644 ex
3277 1593 3502 1658 nostris,

1936 1679 2082 1748 quod
2123 1693 2233 1732 non
2275 1678 2348 1732 ita
2378 1678 2537 1732 facile
2577 1677 2648 1733 sit
2676 1678 2785 1742 alio
2835 1678 3000 1733 modo
3033 1679 3232 1734 similia
3267 1682 3508 1749 eXplica-

1938 1785 2019 1824 re.
2051 1771 2109 1824 In
2140 1770 2304 1824 rebus
2325 1769 2472 1824 enim
2499 1769 2702 1822 divinis
2731 1770 3028 1824 secundam
3053 1787 3271 1827 causam
3307 1773 3504 1829 Filium

1931 1869 2263 1917 asserentes,
2295 1867 2352 1910 ut
2395 1857 2501 1910 vim
2532 1873 2626 1925 per
2654 1859 3059 1926 prchositionis
3089 1861 3501 1929 exhiberemus,

1931 1963 2040 2002 non
2059 1964 2198 2002 eum
2220 1948 2564 2018 concipimus
2593 1964 2622 2002 a
2655 1949 2814 2004 Patre
2843 1949 3132 2018 discisum,
3167 1968 3347 2023 neque
3371 1963 3508 2009 tem-

1933 2055 2089 2109 pore,
2134 2057 2314 2112 neque
2336 2041 2478 2106 loco,
2534 2057 2714 2112 neque
2767 2043 2956 2113 aliquo
3015 2045 3300 2122 quopiam,
3359 2047 3505 2116 quod

1930 2132 2201 2202 quispiam
2243 2132 2656 2203 imaginaretur,
2723 2133 2995 2189 secundas
3046 2135 3352 2204 ferentem,
3409 2141 3504 2193 sed

1930 2225 2075 2292 quod
2097 2238 2434 2292 quascunque
2471 2224 2655 2290 habet,
2685 2239 2714 2278 a
2748 2225 2909 2281 Patre
2968 2225 3155 2293 habet,
3215 2237 3272 2282 et
3320 2229 3504 2299 ipsum

1930 2316 2095 2369 etiam
2121 2329 2262 2370 esse.
2295 2315 2373 2370 Ex
2405 2330 2472 2370 eo
2499 2315 2683 2386 itaque
2706 2317 2965 2386 Spiritus,
3019 2319 3113 2374 sed
3155 2335 3282 2374 eum
3356 2323 3506 2376 Patri

1931 2405 2452 2476 refertacccptum;
2492 2406 2724 2476 ideoque
2766 2424 2831 2462 ea:
2889 2411 3115 2478 proprie
3171 2413 3340 2475 Patri,
3401 2415 3504 2476 ipsi

1933 2512 2025 2566 per
2043 2497 2487 2565 attribuimus,ut
2516 2509 2574 2554 et
2597 2500 3196 2568 primum‘innotescat,
3225 2513 3280 2558 et
3307 2519 3375 2559 ex
3409 2503 3506 2559 Fi-

1930 2589 2007 2644 lio
2035 2603 2155 2644 esse
2184 2605 2293 2644 non
2325 2599 2593 2657 taceatur,
2625 2601 2681 2646 et
2713 2607 2780 2646 ex
2813 2590 2977 2648 Patre
3003 2593 3271 2664 Spiritum
3307 2613 3337 2651 a
3372 2599 3508 2654 Filio

1931 2680 2091 2734 educi
2129 2695 2234 2736 non
2275 2683 2674 2754 supprimatur.
2732 2684 2898 2740 Vides
2951 2702 3062 2756 quo
3117 2700 3276 2760 pacto
3307 2707 3402 2761 per
3452 2705 3507 2748 rt

1931 2772 2137 2828 Filium
2167 2789 2386 2830 causam
2424 2775 2694 2846 propalat,
2717 2787 2773 2832 et
2793 2793 2858 2832 ex
2895 2779 3052 2836 Patre
3086 2782 3352 2851 Spiritum
3375 2785 3510 2840 edu-

1933 2865 1984 2920 ci
2015 2879 2122 2919 non
2148 2866 2380 2921 reticet?

2009 2961 2095 3014 M.
2139 2958 2283 3015 liinc
2323 2971 2378 3016 et
2413 2961 2627 3019 Patrem
2663 2983 2826 3022 unam
2887 2982 3108 3024 causam
3164 2971 3417 3036 dicimus,
3454 2984 3509 3027 ct

1935 3067 2104 3107 unum
2161 3053 2389 3120 fontem,
2429 3066 2485 3110 ct
2513 3060 3008 3128 quemadmodum,
3051 3063 3096 3117 si
3131 3065 3257 3134 quis
3297 3066 3502 3120 dixerit

261 3153 395 3222 μίαν
425 3152 516 3205 καὶ
550 3153 720 3221 μόνην
749 3154 962 3213 ἀκτῖνος
993 3152 1086 3204 καὶ
1120 3153 1296 3220 φωτὸς
1328 3152 1512 3223 πηγὴν
1532 3153 1623 3204 τὸν
1651 3152 1826 3238 ἥλιον,

1939 3161 2104 3200 unum
2140 3146 2429 3217 solumque
2461 3150 2599 3204 radii
2647 3161 2704 3206 et
2761 3153 2990 3208 luminis
3055 3156 3265 3211 fontem
3307 3158 3506 3221 solem,

256 3245 322 3296 οὐ
352 3241 682 3312 ψευδόμενον
714 3239 1086 3309 ἀτελέγξομεν
1105 3257 1118 3270 ·
1148 3238 1269 3292 οὐδὲ
1299 3239 1385 3292 διὰ
1408 3238 1566 3292 τοῦτο
1591 3241 1666 3309 μὴ
1691 3235 1832 3292 εἶναι

257 3332 321 3384 τὸ
366 3332 484 3400 φῶς
531 3335 626 3384 καὶ
672 3336 734 3383 ὲκ
763 3331 862 3399 τῆς
896 3332 1114 3391 ἀκτῖνος
1142 3331 1432 3399 νοήσομεν.
1477 3328 1618 3380 Ἀλλ’
1647 3329 1730 3381 ὄτι
1769 3330 1835 3380 ἐκ

258 3423 354 3475 τοῦ
384 3424 536 3494 ἡλίου
567 3425 597 3492 ἡ
634 3423 788 3484 ἀκτὶς
818 3419 950 3475 οὖσα
987 3421 1198 3473 ἐκεῖθεν
1229 3422 1518 3488 ἐπάγεται,
1556 3424 1646 3473 καὶ
1674 3419 1735 3472 τὸ
1767 3420 1834 3472 δι’

259 3517 433 3585 αὐτῆς
463 3518 711 3585 προϊέναι
737 3516 798 3566 τὸ
819 3513 955 3584 φῶς,
985 3513 1075 3567 διὰ
1104 3513 1266 3568 τοῦτο
1308 3515 1493 3584 πηγὴν
1525 3517 1619 3567 καὶ
1653 3513 1834 3567 αἰτίαν

258 3611 350 3662 τὸν
410 3609 559 3680 ἥλιον
615 3609 820 3679 κυρίως
871 3608 1163 3678 νοήσομεν.
1234 3605 1396 3660 Ἀλλά
1454 3607 1549 3660 καὶ
1593 3607 1684 3660 διὰ
1737 3606 1834 3674 τῆς

260 3705 480 3767 ἀκτῖνος
523 3703 848 3774 προχεῖσθαι
881 3705 1040 3772 φύσει
1073 3703 1134 3778 το
1171 3703 1284 3770 φῶς
1309 3703 1410 3756 οὐκ
1457 3701 1832 3772 ἀρνησόμεθα.

260 3796 365 3849 Τὸ]
397 3797 559 3848 αύτίν
586 3796 789 3865 τρόπον
832 3799 924 3849 καὶ
957 3797 1048 3849 ἐπὶ
1074 3796 1173 3864 τῆς
1197 3795 1428 3865 Τριάδος
1449 3810 1463 3823 ·
1495 3797 1547 3848 εἰ
1583 3812 1667 3852 τις
1706 3795 1836 3863 μίαν

261 3889 467 3956 πηγὴν,
496 3891 590 3939 καὶ
620 3889 750 3957 μίαν
785 3889 967 3942 αἰτίαν
996 3888 1090 3940 τὸν
1120 3889 1337 3958 Πατέρα
1370 3885 1498 3940 Υἰοῦ
1527 3888 1619 3939 καὶ
1667 3885 1838 3939 Πνεύ-

263 3996 434 4048 ματος
458 3980 609 4051 εἴπῃ,
641 3980 701 4032 τὸ
733 3983 824 4033 καὶ
853 3981 917 4031 ὲκ
946 3979 1040 4032 τοῦ
1067 3979 1199 4033 Υίοῦ
1223 3975 1364 4032 εἶναι
1393 3981 1454 4032 τὸ
1484 3979 1710 4047 Πνεῦμα
1736 3979 1838 4031 οὐκ

259 4069 570 4138 ἀναιρήσει.
607 4070 730 4122 Ὅτι
760 4070 818 4122 δὲ
840 4069 1014 4123 ταῦτα
1045 4069 1218 4133 οὕτως
1245 4071 1383 4140 ἔχει,
1416 4071 1581 4124 ἄκουε
1621 4072 1714 4123 καὶ
1743 4068 1837 4121 τοῦ

262 4162 646 4230 παμμεγίστου
673 4161 1156 4226 Βασιλείου,οῧτω
1189 4162 1397 4229 καὶτὸ,
1426 4181 1445 4215 ι
1475 4163 1686 4230 Οὐδεὶς
1713 4159 1840 4217 οἶδε

258 4252 378 4319 τὴν
409 4251 638 4323 ἡμέραν
687 4253 795 4307 τοῦ
840 4251 1078 4318 τέλους,
1127 4255 1314 4323 φησὶν,
1359 4255 1413 4308 ει
1453 4255 1540 4322 μὴ
1575 4259 1608 4308 ό
1638 4255 1841 4321 Πατὴρ

255 4350 466 4418 μόνος,
498 4368 514 4398 ι
556 4349 671 4416 τὴν
704 4345 948 4416 πρώτην
973 4347 1216 4414 ειδησιν
1245 4345 1364 4400 τῶν
1391 4363 1454 4401 τε
1481 4347 1704 4413 ὄντων,
1739 4346 1841 4400 καὶ

261 4440 382 4493 τῶν
435 4440 746 4510 ἐσομένων
774 4439 874 4492 ἐπὶ
913 4439 1021 4492 τὸν
1065 4439 1296 4507 Πατέρα
1341 4438 1676 4508 ἀνάγοντος
1730 4438 1838 4492 τοῦ

259 4533 419 4595 Ποῦ.
462 4532 562 4586 καῖ
606 4531 706 4585 διὰ
738 4532 983 4584 πάντων
1031 4531 1144 4598 τὴν
1185 4529 1426 4598 πρώτην
1464 4531 1665 4584 αἰτίαν
1714 4529 1838 4595 τοῖς
1871 4552 1914 4608 υ

258 4625 594 4692 ἀνθρώποις
622 4625 1154 4689 ὑποδεικνύοντος,
1185 4622 1461 4692 εἰρῆσθαι
1499 4619 1838 4691 νομίζομεν.

263 4721 369 4772 Καὶ
387 4719 576 4772 πάλιν
596 4718 871 4772 τοιοῦτόν
899 4718 1032 4771 ἐστι
1061 4719 1158 4771 καὶ
1192 4717 1281 4781 τὸ,
1311 4736 1328 4768 ι
1353 4715 1564 4780 οὐδεὶς
1591 4715 1714 4768 οἶδε
1737 4715 1841 4767 τὸν

271 4813 411 4865 Υίὸν
427 4814 479 4865 εὶ
503 4813 592 4882 μὴ
629 4810 902 4878 ὀΠατήρ.
933 4829 951 4862 ι
983 4809 1138 4863 Οὐδὲ
1173 4810 1283 4878 γὰρ
1299 4801 1430 4862 ἐκεῖ
1444 4808 1702 4875 ἄγνοιαν
1733 4805 1840 4859 τοῦ

263 4906 614 4974 ΙΙι-εὐματος
659 4901 981 4971 κατηγορεῖ
1017 4904 1049 4955 ὀ
1115 4902 1270 4966 Υἱὸς,
1317 4899 1479 4954 ἀλλὰ
1512 4898 1721 4967 πρώτῳ
1763 4895 1842 4962 τῷ

263 4999 444 5063 Ματρί
479 4997 849 5064 ἐνυπάρχειν
904 4995 1021 5061 τὴν
1061 4993 1291 5062 γνῶσιν
1327 4990 1438 5058 τῆς
1479 4992 1698 5046 ἑαυτοῦ
1731 4991 1842 5060 φύ-

261 5108 415 5154 σεως
441 5090 750 5157 μαρτιφεῖ.
809 5088 906 5141 Ἐκ
933 5085 1064 5154 γοῦν
1091 5086 1294 5137 τούτων
1335 5085 1653 5152 ἐπίστησον,
1687 5085 1759 5146 ὼς
1792 5082 1856 5166 ei!

262 5200 347 5245 τις
383 5184 530 5249 λέγει
568 5183 730 5252 μόνον
776 5181 947 5233 αἴτιον
994 5179 1087 5231 τοῦ
1126 5179 1447 5245 Πνεύματος
1474 5177 1564 5227 τὸν
1600 5176 1838 5243 Πατέρα,

259 5277 365 5327 οὐκ
402 5274 801 5344 ἀναιρήσειίτὸ
845 5273 940 5327 καὶ
975 5274 1038 5323 ὲκ
1071 5270 1166 5324 τοῦ
1205 5269 1338 5322 Υίοῦ
1387 5265 1552 5323 εἶναι.
1605 5267 1681 5321 Τὸ
1732 5269 1842 5337 γὰρ

255 5367 450 5434 μόνος
503 5343 619 5434 τὴν
669 5343 913 5433 πρώτην
971 5365 1171 5417 αἰτίαν
1226 5359 1628 5425 ὐποδεικνύει,
1685 5361 1840 5429 φησι.

265 5462 388 5523 Πῶς
429 5459 522 5513 οὖν
560 5461 618 5526 ἐξ
656 5461 862 5529 ἀμφοῖν
907 5453 1334 5526 λεγομένου.τοῦ
1372 5454 1713 5521 Πνεύματος,
1748 5451 1842 5506 καὶ

262 5556 327 5604 ἐκ
361 5552 570 5620 Πατρὸς
625 5552 694 5604 δι’
748 5550 900 5611 Υῖοῦ,
937 5550 1032 5602 καὶ
1084 5546 1212 5600 Υίοῦ
1260 5545 1511 5616 Πνεῦμα,
1542 5545 1846 5614 ἀμφιδαλεῖ

265 5661 349 5706 τις
388 5644 526 5706 ὅλως
571 5642 695 5696 νοῦν
741 5644 881 5712 ἔχων
917 5643 976 5694 τὸ
1025 5640 1120 5692 καὶ
1175 5641 1235 5692 ὲκ
1271 5637 1365 5692 τοῦ
1412 5636 1542 5691 Υίοῦ
1591 5633 1730 5689 εῐναι
1783 5637 1844 5688 τὸ

268 5737 529 5805 Πνεύμας
588 5737 793 5789 Τούτου
833 5736 1029 5805 ,χάριν
1095 5735 1190 5787 καὶ
1240 5735 1268 5784 6
1323 5731 1466 5794 θεῖος
1530 5729 1840 5799 Κύριλλος,

267 5832 646 5898 Προκὺπτειν
660 5829 793 5898 μὲν,
830 5827 1086 5896 Mysum)
1123 5824 1364 5894 Πνεῦμα
1391 5823 1457 5877 ἐκ
1489 5820 1598 5891 τῆς
1626 5823 1843 5886 οὐσίας

1935 3254 2062 3292 eum
2094 3253 2203 3293 non
2235 3240 2315 3294 uti
2352 3243 2711 3297 mentientem
2767 3245 3177 3302 refutabimus:
3209 3263 3389 3317 neque
3421 3253 3498 3305 ob

1936 3328 1990 3382 id
2023 3345 2089 3383 ex
2124 3331 2280 3385 radio
2307 3331 2635 3388 lumenesse
2667 3350 2776 3388 non
2800 3336 3190 3404 percipiemns.
3229 3339 3335 3394 Sed
3360 3344 3508 3414 quod

1935 3436 2002 3476 ex
2025 3423 2140 3476 sole
2169 3422 2357 3477 radius
2387 3438 2510 3476 cum
2555 3426 2664 3490 sit,
2700 3425 2827 3480 inde
2856 3443 2964 3481 una
3022 3432 3212 3493 trahit,
3247 3441 3306 3486 et
3356 3440 3505 3502 quod

1935 3530 2002 3568 ex
2033 3516 2152 3584 ipso
2177 3514 2364 3570 lumen
2403 3517 2676 3584 prosiliat.
2709 3517 3114 3590 Proptereaque
3175 3522 3383 3578 fontem
3441 3539 3497 3581 et

1935 3620 2157 3660 causam
2189 3606 2362 3660 solem
2397 3607 2618 3676 pr0prie
2652 3608 3043 3680 intelligemus,
3076 3624 3131 3667 et
3158 3629 3257 3682 per
3290 3616 3506 3670 radium

1937 3698 2265 3753 naturaliter
2298 3697 2506 3753 eﬂ‘undi
2542 3700 2752 3767 lumen,
2779 3717 2887 3756 non
2926 3707 3370 3775 pernegabiinus.
3407 3709 3512 3762 Eo-

1939 3790 2064 3845 dem
2099 3791 2260 3844 modo
2285 3800 2341 3845 et
2371 3792 2425 3844 in
2461 3791 2731 3846 Trinitate
2765 3795 3266 3864 philosophandum
3315 3811 3438 3864 est;
3465 3802 3511 3854 si

1938 3884 2062 3950 quis
2092 3899 2259 3937 unum
2293 3883 2522 3949 fontem,
2564 3894 2623 3939 et
2659 3901 2827 3940 unam
2863 3901 3107 3956 causam,
3139 3888 3354 3946 Patrem
3390 3893 3512 3948 Filii

1939 3983 1996 4029 et
2025 3975 2264 4044 Spiritus
2291 3978 2617 4040 asserucrit,
2649 3992 2714 4030 ex
2749 3975 2888 4031 Filio
2939 3979 3211 4047 Spiritum
3244 3998 3370 4039 esse
3407 3987 3510 4040 mi-

1940 4068 2090 4120 nime
2120 4067 2388 4122 destruet.
2434 4069 2502 4122 Et
2546 4069 2662 4123 hinc
2701 4071 2774 4124 ita
2805 4084 2864 4123 se
2926 4070 3134 4127 habere
3190 4075 3390 4132 discito
3447 4097 3513 4134 ex

1940 4162 2176 4214 maximo
2204 4160 2402 4215 Basilio
2431 4180 2446 4216 :
2477 4161 2569 4216 Sic
2589 4170 2637 4214 et
2661 4180 2678 4213 ι
2716 4161 2882 4218 Nemo
2913 4169 3052 4219 novit
3081 4169 3218 4222 diem
3246 4169 3394 4237 finis,
3416 4177 3514 4237 ait.

1943 4253 2041 4305 nisi
2078 4252 2220 4306 solus
2256 4251 2442 4318 Pater,
2483 4272 2502 4305 ›
2537 4254 2765 4322 primam
2797 4271 2975 4308 rerum
3011 4268 3123 4310 tum
3151 4263 3514 4328 presentium,

1942 4355 2050 4397 tum
2084 4345 2393 4414 futurarum
2436 4347 2788 4415 cognitionem
2821 4348 2890 4400 ad
2926 4345 3147 4404 Patrem’
3179 4350 3323 4406 Filio
3379 4356 3515 4423 refe-

1943 4447 2108 4499 rente,
2137 4445 2185 4490 et
2217 4452 2312 4504 per
2359 4439 2543 4491 omnia
2573 4440 2801 4509 primam
2832 4457 3053 4497 causam
3097 4445 3393 4499 hominibus
3429 4449 3516 4500 in-

1941 4527 2167 4592 dicante,
2198 4529 2395 4582 dictum
2423 4545 2530 4583 esse
2567 4531 2864 4597 opinemur.
2902 4534 2972 4587 Et
3004 4551 3215 4589 rursum
3246 4537 3418 4591 simile
3441 4550 3518 4592 est

1945 4627 1994 4671 et
2024 4618 2159 4671 iilud
2193 4635 2212 4672 :
2246 4637 2263 4670 ι
2300 4619 2471 4672 Nemo
2503 4624 2643 4675 novit
2675 4621 2881 4678 Filium
2911 4628 3012 4680 nisi
3051 4626 3211 4681 Pater
3242 4645 3261 4692 ;
3301 4649 3319 4680 ›
3356 4647 3522 4699 neque

1945 4711 2085 4762 enim
2117 4711 2189 4763 ibi
2238 4711 2597 4780 ignorantiam
2631 4713 2861 4784 Spiritui
2926 4719 3186 4788 appingit,
3218 4721 3311 4772 sed
3349 4724 3522 4789 primo

1942 4799 2469 4871 Patriacognitianem
2521 4804 2668 4858 illius
2707 4806 2875 4860 inesse
2910 4818 3118 4863 natura:
3154 4820 3400 4868 testatur.
3456 4813 3522 4865 lit

1946 4895 2032 4948 his
2085 4896 2269 4964 itaque
2327 4893 2556 4960 attente
2594 4901 2908 4965 considera,
2969 4903 3186 4957 etiamsi
3245 4907 3517 4974 quispiam

1944 4988 2167 5053 dixerit,
2225 4989 2402 5042 solum
2441 4990 2657 5046 Patrem
2721 4992 2960 5062 Spiritus
3028 5011 3252 5050 causam
3286 5013 3430 5058 esse,
3467 5012 3523 5053 et

1942 5096 2010 5136 ex
2041 5080 2181 5135 Filio
2205 5096 2331 5135 eum
2363 5096 2488 5137 esse
2526 5100 2636 5136 non
2691 5084 3108 5140 destrueturqu
3144 5105 3157 5140 :
3196 5087 3336 5140 Nam
3380 5091 3522 5143 solus

1946 5174 2175 5242 primaut
2201 5189 2418 5228 causam
2450 5175 2678 5239 indicat,
2710 5177 2808 5229 ait.
2843 5175 3091 5242 Quanam
3153 5179 3325 5249 igitur
3356 5184 3524 5235 ratio-

1945 5277 2038 5326 ne,
2075 5278 2200 5316 cum
2241 5279 2308 5316 ex
2363 5271 2598 5333 utroque
2641 5266 2858 5320 dicatur
2892 5268 3154 5336 Spiritus,
3185 5279 3241 5323 et
3261 5285 3328 5324 ex
3363 5269 3523 5324 Patre

1945 5373 2044 5426 per
2103 5357 2322 5423 Filium,
2391 5368 2448 5413 et
2511 5359 2634 5413 Filii
2695 5359 2953 5429 Spiritus,
2998 5363 3227 5418 haerebit
3294 5367 3523 5419 omnino

1948 5449 2246 5517 quispiam,
2280 5449 2323 5502 si
2355 5451 2630 5518 sapientia
2666 5467 2777 5506 non
2806 5463 3014 5519 careat,
3051 5465 3106 5510 et
3137 5473 3206 5510 ex.
3238 5457 3376 5512 Filio
3403 5459 3527 5526 Spi-

1949 5548 2115 5595 ritum
2145 5543 2311 5597 esse?
2340 5543 2511 5615 llujus
2534 5545 2710 5613 gratia
2745 5556 2800 5598 et
2830 5545 3055 5603 divinus
3078 5548 3340 5619 Cyrillus,
3367 5549 3528 5604 Exsi-

1949 5634 2068 5697 lire,
2100 5634 2488 5704 ait,.Spiritum
2519 5653 2588 5689 ex
2612 5640 2840 5691 essentia
2887 5638 2985 5691 Dei
3016 5652 3064 5692 et
3087 5639 3292 5702 Patris,
3331 5643 3526 5712 effundi

1949 5740 2068 5777 sero
2100 5725 2228 5785 illis,
2260 5726 2349 5793 qui
2395 5742 2513 5779 eum
2538 5743 2776 5798 σπείρει-ε
2806 5731 2951 5800 digni
2978 5740 3122 5795 sunt,
3153 5750 3246 5802 per
3285 5733 3527 5799 Verbum,

1950 5820 2181 5888 ejusdem
2213 5836 2329 5874 cum
2375 5833 2696 5880 conatum.
2763 5823 3004 5893 Spiritus
3030 5841 3161 5891 ergo
3227 5844 3294 5883 ex
3353 5829 3531 5883 Patris
