3902 6208
262 371 367 434 7.¹1

1226 369 1320 429 DE
1356 367 1872 428 l‘RCCESSlONE
1914 367 2273 428 SPl-Rl'l‘US
2313 366 2608 427 SANCTI.
3421 367 3528 433 798

264 493 331 546 ἄν
377 505 460 550 τις
505 488 868 556 συναρμόσειε.
911 486 971 538 τὸ
1002 485 1098 538 καὶ
1145 485 1322 537 αίτιον
1377 481 1520 536 εἶναι
1565 483 1727 552 μόνον
1752 483 1846 537 τὸν

1957 498 2070 538 sam
2119 499 2239 539 esse
2271 483 2452 539 solum
2511 484 2756 544 Patrem,
2816 491 2984 552 atque
3017 481 3088 537 ob
3151 480 3203 535 id
3259 479 3526 551 Spiritum

266 581 510 650 Πατέρα,
540 579 633 631 καὶ¹
669 578 861 630 τούτου
895 577 1056 648 χάριν
1085 569 1376 647 ὀμοοῦσιον
1410 577 1470 629 τὸ
1513 575 1736 645 Πνεῦμα
1766 576 1845 646 τῷ

263 674 402 744 Υίῷ,
430 675 514 726 ὅτι
552 673 770 742 πρόεισι
804 670 871 723 δι’
896 668 1085 735 αὑτοῦ,
1130 671 1206 740 μὴ
1235 668 1448 723 τοιοῦτό
1489 685 1544 722 τι
1582 669 1846 739 σημαινό-

267 785 427 837 μενον
458 763 553 818 τοῦ
602 762 780 816 αἰτίου
826 762 1142 832 λαμὸάνον;
1190 762 1483 832 Τέταρτον,
1536 763 1713 814 ἐκεῖνο
1749 779 1846 833 ση-

265 859 446 929 μειοῦ,
495 859 578 910 ὅτι
633 853 870 916 αἰωνίως
920 854 1209 917 ἁπολύτως
1255 855 1351 908 καὶ
1378 855 1519 924 ὑπὲρ
1567 855 1749 908 αἰτίαν
1778 855 1846 909 δι’

264 952 396 1004 Υῐοῦ
419 952 479 1003 τὸ
503 947 749 1017 Πνεῦμα.
771 947 833 1000 Ei
851 948 959 1015 γὰρ
977 947 1213 1010 αἰωνίως
1233 947 1521 1016 ὀμοούσιον
1543 945 1602 999 τὸ
1622 947 1848 1016 Πνεῦμα

258 1045 342 1116 τῷ
377 1045 511 1112 Υἱῷ,
555 1041 748 1096 ἔστιδ’
797 1039 1112 1108 ὀμοούσιον,
1142 1040 1224 1092 ὅτι
1271 1039 1341 1093 δι’
1395 1039 1581 1103 αὐτοῦ,
1613 1041 1846 1104 αἰωνίως

261 1139 372 1204 ἄρα
402 1136 472 1189 δι’
519 1134 710 1198 αὑτοῦ,
765 1133 862 1186 καὶ
894 1132 954 1184 ού
1013 1131 1154 1184 κατὰ
1186 1131 1526 1201 περίστασιν,
1567 1130 1642 1194 ὡς
1689 1130 1849 1200 ληρεῖ

261 1229 480 1291 Νεῖλος.
519 1226 663 1294 Πρὸς
709 1225 923 1286 τούτοις
957 1225 1123 1276 πᾶσιν
1157 1223 1334 1276 ἐκεῖνό
1381 1240 1438 1276 σε
1474 1225 1550 1293 μὴ
1583 1224 1845 1294 διαφύγῃ,

213 1357 220 1368 .
258 1321 288 1374 ὃ
321 1318 682 1390 παρακατιὼν
712 1320 741 1371 6
767 1317 1040 1388 μακάριος
1070 1316 1322 1384 Μάξιμος
1350 1355 1365 1380 ,
1393 1315 1505 1370 Καὶ
1534 1312 1702 1372 οὗτοι
1731 1317 1848 1385 μὲν

259 1414 486 1479 ταῦτα,
545 1413 736 1482 φησὶν,
783 1409 938 1478 ὑπὲρ
1001 1403 1090 1463 ὧν
1136 1408 1358 1473 ἀδίκως
1399 1408 1843 1477 ἐνεκλήθησαν.

272 1506 518 1568 Ἀκούεις
549 1504 673 1557 τίνα
709 1504 895 1574 κρίσιν
940 1501 1082 1556 κατὰ
1116 1501 1372 1571 Γραικῶν
1399 1501 1662 1571 ἐκφέρεις
1710 1501 1846 1553 ’Δδί-

259 1617 400 1662 κως,
461 1598 652 1667 φησὶν,
705 1598 846 1665 ὑπὲρ
901 1596 1106 1648 τούτων
1153 1593 1486 1647 ἐνεκάλεσαν
1544 1593 1670 1656 τοὺς
1707 1592 1846 1646 Ῥω-

263 1691 461 1760 μαίους
488 1691 536 1743 οί
567 1689 666 1758 τῆς
692 1688 1134 1750 Κωνσταντίνου,
1168 1688 1262 1739 καὶ
1290 1686 1389 1755 οὐχ
1419 1686 1446 1738 6
1474 1684 1630 1751 ἅγιος
1660 1684 1843 1754 μόνον,

259 1784 400 1837 ἀλλὰ
458 1784 555 1836 καὶ
605 1781 764 1835 αὐτοὶ
820 1781 871 1834 oi
917 1778 1315 1846 ἐγκαλέσαντες
1362 1776 1682 1841 πεισθέντες
1735 1779 1847 1840 τοῖς

1949 575 2198 646 ejusdem
2231 585 2440 629 natura:
2467 589 2590 629 esse
2624 588 2751 628 cum
2781 573 2942 636 Filio,
2974 573 3124 643 quod
3156 573 3380 644 prosilit
3431 591 3531 646 per

1951 666 2158 736 ipsum,
2193 680 2302 720 non
2342 665 2580 721 similem
2619 680 2800 720 causa:
2845 665 3218 736 signiﬁcatum
3277 680 3530 736 compre-

1949 757 2244 813 henderis?
2271 755 2538 823 Quartum
2565 756 2702 811 illud
2735 757 2969 823 colloca,
2999 756 3148 825 quod
3203 757 3275 811 ab
3321 767 3532 836 αξιοι-ιιι)

1949 849 2225 914 absolute,
2258 858 2314 905 et
2347 864 2515 918 supra
2546 864 2766 904 omnem
2799 865 3022 905 causam
3056 864 3154 918 per
3177 848 3376 903 Filium
3407 848 3532 918 Spir

1956 942 2098 996 ritus
2128 951 2234 997 est.
2283 943 2419 996 Nam
2453 943 2499 997 si
2533 942 2785 1013 ejusdem
2829 950 3038 995 natura:
3098 949 3184 995 est
3217 954 3342 994 cum
3390 941 3533 995 Filio

1953 1035 2195 1106 Spiritus
2226 1036 2296 1090 ab
2324 1047 2561 1102 :eterno,
2600 1046 2654 1090 et
2679 1043 2764 1090 est
2801 1035 3050 1113 ejusdem
3112 1043 3344 1097 naturae,
3378 1034 3530 1102 quod

1952 1145 2054 1200 per
2088 1131 2265 1198 ipsum
2300 1139 2406 1185 est.
2444 1130 2526 1185 Ab
2557 1138 2770 1185 aeterno
2841 1130 3011 1200 igitur
3066 1144 3164 1198 per
3216 1129 3418 1196 ipsum,
3474 1139 3530 1182 et
3563 1159 3574 1164 -

1951 1239 2063 1278 non
2089 1223 2399 1279 secundum
2432 1223 2934 1288 circumstantiam,
2967 1232 3026 1277 ut
3061 1222 3221 1277 Nilus
3272 1221 3529 1276 blaterat.

1953 1317 2161 1372 Praeter
2191 1319 2307 1372 haec
2335 1319 2524 1372 omnia
2561 1317 2696 1372 illud
2725 1332 2947 1386 quoque
2986 1331 3054 1371 ne
3081 1325 3132 1372 te
3158 1316 3350 1385 fugiat,
3382 1315 3530 1385 quod

1951 1410 2258 1464 orationem
2287 1425 2631 1480 prosequens
2662 1410 2853 1464 beatus
2893 1408 3162 1463 Maximus
3193 1407 3386 1462 subdit
3416 1425 3430 1462 :
3458 1407 3531 1461 Et

1950 1502 2035 1554 hic
2063 1503 2272 1571 quidem
2299 1505 2429 1567 lucc,
2462 1503 2559 1565 ait,
2593 1502 2656 1555 de
2686 1502 2874 1569 quibus
2903 1502 3100 1572 injuste
3127 1500 3362 1554 accusati
3383 1510 3530 1554 sunt.

1949 1593 2125 1648 Audis
2154 1610 2319 1664 quam
2355 1594 2451 1649 ille
2508 1594 2618 1649 fert
2651 1595 2705 1648 in
2740 1594 2961 1651 Graecos
2999 1593 3380 1650 sententiam?
3439 1595 3526 1645 ln-

1944 1687 2117 1757 juste,
2135 1688 2232 1754 ait,
2256 1688 2324 1741 de
2345 1687 2430 1741 his
2447 1687 2724 1744 Romanos
2754 1690 3030 1744 criminati
3059 1699 3189 1743 sunt
3216 1690 3364 1744 cives
3387 1688 3534 1744 Con-

1951 1778 2478 1847 stantinopolitani;
2512 1793 2692 1847 neque
2726 1789 2951 1833 sanctus
2993 1779 3368 1842 solummodo,
3428 1779 3526 1833 sed

271 1877 595 1945 Ῥωμαίοις.
637 1875 911 1944 ’Υστερον
940 1875 1050 1942 γὰρ
1080 1873 1142 1927 οὐ
1185 1873 1368 1945 μικρῷ
1412 1874 1474 1927 τὸ
1508 1874 1714 1945 σχίσμα
1747 1871 1842 1925 τοῦ

1957 1872 1986 1925 ii
2017 1871 2119 1940 ipsi
2155 1872 2321 1926 etiam
2349 1873 2441 1942 qui
2474 1871 2762 1926 criminati
2787 1872 3026 1936 fuerant,
3064 1887 3094 1926 a
3123 1873 3385 1928 Romanis
3407 1887 3529 1941 per-

259 1970 409 2022 θείου
455 1968 736 2036 Μαξίμου.
788 1965 1027 2034 Λέγουσι
1071 1965 1128 2019 δὲ
1173 1967 1223 2018 oi
1267 1966 1528 2036 Ῥωμαῖοι
1570 1967 1673 2019 οὐκ
1717 1963 1846 2018 ἄλλο

262 2061 430 2132 μέχρι
465 2062 567 2129 τῆς
605 2062 870 2131 σήμερον,
899 2060 933 2130 ἢ
963 2059 1102 2130 ὅπερ
1148 2060 1290 2124 τότε,
1327 2059 1438 2111 οὐδ’
1480 2059 1656 2122 ἄλλως
1686 2056 1848 2111 τοῦτο

259 2154 294 2223 ἢ
331 2153 407 2217 ὡς
444 2154 568 2208 τότε
604 2151 842 2207 νοοῦσιν.
887 2152 1113 2215 Ἀδίκως
1146 2152 1254 2223 ἄρα
1290 2151 1394 2205 ὑπὸ
1424 2153 1586 2222 κριτῇ
1615 2150 1690 2220 τῷ
1718 2149 1848 2218 θείῳ

259 2247 507 2318 Μαξίμῳ
557 2248 652 2300 καὶ
703 2248 815 2309 τοῖς
862 2245 990 2299 τότε
1042 2245 1137 2299 καὶ
1187 2246 1431 2316 σήμερον
1484 2241 1846 2312 ἐγκαλοῦνται

258 2341 418 2413 παρὰ
443 2339 536 2394 σοῦ
573 2339 668 2394 καὶ
693 2338 802 2392 τῶν
835 2338 967 2392 σῶν.

343 2612 441 2669 ις’.
472 2604 532 2656 El
563 2603 620 2657 δὲ
657 2601 807 2670 λέγει
853 2599 1049 2662 Νεῖλος
1095 2599 1176 2664 τὸ,
1228 2597 1395 2667 ἡμῖν,
1448 2595 1847 2667 προσκείμενον

261 2703 334 2769 τῇ
372 2699 431 2762 ἐξ
476 2696 608 2751 Υἰοῦ
647 2696 803 2766 χύσει
835 2693 928 2747 τοῦ
961 2691 1281 2762 Πνεύματος
1309 2690 1408 2760 τὴν
1452 2689 1715 2760 δευτέραν
1748 2706 1847 2757 ση-

265 2793 482 2862 μαίνειν
536 2789 768 2861 πρόοδον
795 2802 812 2818 ⁸
851 2786 1068 2856 πρῶτον
1133 2785 1231 2854 μὲν
1285 2786 1420 2839 ίστω
1475 2781 1692 2846 πολλοῖς
1739 2783 1848 2835 τῶν

268 2886 443 2952 ἁγίων
469 2885 723 2956 εἰρῆσθαι
751 2881 921 2952 χωρίς
944 2896 1090 2943 τινος
1125 2880 1524 2950 περιστάσεως,
1553 2877 1848 2948 προσώπου

261 2977 432 3044 λέγω,
469 2974 501 3046 ἢ
533 2975 750 3045 χρόνου,
793 2973 825 3043 ἢ
859 2971 1065 3035 αἰτίας,
1099 2973 1194 3024 καὶ
1242 2969 1351 3022 τῶν
1383 2968 1644 3024 τοιούτων
1673 2969 1848 3039 ἐκχεῖ-

265 3068 398 3121 σθαί
427 3083 487 3120 τε
543 3067 640 3120 καὶ
686 3063 1083 3136 ἐκπορεύεσθαι
1127 3062 1197 3116 δι’
1231 3063 1363 3116 Υἰοῦ
1397 3062 1457 3115 τὸ
1502 3061 1748 3132 Πνεῦμα.
1787 3063 1847 3114 Εἰ

1950 1964 2131 2032 suasi;
2160 1978 2286 2018 nam
2317 1979 2426 2018 non
2467 1963 2642 2017 multo
2671 1973 2795 2032 post
2821 1964 2996 2019 divini
3041 1965 3258 2019 Maximi
3291 1967 3526 2022 schisma

1949 2063 2206 2108 exortum
2238 2063 2344 2110 est.
2380 2053 2551 2109 Aiunt
2609 2069 2776 2124 porro
2807 2053 3040 2109 Romani
3097 2056 3163 2109 ad
3206 2055 3354 2109 hunc
3383 2054 3527 2109 diem

1952 2161 2061 2200 non
2096 2145 2244 2201 aliud
2288 2162 2454 2216 quam
2502 2147 2648 2218 quod
2682 2156 2798 2202 tum
2831 2147 3118 2218 temporis,
3174 2163 3354 2216 neque
3387 2163 3536 2201 nunc

1951 2240 2064 2293 alio
2096 2239 2262 2293 modo
2309 2255 2474 2304 quam
2530 2250 2646 2295 tum
2697 2257 2813 2295 rem
2849 2242 3021 2311 ipsam
3075 2241 3413 2312 intelligunt.
3451 2242 3539 2296 ln-

1947 2331 2095 2399 juste
2119 2329 2308 2399 igitur,
2334 2330 2542 2399 divino;
2572 2331 2808 2385 Maximo
2851 2331 3061 2401 judice,
3089 2340 3145 2384 et
3174 2333 3242 2384 ab
3278 2331 3535 2384 homini—

1953 2422 2056 2475 bus
2105 2438 2172 2477 eo
2203 2423 2304 2478 arvi
2339 2432 2397 2478 et
2457 2439 2609 2478 nunc
2639 2424 2978 2488 viventibus,
3019 2431 3074 2477 et
3130 2437 3158 2474 a
3205 2432 3257 2475 te
3314 2423 3536 2493 tuisque

1953 2531 2048 2571 acc
2056 2533 2085 2569 ll
2095 2531 2190 2571 san
2201 2526 2256 2572 ιιι
2265 2533 2312 2572 1⁵.

2026 2610 2108 2664 l6.
2144 2610 2299 2676 Quod
2331 2611 2375 2666 si
2399 2611 2555 2666 Nilus
2581 2621 2813 2677 asserat,
2840 2611 3020 2676 Nobis,
3057 2611 3332 2666 adnexum
3367 2611 3539 2681 Spiri-

1955 2711 2044 2755 tus
2079 2703 2334 2757 σθ’υείοηί
2371 2719 2437 2757 ex
2477 2704 2623 2758 Filio
2655 2705 2959 2759 secundum
3011 2721 3359 2776 progressum
3396 2709 3538 2762 indi-

1953 2809 2077 2848 care
2116 2811 2130 2847 :
2159 2797 2296 2849 sciat
2333 2797 2570 2864 primum
2602 2812 2630 2850 a
2661 2798 2936 2866 plerisque
2982 2800 3189 2854 sanctis
3211 2803 3538 2869 pronuntiaa

1957 2896 2071 2940 tum
2135 2887 2306 2943 fuisse
2369 2891 2578 2959 absque
2614 2891 2722 2944 ulla
2783 2890 3218 2957 circumstantia,
3267 2908 3534 2960 personm,

1957 2979 2202 3048 inquam,
2229 2982 2515 3050 temporis,
2549 2997 2746 3045 causae,
2803 2990 2858 3035 et
2892 2981 3184 3050 similium,
3215 2984 3428 3038 cll‘undi
3485 2995 3538 3038 rt

1957 3071 2261 3141 procedere
2286 3072 2553 3142 Spiritum
2588 3088 2686 3142 per
2713 3072 2938 3127 Filium.
2988 3072 3146 3140 Quod
3181 3075 3226 3129 si
3260 3075 3404 3146 apud
3439 3077 3540 3130 ali-

262 3163 329 3215 at
367 3161 457 3214 καί
481 3177 590 3213 τισι
616 3160 676 3212 τὸ
707 3159 853 3228 ἡμῖν
893 3159 1202 3230 πρόκειται,
1246 3157 1308 3211 οὗ
1341 3156 1476 3210 διότι
1504 3157 1638 3226 ⁴ιῖιμίν
1661 3158 1690 3208 6
1721 3156 1846 3219 Υἱὸς

1957 3178 2095 3232 quos
2124 3162 2257 3217 illud
2306 3165 2453 3216 nobis
2490 3162 2809 3232 apponitur,
2869 3178 2979 3217 non
3035 3173 3330 3234 propterea
3389 3169 3535 3236 quod

262 3254 334 3307 τὸ
370 3252 590 3322 Πνεῦμα
622 3253 882 3321 πηγῶζει,
926 3250 1016 3304 διὰ
1059 3249 1218 3304 τοῦτο
1247 3249 1371 3303 οὐδὲ
1408 3247 1732 3321 προϐάλλει,
1760 3247 1849 3302 διὰ

1957 3253 2126 3308 Filius
2161 3253 2424 3324 Spiritum
2458 3253 2618 3308 nobis
2641 3255 2912 3309 scaturire
2932 3254 3082 3320 facit,
3117 3257 3240 3312 ideo
3273 3274 3380 3312 non
3409 3275 3540 3329 pro-

262 3346 433 3401 τοῦτο
485 3347 574 3398 καὶ
608 3346 740 3415 ἡμῖν
796 3343 1061 3414 πηγὰζει.
1099 3344 1304 3396 Ἀκουε
1351 3340 1409 3394 δὲ
1444 3341 1541 3394 καὶ
1571 3340 1846 3410 Κυρίλλου

261 3443 332 3495 ὲν
358 3439 436 3509 τῷ
462 3439 596 3512 πρὸς
641 3437 868 3508 βασιλέα
899 3435 1180 3490 Θεοδόσιον
1211 3434 1358 3505 λόγῳ
1385 3450 1398 3463 ·
1432 3431 1517 3498 Τῷ
1557 3432 1684 3496 ἰδίῳ
1724 3435 1852 3487 λοισ-

260 3535 410 3599 πεῖν,
440 3535 594 3604 φησι,
628 3533 932 3602 καταχρίει
966 3532 1285 3601 Πνεύματι,
1334 3529 1479 3598 ὅπερ
1506 3529 1715 3597 ἐνίησι
1734 3528 1852 3597 μὲν

260 3628 451 3693 αὐτὸς
499 3627 580 3692 ὡς
604 3627 674 3679 ἐκ
727 3625 876 3679 Θεοῦ
921 3623 1155 3692 Πατρός
1205 3623 1419 3692 Λόγος,
1466 3620 1565 3676 καὶ
1595 3621 1664 3684 ἐξ
1696 3619 1850 3686 ιδίας

261 3715 824 3789 ήμῒικάναπητάζει
866 3717 1130 3787 φύσεως.
1165 3715 1238 3768 Τὸ
1281 3714 1338 3767 δὲ
1387 3715 1452 3768 ἑκ
1492 3713 1591 3783 τῆς
1632 3711 1850 3780 φύσεως

267 3811 619 3884 πηγάςεσθαι
653 3813 749 3865 τοῦ
776 3811 931 3870 Υίοῦ.
965 3810 1041 3873 ὼς
1072 3809 1173 3880 ἤδη
1216 3808 1512 3872 δέδεικται,
1544 3804 1696 3859 οὐδὲν
1718 3803 1848 3856 ἄλλο

264 3909 420 3960 ἐστὶν
449 3907 499 3959 εἰ
535 3905 612 3977 μὴ
657 3906 718 3960 τὸ
752 3907 816 3959 ὲκ
863 3909 962 3976 τῆς
989 3905 1360 3958 ἔνυποστάτου
1417 3901 1635 3970 φύσεως
1680 3898 1849 3954 αὐτοῦ

268 3997 640 4068 πηγάζεσθαι.
682 3999 741 4050 Εἰ
775 3997 824 4050 δ’
856 3997 1051 4061 οὕτως,
1103 3995 1314 4048 ἐκεῖθεν
1368 3993 1478 4062 ἄρα
1509 3992 1628 4060 ἔχει
1657 3991 1760 4058 ¹καὶ
1789 3988 1851 4041 τδ

265 4087 436 4146 εἶναι.
483 4089 574 4154 Ἐξ
601 4083 678 4144 ὧν
728 4088 974 4158 εὔδηλον,
1005 4089 1054 4140 εἰ
1095 4088 1172 4156 μή
1219 4102 1322 4139 που
1374 4083 1518 4137 ἑκὼν
1558 4081 1848 4152 τνιρλὼττῃ

264 4202 375 4249 τις,
406 4185 487 4237 ὅτι
518 4185 657 4252 ἡμῖν
685 4181 922 4252 πηγάζει
953 4183 980 4234 6
1011 4180 1135 4242 Υίδς
1165 4179 1226 4231 τὸ
1264 4178 1506 4246 Πνεῦμα,
1545 4175 1639 4229 καὶ
1667 4175 1735 4229 τὰ
1758 4175 1851 4228 τοῦ

265 4278 591 4344 Ιινεύματος
622 4275 966 4343 χαρίσματα,
1001 4271 1141 4326 διότι
1167 4270 1230 4322 τὸ
1264 4269 1323 4322 ὲν
1375 4269 1518 4338 ἰδικῇ
1551 4267 1851 4322 ὑποστάσει

272 4367 498 4437 Πνεῦμα
529 4366 772 4435 φυσικῶς
804 4351 934 4434 παρ³
965 4363 1154 4418 αὑτοῦ.
1187 4361 1262 4414 Οὐ
1293 4361 1402 4430 γὰρ
1425 4361 1639 4423 ἕπεται,
1669 4357 1853 4421 καθὼς

267 4461 511 4530 εἴρηται,
549 4461 708 4527 εἰπερ
744 4459 808 4510 ἐκ
868 4455 963 4509 τοῦ
1002 4455 1130 4508 Υἰοῦ
1174 4457 1242 4508 τὰ
1286 4454 1380 4506 τοῦ
1413 4453 1734 4523 Πνεύματος
1771 4455 1856 4524 ῥεῖ

1907 3545 1910 3548 ’
1953 3529 2326 3585 Theodosium
2374 3532 2710 3588 scribentem
2755 3551 2772 3589 :

1958 3345 2131 3407 ducit,
2158 3345 2252 3398 sed
2286 3346 2415 3414 quia
2437 3345 2716 3414 producit,
2741 3346 2866 3401 ideo
2896 3348 3056 3402 nobis
3083 3351 3353 3407 scaturire
3385 3352 3536 3408 facit.

1951 3437 2178 3492 Audisis
2238 3436 2525 3508 Cyrillum,
2588 3438 2644 3493 in
2683 3438 2946 3496 Oratione
3007 3441 3076 3496 ad
3145 3443 3534 3512 imperatorem

2828 3533 3054 3607 Propria
3102 3539 3369 3609 deinceps,
3435 3543 3531 3606 ait,

1951 3627 2159 3694 iuuugit
2194 3625 2420 3696 Spiritu,
2462 3644 2616 3698 quem
2655 3629 2766 3698 ipse
2816 3630 3010 3685 emittit
3040 3631 3197 3686 veluti
3231 3624 3326 3686 Dei
3360 3634 3536 3689 Patris

1958 3715 2199 3781 Verbum,
2233 3729 2280 3770 et
2313 3733 2379 3770 ex
2429 3735 2530 3773 sua
2570 3720 2720 3774 nobis
2760 3725 3027 3776 scaturire
3055 3723 3183 3794 facit
3217 3736 3435 3781 natura.
3467 3729 3536 3781 At

1951 3824 2019 3863 ex
2060 3819 2253 3863 natura
2283 3809 2405 3864 Filii
2461 3814 2761 3873 scaturire,
2799 3823 2858 3868 ut
2897 3829 3062 3885 supra
3094 3817 3536 3874 demonstratmn

1953 3911 2060 3966 est,
2094 3901 2232 3958 nihil
2287 3904 2437 3959 aliud
2474 3917 2558 3961 est
2597 3906 2702 3961 nisi
2745 3923 2812 3962 ex
2845 3918 3038 3964 natura
3071 3911 3218 3966 illius
3251 3914 3305 3968 in
3366 3916 3542 3987 hypo-

1954 3997 2088 4048 stasi
2123 3995 2414 4049 scaturire.
2449 3995 2506 4049 id
2544 3997 2588 4050 si
2612 3997 2683 4050 ita
2716 4007 2820 4068 est,
2856 3998 2981 4054 inde
3023 4015 3152 4072 ergo
3187 4019 3411 4072 prorsus
3442 4008 3538 4061 ita-

1956 4085 2070 4148 bct,
2109 4085 2254 4165 quod
2313 4085 2406 4140 sit.
2442 4085 2654 4152 Quibus
2712 4088 2834 4142 luce
2871 4090 3074 4144 clarius
3131 4101 3234 4159 est,
3271 4096 3376 4149 nisi
3414 4101 3550 4165 quis

1958 4178 2149 4231 volens
2187 4177 2466 4243 caecutiat,
2502 4178 2666 4232 nobis
2700 4179 2955 4234 emittere
2986 4180 3184 4235 Filium
3241 4183 3538 4253 Spiritum,

1957 4279 2013 4324 et
2043 4270 2283 4340 Spiritus
2336 4285 2587 4335 munera,
2622 4273 2768 4342 quod
2807 4274 3050 4342 Spiritus
3086 4275 3158 4330 sit
3223 4278 3274 4330 in
3311 4281 3546 4349 speciali.

1960 4365 2240 4436 ltypOStasi
2276 4367 2603 4422 naturaliter
2629 4384 2692 4422 ex
2726 4370 2862 4439 ipso.
2882 4369 3072 4440 Neque
3095 4372 3240 4426 enim
3265 4375 3536 4443 sequitur,

1961 4467 2020 4511 ut
2063 4457 2322 4522 diximus,
2352 4459 2395 4512 si
2430 4475 2496 4512 ex
2531 4457 2670 4513 Filio
2719 4459 2964 4535 Spiritus
2996 4477 3224 4518 munera
3286 4466 3538 4529 ellluunt,

267 4551 614 4622 χαρίσματα,
653 4549 812 4603 ἅτινα
843 4548 938 4600 καὶ
990 4546 1255 4614 δευτέραν
1281 4544 1512 4612 πρόοδον
1538 4543 1690 4612 λέγει
1722 4544 1850 4597 Νετ-

1960 4565 2082 4620 quae
2109 4559 2164 4604 et
2197 4550 2504 4604 secundum
2535 4567 2890 4624 progressum
2929 4557 3135 4609 vocitat
3191 4557 3372 4620 Nilus,
3431 4576 3538 4613 non

269 4649 385 4706 λος,
424 4641 501 4712 μὴ
527 4640 831 4711 ἐκκεῖσθαι,
864 4639 984 4709 ἤτοι
1017 4637 1416 4706 ἐκπορεύεσθαι
1455 4635 1588 4706 παρ’
1641 4637 1852 4689 ἐκείνου

266 4738 332 4792 τὸ
364 4736 611 4804 Πνεῦμα.
665 4733 994 4787 Τούναντίον
1040 4730 1084 4783 6‘
1113 4731 1282 4793 ἅπαν,
1317 4729 1505 4800 ἐπειδὴ
1550 4729 1683 4798 παρ’
1711 4730 1856 4781 ὲκεί-

266 4850 366 4884 νου
421 4827 784 4898 ἐκπορεύεται
812 4826 874 4878 τὸ
901 4823 1146 4894 Πνεῦμα,
1180 4823 1311 4896 παρ’
1356 4825 1570 4878 ἐκείνου
1602 4823 1855 4895 χορηγεῖ-

271 4943 367 4978 ται
408 4925 500 4976 καὶ
549 4921 617 4975 τὰ
647 4919 987 4992 χαρίσματα,
1036 4921 1130 4972 καὶ
1167 4921 1226 4972 τὸ
1275 4919 1521 4988 φυσικῶς
1572 4921 1681 4990 ἄρα
1722 4919 1856 4988 παρ’

278 5019 492 5071 ἐκείνου
506 5013 861 5087 χορηγεῖσθαι
891 5011 1128 5075 αἰωνίως
1153 5013 1268 5067 ἐστὶ
1285 5011 1663 5083 χορηγεῖσθαι,
1684 5013 1776 5065 καὶ
1793 5011 1854 5063 ού

274 5109 415 5176 πρός
440 5125 613 5172 τινας,
636 5106 670 5176 ἢ
695 5106 816 5160 κατ’
841 5106 1046 5171 αἰτίαν,
1062 5103 1138 5166 ὡς
1163 5103 1358 5156 οἴεταιο
1379 5103 1492 5156 ἀλλ’
1512 5101 1702 5173 ὥσπερ
1723 5103 1788 5156 ἂν
1808 5104 1860 5154 εί

269 5218 357 5263 τις
374 5201 493 5270 θείη
511 5201 732 5254 αἰώνιον
753 5195 894 5251 εἶναι
928 5199 1022 5250 καὶ
1049 5197 1157 5267 πρὸ
1186 5197 1286 5265 τῆς
1323 5196 1556 5258 κτίσεως
1575 5197 1665 5249 τὸν
1682 5197 1856 5266 ἥλιον,

269 5287 342 5362 ἦν
378 5291 445 5346 ἂν
476 5293 572 5346 καὶ
603 5290 711 5360 πρὸ
732 5289 828 5344 τοῦ
860 5287 1113 5356 γενέσθαι
1141 5291 1210 5340 τὰ
1233 5287 1415 5340 πάντα
1450 5287 1512 5340 τὸ
1542 5289 1658 5356 φῶς
1687 5287 1855 5340 αὑτοῦ

270 5384 363 5436 διὰ
395 5383 496 5450 τῆς
539 5383 758 5444 ἀκτῖνος
788 5380 1096 5442 ἀπολύτως,
1134 5377 1238 5431 καὶ
1269 5378 1368 5448 οὐχ
1404 5379 1539 5448 ἡμῖν
1565 5394 1581 5410 ο
1614 5381 1771 5449 ἡμῶν
1802 5381 1859 5433 δὲ

273 5473 607 5530 κτισθέντων
636 5472 906 5544 λάμψιιεν
930 5472 998 5526 ἂν
1029 5473 1122 5524 καὶ
1147 5472 1302 5542 ἡμῖν.
1334 5470 1495 5526 Οὕτω
1521 5473 1618 5527 καὶ
1644 5473 1738 5526 ἐπὶ
1763 5472 1856 5524 τοῦ

271 5566 532 5637 ἀληθινοῦ
594 5565 765 5638 ἡλίου.
827 5565 1074 5637 Πηγάζει
1122 5565 1223 5635 μὲν
1270 5566 1299 5618 6
1351 5564 1478 5628 Υίδς
1531 5565 1766 5627 αἰωνίως
1799 5565 1860 5618 τὸ

274 5664 502 5734 Πνεῦμα
541 5663 617 5726 ὡς
654 5662 810 5728 ίδιον,
837 5661 938 5732 τῆς
984 5661 1218 5725 κτίσεως
1262 5660 1318 5714 δὲ
1351 5659 1648 5730 γενομένης
1682 5660 1861 5730 πηγά-

274 5759 358 5821 ζει
410 5760 506 5810 καὶ
535 5759 601 5826 τῇ
634 5755 831 5810 κτίσει.
868 5755 959 5819 Ἐξ
1007 5755 1176 5807 αὐτοῦ
1235 5755 1362 5824 γὰρ,
1396 5754 1426 5824 ἤ
1484 5753 1552 5805 δι’
1599 5754 1764 5807 αὐτοῦ
1799 5754 1857 5806 ὂν

275 5853 501 5919 φωτίζει
558 5854 706 5921 ἡμᾶς
746 5851 806 5904 τὸ
860 5851 1045 5920 νοερὸν
1089 5850 1223 5918 φῶς.
1277 5850 1383 5903 Καὶ
1422 5847 1565 5902 οὕτω
1596 5848 1856 5918 δευτέραν

1963 4643 2167 4698 edundi
2197 4658 2375 4713 neque
2394 4645 2692 4714 procedere
2724 4663 2789 4701 ex
2819 4663 2882 4700 ea
2907 4647 3192 4718 Spiritum.
3226 4651 3340 4705 lmo
3366 4660 3538 4706 totum

1961 4735 2314 4803 appositum;
2353 4749 2476 4788 cum
2510 4750 2578 4789 ex
2638 4750 2704 4790 co
2735 4736 2974 4806 Spiritus
3029 4741 3317 4810 procedat,
3354 4758 3420 4797 ex
3477 4758 3544 4795 eo

1962 4827 2384 4896 suppeditantur
2415 4836 2470 4880 et
2505 4843 2762 4894 munera;
2803 4839 2856 4884 et
2892 4834 3218 4888 naturaliter
3248 4835 3416 4903 igitur
3471 4840 3541 4889 ab

1963 4920 2056 4974 illo
2093 4921 2457 4990 suppeditari,
2486 4922 2556 4977 ab
2592 4933 2801 4978 mterno
2835 4934 2917 4978 est
2945 4927 3310 4996 suppeditari,
3342 4937 3392 4984 et
3434 4946 3546 4983 non

1963 5013 2029 5067 ad
2063 5015 2300 5082 aliquos,
2337 5025 2431 5070 aut
2479 5016 2783 5070 secundum
2818 5033 3064 5086 causam,
3122 5030 3184 5074 ut
3242 5021 3500 5092 opinatur
3525 5041 3548 5086 ς

1962 5107 2059 5162 sed
2088 5108 2234 5162 sicut
2272 5108 2318 5163 si
2357 5107 2481 5178 quis
2516 5109 2584 5163 ab
2617 5117 2825 5164 aeterno
2857 5125 3002 5171 esse.
3032 5123 3088 5166 et
3120 5122 3250 5168 ante
3304 5117 3542 5170 creatio-

1965 5215 2088 5255 nem
2121 5200 2300 5270 ipsum
2337 5203 2510 5256 solem
2555 5203 2826 5271 posuerit,
2870 5212 3018 5258 esset
3052 5205 3262 5275 utique,
3299 5217 3356 5261 et
3390 5217 3547 5261 ante-

1963 5307 2127 5363 quam
2147 5302 2328 5347 creata
2350 5293 2584 5349 fuissent
2605 5295 2787 5348 omnia
2806 5294 2991 5348 lumen
3015 5296 3188 5366 ipsius
3211 5313 3308 5368 per
3328 5299 3542 5353 radium

1964 5386 2241 5448 absolute,
2271 5395 2327 5441 et
2388 5402 2498 5441 non
2562 5385 2756 5451 nobis;
2820 5387 2979 5442 nobis
3030 5403 3161 5442 vero
3194 5391 3549 5458 postmodum

1963 5483 2186 5543 creatis,
2228 5479 2413 5534 lumen
2455 5481 2620 5534 etiam
2677 5478 2837 5533 nobis
2877 5480 3227 5550 praebuisset.
3261 5481 3352 5537 Sic
3396 5493 3450 5538 et
3476 5483 3546 5537 de

1962 5584 2098 5624 vero
2141 5571 2258 5625 sole
2314 5571 2753 5627 ratiocinandum
2811 5584 2919 5626 est.
2975 5572 3191 5628 Emittit
3251 5573 3422 5628 Filius
3478 5580 3553 5628 al)

1963 5675 2168 5719 aeterno
2209 5665 2477 5734 Spiritum
2525 5666 2696 5720 veluti
2759 5683 2948 5732 suum,
3003 5667 3094 5721 ubi
3157 5683 3288 5722 vero
3339 5670 3552 5722 creatio

1965 5758 2214 5812 absoluta
2251 5769 2353 5820 est,
2388 5759 2590 5813 emittit
2620 5761 2783 5813 etiam
2821 5769 3106 5813 creatum.
3142 5759 3216 5812 Es
3252 5759 3370 5830 ipso
3396 5765 3545 5814 enim

1959 5852 2258 5916 exsistens,
2293 5861 2385 5906 aut
2428 5868 2524 5921 per
2549 5853 2726 5921 ipsum
2759 5852 3030 5906 illuminat
3061 5869 3159 5906 nos
3187 5853 3547 5908 intellectuali
