3902 6208
250 289 355 353 881
1211 286 1308 346 DE
1347 283 1860 346 PROLESSIONE
1894 286 2250 349 SPIRITUS
2284 289 2574 355 SANCI‘L
3404 298 3508 358 $02

256 405 522 474 Πνεῦμα.
573 405 663 459 ὅτι
703 404 931 472 Πατέρα
981 405 1256 466 εἰπόντες
1292 402 1432 455 Ἡὸν
1459 400 1570 455 ἕνα
1622 400 1834 466 ἐννοή-

1944 399 2229 455 ιιυεωδω
2270 404 2513 456 continue
2547 413 2622 457 est
2657 419 2719 457 ex
2742 406 2931 474 primo,
2957 408 3052 458 hoc
3072 422 3165 476 per
3195 407 3348 471 illud,
3373 415 3511 478 quod

251 513 474 567 σαμεν.
517 496 641 558 Πῶς
687 496 743 549 δὲ
779 499 874 549 καὶ
911 494 1081 563 ἄλλην
1130 493 1349 560 ἀληθῶς
1380 491 1588 561 ταύτην
1619 492 1834 559 νοήσαι-

1941 495 2182 546 continue
2211 505 2284 546 est
2315 509 2379 547 ea:
2412 495 2605 563 primo.
2627 494 2671 549 Ο
2696 505 2916 564 propter
2942 496 3084 551 lianc
3114 512 3305 552 vocem
3340 508 3510 563 tuam,

256 607 379 660 μεν,
415 590 465 641 si
519 588 596 657 μὴ
636 586 718 656 τῷ
753 586 1042 656 πράγματι
1092 583 1163 637 δι’
1196 582 1333 636 Υίοῖι
1377 583 1438 635 τὸ
1469 580 1730 647 Πνεῦμας
1760 574 1834 651 ᾟ

1941 592 2130 638 sancte
2160 591 2353 652 terque
2385 594 2692 673 quaterque
2720 586 2872 650 felix,
2909 588 3056 657 quod
3089 604 3352 658 personas
3388 591 3505 646 dis-

254 683 366 751 γὰρ
396 682 460 733 ἐκ
489 679 586 733 τοῦ
613 677 847 747 Ιιατρδς,
875 678 909 747 ἢ
945 678 1006 730 ού
1028 676 1277 746 διαφέρει
1303 677 1368 744 τῇ
1386 696 1395 703 ο
1413 673 1712 727 ὑποστάσει
1739 673 1834 727 τοῦ

1941 673 2194 743 tinguens
2235 676 2533 731 manifesto
2559 678 2845 732 ostendisti
2882 694 3012 733 eum
3053 679 3147 746 qui
3178 696 3290 734 non
3318 684 3513 737 subdi‘

256 771 414 834 Υίοῦ,
460 771 600 841 ὅπερ
637 768 761 823 οὐδὲ
792 770 952 838 ὑμεῖς
1001 767 1211 836 λέγετε,
1258 765 1290 835 ἢ
1339 764 1418 834 τῷ
1468 764 1654 835 τρόπῳ
1690 764 1834 833 μόνῳ

1941 762 2099 827 vidit,
2127 763 2272 833 quod
2304 780 2369 821 ex
2394 779 2557 820 causa
2587 776 2690 832 est,
2731 768 2869 823 duas
2893 773 3107 821 tantum
3159 767 3514 825 introducere

252 866 351 935 τῆς
378 863 668 933 ὑπάρξεως
696 861 971 931 διαφέρει.
1004 860 1066 913 Εί
1098 860 1153 912 δὲ
1184 857 1342 912 τοῦτο
1375 857 1652 925 βούλεται,
1686 856 1740 908 τί
1770 856 1832 908 τὸ

255 956 602 1023 σαφέστατον
652 951 801 1005 τοῦτ’
851 949 980 1004 αὖτ’
1033 950 1192 1018 ἀφεὶς
1236 948 1329 1001 ἰπὶ
1378 947 1441 999 τὸ
1501 941 1855 1015 ὑψηλότερον”

251 1046 453 1115 ἀνάψει
486 1045 580 1099 τὸν
624 1043 803 1113 λόγον,
840 1042 914 1096 τὸ
951 1040 1091 1111 μὲν,
1134 1041 1330 1109 λέγων,
1380 1034 1718 1108 κροσεχῶς.
1769 1035 1836 1089 τὸ

256 1136 327 1189 δὲ
357 1135 458 1189 διὰ
489 1134 596 1189 τοῦ
626 1130 990 1202 προσεχῶςῖ

1943 867 2224 921 personas,
2256 864 2314 909 et
2343 855 2492 925 quod
2549 871 2657 910 non
2694 867 2848 913 sueta
2887 859 3168 927 usurpasti
3222 861 3513 927 vocabula.

1942 958 2012 999 ne
2039 943 2344 999 dicerent:
2400 946 2689 1015 Propterea
2746 965 2841 1018 per
2892 949 3085 1003 Filium
3143 950 3375 1021 Spiritus
3411 964 3512 1015 est,

1942 1034 2080 1105 (ﬁtted
2104 1051 2223 1090 cum
2257 1038 2545 1092 dixerimus
2572 1038 2814 1105 Patrem,
2858 1039 3055 1094 Filium
3088 1059 3196 1096 una
3247 1044 3515 1099 intellexi-

1944 1142 2081 1180 mus.
2115 1124 2364 1193 Quonam
2382 1145 2512 1184 vero
2540 1142 2698 1199 pacto
2715 1140 2774 1185 et
2802 1132 2961 1185 aliam
2985 1132 3353 1190 diﬂ'erentiam
3382 1152 3515 1192 vere

252 1231 653 1301 concipiemus,
683 1231 729 1284 si
792 1244 853 1283 re
882 1228 1000 1298 ipsa
1023 1240 1121 1296 per
1153 1224 1353 1280 Filium
1421 1221 1660 1293 Spiritus
1716 1235 1826 1277 non
1866 1222 2063 1276 esset?
2125 1222 2194 1278 Ut
2224 1226 2368 1278 cnim
2433 1237 2516 1280 est
2545 1241 2573 1280 a
2626 1226 2805 1289 Patre,
2838 1236 2934 1282 aut
2961 1243 3070 1283 non
3101 1229 3284 1286 ditl‘ert
3316 1231 3387 1286 ab
3416 1232 3516 1303 by-

252 1328 457 1398 postasi
495 1326 640 1389 Filii.
673 1324 818 1401 quod
843 1338 949 1379 nec
984 1337 1081 1378 vos
1132 1321 1392 1392 equidem
1454 1319 1665 1383 dicitis,
1728 1324 1823 1372 aut
1861 1317 2025 1373 modo
2092 1321 2473 1376 tantummodo
2531 1324 2866 1378 exsistentiae
2904 1324 3111 1381 dill‘crt.
3145 1327 3209 1381 Et
3238 1328 3283 1382 si
3320 1327 3374 1384 id
3406 1339 3514 1393 est,

253 1422 618 1479 clarissimum
658 1416 1004 1488 praeteriens,
1056 1415 1124 1470 ad
1164 1413 1488 1471 sublimiora
1559 1410 1872 1467 orationem
1911 1413 2185 1478 conferas,
2251 1414 2362 1469 Hoc
2400 1416 2633 1487 quidem,
2687 1417 2896 1482 dicens,
2947 1418 3217 1480 continue.
3266 1422 3362 1475 hoc
3394 1438 3518 1478 vero

252 1532 348 1587 per
374 1512 510 1568 illud
537 1512 675 1582 quod
718 1512 959 1565 ceratinae
993 1516 1093 1563 est.

332 1607 420 1671 ιζ’.
454 1605 519 1660 Et
566 1604 623 1657 δὲ
659 1601 1024 1671 ἀντιπαράγει
1067 1598 1284 1664 Νεῖλος,
1313 1597 1392 1663 ὡς
1438 1595 1608 1667 ἄλλην
1654 1593 1825 1650 εἰπὼν

255 1700 546 1770 διαφορὰν,
577 1697 640 1750 ού
667 1695 767 1767 τὴν
792 1694 915 1749 κατ’
947 1692 1120 1746 αίτιον
1158 1691 1331 1758 λέγει,
1358 1688 1562 1759 ταύτην
1587 1688 1696 1760 γὰρ
1725 1687 1826 1759 ήδη

2006 1593 2095 1647 Π.
2124 1591 2330 1658 Quodsi
2386 1593 2542 1649 Nilus
2595 1595 2840 1666 obiiciat,
2891 1598 3052 1653 aliam
3107 1614 3232 1656 cum
3286 1599 3518 1656 dixisset

1947 1684 2338 1762 diﬂ'erentiam,
2370 1702 2477 1742 non
2508 1702 2628 1742 eam
2660 1704 2782 1758 qua:
2810 1705 2876 1744 ex
2905 1705 3069 1746 causa
3099 1700 3205 1757 est,
3237 1692 3515 1773 insinuas.

255 1763 466 1869 εἴρηκε,
519 1763 767 1857 λιξομεν,
790 1785 880 1838 ηὸτι
926 1782 1056 1837 ἄλλο
1104 1782 1203 1838 καὶ
1260 1781 1392 1837 ἄλλο
1432 1780 1576 1845 ζῶον
1603 1778 1834 1869 λέγομεν

1946 1792 2027 1841 se,
2054 1792 2175 1833 eam
2231 1779 2380 1833 enim
2420 1782 2546 1849 'jam
2587 1779 2847 1848 dixerat;
2881 1766 3339 1852 respondebimus
3389 1800 3513 1850 nos,

259 1867 431 1935 ῑπττον
463 1879 557 1933 καὶ
588 1876 726 1932 κύνα
777 1874 853 1947 μὴ
900 1873 1226 1945 διαφέροντα
1263 1873 1342 1941 τῷ
1375 1870 1545 1940 γένει,
1589 1868 1730 1924 ἀλλὰ
1757 1867 1835 1939 τῷ

256 1968 412 2023 εῖδει.
446 1966 650 2035 Ἄλλην
683 1964 794 2034 ἄρα
837 1963 931 2017 καὶ
959 1963 1134 2032 ἄλλην
1165 1961 1435 2032 διαφορὰν
1463 1959 1525 2013 οὐ
1549 1959 1629 2029 τῷ
1662 1957 1832 2027 γένει,

256 2059 397 2114 ἀλλὰ
426 2059 503 2129 τῷ
558 2058 694 2111 εῖδει
725 2056 1094 2126 διαφέρουσαν
1121 2053 1293 2121 λέγει,
1320 2052 1382 2105 τὸ
1415 2050 1476 2116 ἐξ
1525 2051 1705 2115 αίτίας
1738 2052 1835 2103 καὶ
1870 2110 1889 2121 I

253 2151 468 2220 ταύτην
498 2149 891 2222 σημαίνουσαν.
926 2146 1038 2199 Καὶ
1083 2143 1297 2198 τίθεται
1336 2145 1435 2211 μὲν
1473 2141 1536 2196 τὸ
1587 2142 1836 2197 αίτιατδν

253 2244 339 2308 ὡς
362 2242 538 2311 γένος,
574 2242 623 2295 εί
663 2239 720 2294 δὲ
768 2238 971 2307 βούλει,
1004 2237 1082 2301 ὡς
1124 2231 1286 2300 εἶδος,
1317 2234 1625 2302 ύποδιαιρεϊ
1650 2234 1729 2298 δὲ,
1758 2233 1840 2296 ὡς

255 2336 343 2399 είς
371 2335 439 2388 τὰ
478 2334 618 2404 είδη,
653 2332 686 2402 ἢ
717 2331 795 2402 τῷ
823 2330 1044 2404 ἀριθμῷ
1086 2328 1415 2399 διαφέροντα
1441 2343 1455 2359 ·
1490 2328 1573 2380 ὅτι
1621 2326 1688 2379 τὸ
1718 2325 1835 2394 μὲν

253 2427 329 2480 ἐκ
362 2425 470 2480 τοῦ
513 2423 750 2492 πρώτου
777 2419 1115 2490 προσεχῶς,
1148 2418 1218 2474 τὸ
1253 2417 1322 2472 δὲ
1362 2417 1434 2477 ἐκ
1461 2416 1570 2471 τοῦ
1594 2416 1831 2483 πρώτου

253 2518 359 2571 διὰ
407 2515 516 2571 τοῦ
560 2514 901 2585 προσεχῶς.
949 2514 1014 2568 El
1067 2510 1201 2581 γοῦν
1244 2511 1316 2565 τὰ
1372 2509 1833 2579 ύποδιαιρούμενα

257 2608 441 2661 πάντα
471 2606 582 2661 τῶν
615 2606 727 2659 ἄνω
756 2602 920 2669 σώζει
952 2604 1081 2667 τοὺς
1118 2602 1309 2670 λόγους
1340 2604 1435 2654 καὶ
1463 2601 1531 2653 τὰ
1550 2595 1830 2669 ⁸ὀνόματα,

257 2688 380 2764 πῶς
411 2702 476 2755 σὺ
507 2699 678 2770 ἄλλην
721 2697 1011 2768 διαφορὰν,
1044 2696 1106 2748 οὐ
1152 2693 1252 2765 τὴν
1287 2693 1408 2747 κατ’
1439 2693 1613 2746 αίτιον
1644 2693 1786 2753 νοεῖς
1814 2709 1827 2758 ;

257 2794 323 2846 Ei
356 2793 423 2846 δὲ’
437 2793 639 2860 λέγεις,
670 2790 745 2854 ὡς
778 2791 877 2843 ούκ
919 2790 1068 2842 ἐστιν
1101 2788 1218 2839 ἐκεῖ
1246 2786 1377 2856 γένη
1408 2784 1502 2837 καὶ
1546 2783 1684 2852 είδη,
1716 2781 1832 2835 ἀλλ’

257 2888 297 2953 ὴ
331 2883 592 2953 διαίρεσις
624 2882 698 2945 ὡς
739 2880 834 2933 ἐπὶ
881 2880 1110 2932 τούτων.
1147 2877 1269 2940 Πῶς
1312 2875 1370 2929 δὲ
1418 2876 1556 2939 ὅλως
1597 2874 1664 2928 τὰ
1703 2874 1833 2927 ὑπο-

255 2973 622 3043 διαιρούμενα
664 2970 974 3038 ἐκπέφευγε
1008 2968 1110 3038 τὴν
1148 2968 1291 3021 κατὰ
1334 2966 1397 3019 τὸ
1423 2966 1596 3020 αἴτιον
1628 2966 1720 3020 καὶ
1746 2966 1831 3017 aio

255 3061 444 3115 τιατδν
492 3060 785 3129 διαφοράνς
836 3057 912 3128 μὴ
952 3059 1013 3110 τὸ
1052 3053 1205 3111 εῖναι
1253 3055 1567 3126 προσεχῶς
1609 3057 1677 3110 ἐκ
1721 3055 1829 3109 τοῦ

258 3151 518 3220 πρώτου,
567 3144 628 3204 οὗ
659 3150 758 3221 τὴν
788 3150 967 3204 αίτίαν
999 3150 1290 3218 σημαίνεις
1330 3149 1532 3220 ’Δλλην
1558 3143 1652 3202 οὖν
1706 3144 1829 3201 εἶπε

254 3245 551 3314 διαφορὰν,
583 3245 643 3296 τὸ
675 3241 791 3295 κατ’
817 3241 1021 3305 αἰτίαν,
1056 3241 1149 3293 καὶ
1190 3241 1399 3310 ταύτην
1442 3240 1835 3308 σημαίνουσαν.

257 3336 439 3389 Τοῦτο
466 3336 574 3405 γὰρ
604 3333 865 3405 βούλεται
901 3333 960 3386 τὸ
986 3332 1055 3386 ἐκ
1086 3331 1192 3386 τοῦ
1226 3329 1485 3400 πρώτου.
1518 3331 1835 3402 Προσέθηκε

255 3429 318 3483 δὲ
348 3428 538 3499 ὥσπερ
580 3426 864 3481 είδοποιῶν
900 3427 960 3479 τὸ
987 3424 1327 3494 προσεχῶς,
1360 3424 1456 3477 καὶ
1495 3423 1557 3476 τὺ
1591 3422 1692 3477 διὰ
1729 3423 1837 3476 τοῦ

257 3518 601 3591 προσεχῶς,
627 3520 723 3572 καὶ
755 3517 1135 3589 σημαινούσης
1161 3517 1261 3587 τῆς
1283 3516 1351 3570 ἐκ
1376 3516 1474 3587 τὴν
1503 3515 1684 3569 αἰτίαν
1709 3515 1839 3568 ταύ-

256 3630 364 3683 την
395 3604 719 3683 σημαίνει⁶ἡ
752 3610 874 3676 διὰ,
919 3609 1006 3662 Lat
1047 3608 1345 3679 μεσιτεύσῃ
1368 3607 1396 3659 ὁ
1430 3608 1558 3669 Υἱὸς
1588 3610 1840 3678 μεσιτείᾳ

258 3705 555 3776 πρεπούσῃ
605 3703 843 3774 θεότητι.
880 3702 1094 3765 Ἄλλως
1118 3701 1228 3772 γὰρ
1276 3701 1433 3753 ἔσται
1484 3698 1554 3752 δι’
1578 3697 1744 3752 αὐτοῦ
1779 3700 1840 3751 τὸ

259 3798 489 3867 Πνεῦμα
518 3796 592 3860 ὡς
620 3796 709 3851 διὰ
738 3795 982 3865 σωλῆνος
1012 3796 1155 3849 κατὰ
1183 3794 1273 3849 τὸν
1313 3796 1373 3846 ἐν
1407 3790 1683 3863 ὑπουργία
1714 3791 1835 3861 τρό·

261 3906 386 3955 πον,
415 3890 555 3960 ὅπερ
594 3887 980 3953 ἀσεσέστατον,
1018 3889 1113 3940 καὶ
1142 3887 1203 3941 ού
1233 3885 1424 3940 διοίσει
1458 3884 1519 3939 τὸ
1549 3883 1838 3955 προσεχῶς

259 3980 357 4035 τοῦ
376 3981 474 4035 ’διὰ
504 3980 600 4034 τοῦ
635 3979 920 4051 προσεχῶς
965 3979 1043 4049 τῷ
1073 3977 1398 4050 διακρίνειν,
1434 3978 1544 4030 τῶν
1570 3977 1841 4044 διακριτι·

261 4074 378 4127 κῶν
410 4074 465 4127 δὲ
498 4070 637 4127 εἶναι
685 4073 859 4128 ταῦτα
888 4074 915 4125 ὁ
947 4070 1104 4139 ἅγιος
1147 4070 1417 4140 βούλεται.
1468 4068 1693 4132 Τούτοις
1727 4069 1837 4139 γὰρ

256 4168 531 4238 διακρίνει
561 4167 658 4231 τὰς
691 4166 786 4219 τοῦ
837 4165 968 4218 Υἰοῦ
1000 4164 1094 4217 καὶ
1124 4162 1444 4231 Πνεύματος
1482 4162 1833 4223 ὑποστάσεις.

258 4259 337 4313 Τὸ
368 4260 490 4312 κατ’
521 4257 703 4310 αίτίαν
732 4255 841 4326 ἄρα
874 4255 1133 4325 σημαίνει
1177 4253 1240 4306 τὸ
1269 4253 1359 4306 διὰ
1387 4251 1483 4307 τοῦ
1519 4252 1828 4323 προσεχῶς.

257 4352 337 4404 ού
369 4352 474 4420 γὰρ
506 4350 656 4404 ἔστιν
689 4350 875 4419 εὑρεῖν
904 4366 957 4403 τι
1002 4347 1113 4403 τῶν
1152 4346 1532 4415 διακριτικῶν,
1577 4347 1715 4417 ὅπερ
1741 4345 1836 4399 τὸν

1943 1868 2091 1924 aliud
2140 1878 2196 1925 et
2224 1870 2374 1926 aliud
2404 1872 2607 1928 animal
2659 1873 2897 1930 dicimus
2927 1890 3130 1945 equum
3184 1886 3241 1931 et
3298 1892 3515 1943 canem,

1941 1973 2063 2028 qua!
2096 1974 2205 2015 non
2238 1976 2462 2030 genere,
2486 1962 2583 2019 sed
2615 1965 2800 2034 specie
2822 1965 3112 2021 diiierunt.
3138 1966 3317 2021 Aliam
3349 1967 3517 2037 igitur

1941 2057 1997 2104 et
2024 2050 2185 2104 aliam
2210 2051 2578 2108 diﬂ'ereutiam
2615 2069 2725 2109 non
2754 2039 2996 2125 genere,
3021 2058 3119 2112 sed
3154 2057 3339 2126 specie
3403 2056 3516 2112 dif-

1940 2140 2203 2198 ferentem
2225 2144 2411 2206 tradit.
2430 2159 2650 2205 causam
2679 2160 2903 2216 quoque
2926 2156 2987 2202 et
3014 2148 3185 2218 ipsam
3211 2156 3514 2203 notantem.

1942 2234 2008 2290 Et
2036 2235 2192 2304 ponit
2228 2235 2450 2304 quidem
2477 2250 2544 2291 ex
2574 2250 2737 2291 causa
2764 2252 2887 2293 esse
2916 2247 2972 2293 ut
2997 2255 3191 2309 genus,
3215 2248 3274 2294 et
3305 2241 3352 2294 si
3381 2240 3516 2296 velis

1941 2326 2106 2382 etiam
2134 2337 2196 2382 ut
2218 2328 2481 2397 speciem.
2521 2328 2841 2386 Subdividit
2880 2346 3010 2387 vero
3040 2331 3095 2385 in
3125 2333 3361 2401 species,
3388 2346 3514 2401 quas

1940 2434 2173 2475 numero
2195 2419 2497 2486 differunt;
2532 2422 2679 2490 quod
2721 2424 2817 2477 hoc
2847 2425 2915 2478 sit
2954 2440 3018 2478 ea:
3052 2424 3222 2493 primo
3248 2425 3515 2491 continue,

1941 2509 2089 2564 aliud
2118 2527 2213 2581 per
2242 2511 2392 2567 aliud
2421 2511 2561 2582 quod
2594 2515 2839 2568 continue
2871 2524 2944 2569 est
2999 2531 3064 2570 ea:
3098 2517 3288 2586 primo.
3324 2516 3516 2586 Itaque

1940 2603 1986 2660 si
2015 2619 2078 2659 ea
2112 2619 2234 2674 qua:
2258 2604 2690 2660 subdividuntur
2720 2606 2904 2661 omnia
2939 2608 3286 2677 superiorum
3317 2616 3375 2664 et
3415 2623 3507 2661 ra-

1942 2699 2120 2753 tiones
2147 2706 2205 2752 et
2242 2697 2464 2752 nomina
2519 2708 2869 2766 conservant,
2918 2700 3196 2769 quomodo
3249 2707 3310 2755 tu
3346 2700 3511 2756 aliam

1940 2789 2308 2846 diﬂ'erentiam
2346 2804 2503 2848 extra
2531 2806 2672 2855 eam,
2702 2806 2826 2861 qua:
2853 2804 2920 2846 ex
2947 2807 3108 2847 causa
3145 2801 3248 2854 est.
3282 2794 3512 2848 commi-

1940 2885 2215 2940 nisceris?
2245 2885 2448 2951 Quodsi
2477 2884 2647 2940 addas
2679 2884 2753 2940 ibi
2792 2898 2897 2957 non
2922 2899 3045 2939 esse
3070 2899 3287 2956 genera,
3324 2901 3509 2956 neque

1939 2977 2180 3047 species,
2203 2977 2311 3032 sed
2349 2977 2719 3032 ditl‘erentiam
2758 2978 2838 3031 uti
2871 2978 2940 3031 de
2995 2976 3189 3031 iisdem
3237 2978 3391 3047 poni.
3444 2977 3517 3032 At

1940 3069 2216 3140 quomodo
2251 3083 2477 3138 prorsus
2519 3067 2795 3123 subdivisa
2851 3069 3244 3131 diﬂerentiam,
3277 3085 3400 3139 qua:
3439 3084 3508 3123 ex

1941 3175 2106 3215 causa
2154 3170 2212 3216 et
2239 3159 2438 3214 etfectu
2473 3160 2673 3221 oritur,
2704 3159 2990 3230 etl'ugerel
3021 3161 3219 3216 Annon
3249 3177 3360 3215 esse
3388 3178 3514 3215 con-

1944 3242 2089 3305 tinue
2138 3267 2202 3305 ea:
2227 3252 2422 3319 primo.
2471 3265 2690 3306 causam
2747 3251 3055 3316 signiﬁcat?
3113 3252 3288 3309 Aliam
3350 3253 3515 3324 igitur

1940 3341 2310 3397 differentiam
2347 3342 2573 3408 edicito,
2606 3358 2730 3411 quae
2760 3357 2982 3397 causam
3007 3353 3065 3398 et
3094 3344 3212 3417 ipsa
3244 3350 3420 3400 notet.
3454 3346 3512 3401 ld

1940 3435 2145 3490 etenim
2173 3432 2278 3489 sibi
2310 3434 2424 3487 vult
2462 3432 2596 3488 illud
2628 3450 2694 3488 ea:
2723 3436 2912 3504 primo.
2963 3435 3193 3490 Addidit
3223 3451 3353 3501 vero
3388 3444 3513 3490 tan-

1942 3541 2107 3596 quam
2138 3526 2194 3581 in
2224 3526 2434 3595 species
2464 3525 2756 3593 reducens,
2808 3528 3077 3592 continue,
3109 3535 3182 3592 et,
3237 3543 3333 3597 per
3379 3526 3516 3582 illud

1943 3620 2083 3691 qugd
2105 3621 2375 3674 continue.
2435 3618 2657 3676 Etcum
2694 3637 2759 3676 ea;
2825 3636 3047 3677 causam
3108 3620 3335 3681 indicat,
3392 3636 3513 3675 cam

1941 3726 2163 3781 quoque
2205 3727 2300 3778 per
2331 3710 2614 3776 indicabit,
2647 3721 2705 3766 ut
2733 3714 2951 3769 medius
2997 3714 3069 3769 sit
3099 3713 3273 3768 Filius
3328 3712 3513 3766 medio

1943 3802 2139 3857 Deitati
2177 3803 2561 3859 conveniente.
2599 3802 2748 3857 Alias
2766 3803 2927 3858 -(‘ﬂilll
2957 3804 3059 3857 erit
3088 3818 3183 3871 per
3205 3803 3359 3856 illum
3392 3802 3517 3872 Spi-

1940 3894 2082 3950 ritus
2110 3903 2365 3962 tanquam
2397 3910 2496 3964 per
2526 3895 2741 3960 canale,
2777 3893 2960 3959 modo,
3001 3893 3097 3961 qui
3154 3894 3209 3948 in
3250 3896 3509 3951 ministe-

1942 3986 2040 4041 riis
2077 3986 2416 4056 agnoscitur,
2455 3987 2605 4055 quod
2639 3985 3027 4055 impiissimum
3091 3987 3290 4041 fuerit.
3320 3988 3513 4057 Neque

1941 4078 2099 4146 illud,
2136 4080 2283 4147 quod
2320 4076 2583 4134 continue
2635 4086 2744 4145 est,
2800 4087 2857 4133 et
2924 4078 3081 4144 illud,
3121 4080 3270 4149 quod
3322 4096 3387 4136 ea
3445 4100 3514 4138 eo

1940 4172 2086 4242 quod
2120 4171 2381 4226 continue
2407 4179 2511 4236 est,
2543 4171 2609 4226 ad
2646 4170 3062 4226 distinctionem
3098 4171 3508 4242 importandum

1941 4261 2296 4318 conduceret.
2326 4264 2396 4317 At
2418 4262 2789 4318 discernentia
2834 4263 2949 4319 haec
2974 4277 3097 4320 esse
3125 4274 3357 4321 sanctus
3414 4281 3516 4320 vo-

1942 4352 2067 4407 luit.
2104 4352 2200 4407 liis
2224 4352 2492 4408 enimille
2539 4352 2807 4410 discernit
2838 4354 2958 4411 Filii
2992 4366 3051 4415 et
3110 4355 3358 4425 Spiritus
3414 4358 3514 4428 hy-

258 4441 384 4496 κατ’
418 4442 597 4495 αἰτίαν
623 4442 719 4494 καὶ
770 4440 919 4494 θέσει
948 4439 1043 4493 aut
1080 4439 1335 4510 στερήσει
1380 4439 1622 4507 πέφευγε
1653 4438 1831 4507 λόγον.

1942 4455 2215 4514 ροειεεεε.
2247 4442 2482 4498 Causam
2518 4444 2705 4513 itaque
2762 4446 2932 4501 infert
2993 4462 3093 4515 per
3146 4447 3302 4511 illud,
3360 4449 3511 4517 quod

257 4533 373 4587 Kal.
412 4532 571 4586 τοῦτο
597 4530 935 4601 σαφέστερον
963 4534 991 4584 ὁ
1032 4529 1199 4594 αὐτὸς
1226 4530 1372 4597 ποιεί
1409 4529 1469 4581 ὲν
1518 4529 1597 4598 τῷ
1630 4529 1835 4599 πρώτῳ

254 4624 370 4678 τῶν
401 4625 537 4695 πρὸς
566 4624 859 4691 Εὐνόμιον,
899 4622 971 4678 Τὸ
1003 4621 1270 4691 Πνεῦμα,
1312 4620 1510 4688 λέγων,
1537 4617 1618 4685 τῷ
1654 4620 1833 4689 Harp!

257 4716 410 4772 κατὰ
439 4718 499 4771 τὸ
526 4717 816 4771 ἁκτιστον
853 4716 1343 4784 συναπτόμενον,
1376 4713 1567 4768 πάλιν
1600 4713 1702 4768 ἀπ’
1731 4714 1837 4767 αὐ-

257 4808 367 4862 τοῦ
398 4808 476 4873 τῷ
515 4808 596 4878 μὴ
628 4808 831 4876 Πατὴρ
860 4803 1015 4862 εἶναι
1057 4805 1323 4876 καθάπερ
1350 4806 1576 4873 ἐκεῖνος
1618 4805 1833 4873 διαχω-

251 4899 493 4970 ρίζεται.
527 4900 643 4968 Τῆς
679 4899 749 4953 δὲ
777 4902 929 4968 πρὸς
953 4900 1060 4953 τὸν
1100 4898 1238 4953 Υίὸν
1267 4896 1417 4952 κατὰ
1448 4897 1514 4951 τὸ
1545 4898 1833 4951 ἄκτιστον

226 4992 620 5062 Δυναφείας,
656 4991 755 5045 καί
799 4989 879 5056 τῷ
909 4987 1026 5057 τὴν
1056 4988 1258 5042 αίτίαν
1289 4986 1402 5054 τῆς
1430 4984 1744 5055 ὑπάρξεως
1766 4985 1835 5038 ἑκ

257 5085 367 5140 τοῦ
401 5083 551 5139 Θεοῦ
606 5082 726 5137 τῶν
763 5081 924 5135 ὅλων
958 5081 1146 5150 ἔχειν,
1179 5080 1503 5149 ἀφίσταται
1538 5077 1728 5132 πάλιν
1755 5076 1835 5143 τῷ

257 5177 558 5241 ίδιάζωντι,
587 5177 661 5230 ἐν
696 5174 777 5241 τῷ
812 5175 967 5243 μήτε
994 5171 1338 5243 μονογενῶς
1374 5170 1442 5224 ἐκ
1472 5169 1577 5224 τοῦ
1604 5170 1835 5244 Πατρός

257 5268 621 5337 ὑποστῆναι,
659 5266 758 5320 καί
785 5268 855 5320 ἐν
887 5264 966 5329 τῷ
1000 5264 1075 5317 δι’
1100 5262 1290 5319 αὑτοῦ
1324 5262 1428 5316 τοῦ
1470 5261 1605 5315 Υίοῦ
1637 5278 1829 5330 πεφη-

256 5363 447 5417 νέναι.
504 5357 801 5414 Πάλιν-δὲ
833 5357 946 5426 τῆς
995 5356 1250 5423 κτίσεως
1285 5353 1383 5408 διὰ
1416 5353 1523 5409 τοῦ
1566 5358 1832 5430 Morare-

256 5452 407 5519 νοῦς
441 5450 827 5519 ὑποστάσης,
851 5449 932 5514 ὡς
958 5446 1034 5503 ἂν
1056 5447 1144 5517 μὴ
1179 5445 1502 5514 κοινότητά
1524 5462 1657 5499 τινα
1682 5446 1834 5515 πρὸς

257 5547 483 5612 ταύτην
506 5544 672 5612 ἔχειν
698 5539 959 5611 νομισθῇ
993 5542 1059 5594 τὸ
1088 5538 1337 5609 Πνεῦμα
1364 5538 1432 5591 ἐκ
1462 5537 1571 5592 τοῦ
1599 5537 1695 5590 διὰ
1726 5537 1833 5591 τοῦ

255 5639 394 5695 Υίοῦ
425 5637 759 5710 πεφηνέναι
790 5637 860 5690 ἐν
889 5633 968 5700 τῷ
995 5631 1267 5702 ἀτρέπτῳ
1309 5630 1407 5684 καί
1449 5626 1834 5695 ἁναλλοιώτφ

256 5734 625 5803 διακρίνεται
660 5728 726 5782 τὸ
761 5727 1005 5797 Πνεῦμα
1032 5725 1149 5779 ἀπὸ
1193 5721 1304 5792 τῆς
1336 5722 1605 5787 κτίσεως.
1641 5720 1705 5774 Ὢ
1736 5718 1832 5789 τῆς

573 5830 849 5887 Parnm.
883 5824 998 5887 Gn.
1035 5820 1237 5883 CLXI.

1941 4534 2223 4587 continue.
2262 4532 2449 4603 Neque
2476 4533 2623 4587 enim
2653 4533 2802 4589 aliud
2838 4534 3149 4590 invenietur
3170 4535 3511 4594 discernens.

1939 4622 2087 4693 quod
2121 4639 2302 4679 causa:
2330 4633 2387 4680 et
2416 4624 2714 4694 positione,
2765 4634 2823 4681 et
2872 4627 3182 4696 privatione
3243 4629 3509 4685 rationem

1938 4713 2188 4784 effugiat.
2241 4715 2408 4785 idque
2439 4716 2695 4786 apertius
2727 4716 2968 4786 explicat
3003 4719 3186 4788 prima
3245 4721 3513 4776 adversus

1939 4805 2272 4863 Eunomium
2308 4809 2562 4861 oratione
2596 4806 2866 4872 :Spiritus
2916 4808 3072 4863 Patri
3107 4811 3393 4866 secundum
3424 4813 3511 4865 in-
3604 4842 3611 4853 ι

1937 4904 2174 4951 creatum
2190 4898 2522 4967 conjunctus,
2547 4915 2731 4952 rursus
2757 4898 2820 4952 ab
2844 4899 3045 4963 eodem,
3070 4908 3207 4969 quod
3233 4900 3459 4955 Paternt
3479 4920 3513 4955 η

1937 4996 2032 5048 est.
2058 4987 2501 5058 quemadmodum
2526 4995 2576 5043 et
2599 4986 2689 5044 ille
2722 4999 3026 5058 separatur.
3057 4990 3137 5043 Ad
3161 4987 3364 5044 Filium
3393 5007 3512 5045 vero

1935 5078 2222 5133 secundum
2248 5079 2544 5133 increatunt
2577 5080 2970 5150 conjunctione,
3006 5090 3055 5134 et
3117 5098 3237 5136 cum
3292 5098 3511 5137 causam

1937 5170 2260 5224 exsistentite
2302 5184 2369 5223 ea;
2407 5186 2585 5223 rerum
2614 5173 2846 5225 omnium
2898 5171 3009 5226 Deo
3054 5172 3267 5239 habent,
3327 5189 3514 5228 rursus

1936 5262 2256 5329 proprietate
2285 5260 2604 5331 sejungitur,
2638 5261 2777 5329 quod
2826 5278 2928 5316 non
2984 5273 3041 5315 ut
3102 5263 3410 5333 Unigenitus
3449 5280 3514 5317 ea:

1936 5350 2100 5406 Patre
2122 5354 2375 5418 substitit,
2411 5363 2460 5406 et
2490 5355 2627 5424 quod
2670 5371 2764 5425 per
2790 5356 2962 5424 ipsum
2995 5355 3198 5410 Filium
3231 5360 3507 5426 apparuit.

1936 5442 2138 5499 Rursus
2167 5462 2289 5500 vero
2320 5462 2438 5500 cum
2467 5448 2667 5501 creatio
2690 5462 2786 5516 per
2813 5447 3152 5519 Unigenitum
3178 5451 3509 5510 substitisset.

1937 5551 2001 5589 ne
2029 5538 2452 5592 communionem
2489 5537 2731 5608 aliquam
2777 5553 2894 5590 cum
2918 5553 2981 5591 eo
3019 5537 3254 5607 Spiritus
3316 5538 3510 5591 habere

1934 5628 2358 5692 existimaretur,
2387 5629 2527 5699 quod
2578 5626 2904 5698 perFitium
2944 5638 3237 5698 appareat,
3271 5630 3326 5683 in
3385 5646 3514 5683 cou-

1935 5722 2121 5789 Stanti,
2159 5730 2314 5791 atque
2355 5719 2675 5777 immutabili
2735 5729 2783 5773 et
2826 5722 3099 5786 bonitatis,
3132 5736 3249 5793 qua:
3294 5719 3513 5777 alterius

3020 5816 3098 5878 26
