3902 6208
245 332 351 395 805
1172 331 1279 393 DE
1308 328 1822 391 PROCESSIONE
1862 326 2218 388 SPIRlTUS
2256 318 2551 388 SANCTI.
3392 326 3499 390 805

245 446 472 503 αὑτοῦ·
505 444 587 510 ὡς
632 445 669 510 ἡ
702 443 969 511 ἐνέργεια
1016 441 1185 510 ἡμῶν
1234 442 1301 506 ἐξ
1334 439 1521 511 ἡμῶν,
1573 443 1609 509 ἢ
1642 442 1722 505 ὡς
1764 439 1830 493 τὸ

1940 440 2062 495 sole.
2096 439 2173 494 Ex
2217 438 2358 494 Filio
2400 450 2584 493 autem
2623 436 2862 507 Spiritus
2895 447 2991 492 aut
3018 452 3114 507 per
3148 437 3367 513 Filium,
3405 442 3501 497 sed

246 540 620 606 ἀπαύγασμα
669 536 776 590 τοῦ
806 535 992 601 ἡλίου
1030 534 1097 597 ἐξ
1130 535 1341 590 αὐτοῦ.
1382 535 1470 599 Ἐξ
1512 534 1641 586 Υίοῦ
1672 534 1731 587 δὲ
1760 534 1818 585 τδ

1940 548 2039 586 non
2102 532 2264 586 modo
2308 531 2623 591 creationis,
2679 530 3086 600 incorruptibili
3134 530 3283 586 enim
3336 543 3503 600 atque

250 630 499 698 Πνεῦμα,
531 629 651 696 ἦτοι
694 627 763 679 δι’
798 627 951 692 Υίοῦ,
983 626 1099 683 ἀλλ’
1139 626 1200 678 οὐ
1248 625 1681 697 δημιουργικῶς.
1732 624 1822 695 Τῷ

1940 623 2259 678 immutabili
2288 639 2317 677 a
2345 622 2620 678 creaturis
2649 622 2986 677 discernitur
3021 640 3037 677 :
3078 623 3172 678 sed
3205 639 3382 694 neque
3407 641 3502 696 ge-

248 721 516 793 ἁφθάρτῳ
554 719 663 787 γὰρ
690 719 786 771 καὶ
809 717 1157 785 ἀναλλοιὼτῳ
1180 717 1287 769 τῶν
1312 716 1623 786 δημιουργη
1634 717 1820 783 μάτων

1940 716 2255 782 nerationis,
2281 732 2462 786 neque
2486 717 2634 771 enim
2663 724 2749 770 est
2779 714 2952 769 Filius
2973 716 3115 780 Filii,
3144 726 3355 772 natura:
3369 735 3506 787 ergo

247 815 557 884 διενήνοχεν
584 826 598 841 '
633 810 748 863 ἀλλ’
778 808 898 863 οὐδὲ
949 811 1307 878 γεννητικῶς.
1349 810 1412 862 οὐ
1447 808 1554 878 γὰρ
1586 808 1699 869 υἱὸς
1728 805 1821 859 τοῦ

1940 820 1997 860 ex
2028 805 2168 874 ipso,
2195 809 2280 861 vel
2309 819 2405 875 per
2433 808 2646 875 ipsum;
2672 806 2838 874 idque
2860 819 3120 874 expresse
3164 820 3194 859 ιι
3228 806 3508 876 plerisque

251 907 407 960 Υίοῦ.
440 902 691 967 ⁴Ιιυσιιιῶς
715 902 825 973 ἄρα
852 902 910 968 ἐξ
937 900 1128 963 αὑτοῦ,
1153 902 1186 970 ἢ
1217 901 1286 953 δι’
1314 899 1503 953 αὑτοῦ.
1534 899 1643 952 Καὶ
1664 899 1825 951 τοῦτο

251 998 435 1068 ῥητῶς
466 996 684 1058 πολλοῖς
713 995 828 1047 τῶν
856 994 1027 1061 ἁγίων
1073 988 1219 1055 σίδας
1246 992 1565 1061 λεγόμενον.
1618 990 1695 1041 Δι’
1732 989 1829 1042 att

246 1089 343 1143 τοῦ
371 1089 501 1157 ἄρα,
536 1087 611 1148 ὡς
638 1085 984 1155 ἀπαύγασμα
1007 1087 1071 1138 ὲκ
1092 1084 1190 1138 τοῦ
1221 1086 1398 1154 ήλίου.

326 1175 413 1230 ιθ’.
444 1176 516 1228 Σὺ
549 1175 605 1229 δέ
637 1192 729 1243 μοι
759 1174 1015 1245 σημειοῦ,
1055 1175 1148 1228 καὶ
1181 1175 1379 1244 κάτεχε
1417 1174 1698 1244 ἀσφαλῶς,
1731 1190 1826 1227 πο-

249 1250 446 1339 σαχῶς
466 1268 528 1321 τὸ
564 1268 626 1319 ἐκ
658 1284 824 1331 τινος.
877 1268 1111 1337 Καιρίαν
1142 1268 1251 1336 γὰρ
1282 1268 1532 1321 ἐντεῦθεν
1561 1268 1660 1338 τὴν
1691 1268 1829 1338 1:11]-

250 1360 357 1429 γὴν
385 1357 505 1411 κατ’
542 1358 749 1427 ἀμφοῖν
790 1356 905 1409 τῶν
937 1357 1206 1425 αἱρέσεων
1238 1357 1493 1427 ἐπιφέρει
1529 1356 1784 1426 Γραικοῖς
1808 1370 1825 1386 ·

248 1450 316 1502 τὸ
343 1449 442 1518 μὲν
463 1449 545 1501 ὅτι
571 1446 632 1500 τὸ
664 1446 912 1515 φυσικῶς
941 1446 1004 1499 ἔκ
1035 1462 1182 1509 τινος
1207 1441 1347 1500 εἶναι
1392 1446 1452 1511 ἐξ
1481 1444 1648 1499 αὑτοῦ
1680 1447 1829 1498 ἐστιν

250 1540 315 1589 οὐ
352 1537 708 1607 γεννητικῶς,
747 1534 864 1589 ἀλλ’
897 1534 1045 1604 ἄλλῳ
1073 1534 1262 1603 τρόπῳ
1313 1533 1639 1604 ὑπάρξεως·
1675 1532 1736 1586 τὸ
1771 1531 1830 1584 δὲ

219 1630 335 1695 ⁴ὅτι
372 1630 473 1697 τῆς
525 1629 805 1699 ἐνεργείας
833 1630 897 1680 ὲκ
935 1627 1033 1695 τῆς
1083 1626 1233 1688 θείας
1261 1626 1567 1694 λεγομένης
1618 1625 1829 1688 οὐσίας.

252 1724 352 1775 καὶ
384 1722 510 1775 οὔτε
559 1720 918 1790 γεννητικῶς,
947 1720 1007 1774 οὐ
1036 1720 1146 1789 γὰρ
1193 1720 1341 1782 Υἱὸς,
1382 1718 1512 1772 οὔτε
1561 1718 1829 1785 φυσικῶς,

1931 899 2136 953 sanctis
2177 899 2439 953 Patribus
2483 898 2898 967 pronuntiatum
2961 899 3127 953 nosti.
3172 899 3276 953 Per
3327 899 3507 968 ipsum

1934 988 2122 1059 igitur,
2147 990 2614 1059 quemadmodum
2648 988 2908 1059 splendor
2942 1004 2971 1043 a
3016 990 3153 1043 sole.

2006 1165 2095 1221 l9.
2144 1164 2225 1220 Tu
2280 1179 2448 1235 porro
2492 1174 2702 1231 notato,
2738 1175 3036 1235 tenetoque
3080 1165 3328 1233 iudubie,
3374 1179 3510 1237 quot

1935 1258 2113 1314 modis
2138 1257 2380 1324 dicatur,
2414 1258 2662 1328 quodex
2686 1259 2873 1328 aliquo
2908 1271 3014 1314 est.
3053 1260 3110 1313 ld
3137 1276 3375 1327 nutuque
3410 1262 3511 1314 ad-

1936 1366 2131 1406 versus
2165 1361 2459 1421 utramque
2503 1351 2758 1407 haeresim
2784 1351 2992 1407 Grtecis
3017 1354 3222 1407 vulnus
3257 1354 3515 1424 impingit

1934 1442 2158 1497 lethale.
2193 1443 2461 1506 Primum,
2492 1443 2820 1498 naturaliter
2844 1459 2911 1499 ex
2945 1444 3130 1514 aliquo
3162 1460 3309 1508 esse.
3334 1463 3398 1500 ex
3419 1446 3513 1499 illo

1936 1542 2022 1589 est
2052 1550 2160 1589 non
2186 1536 2580 1606 generationis,
2611 1535 2706 1590 sed
2741 1536 2852 1590 alio
2884 1536 3143 1606 quopiam
3174 1537 3513 1593 exsisteutize

1938 1624 2138 1692 modo;
2192 1625 2421 1680 alterum
2455 1624 2794 1692 operationis
2821 1641 2888 1680 ex
2927 1626 3113 1681 divina
3156 1630 3420 1693 essentia,
3457 1639 3514 1683 ct

1942 1732 2050 1771 non
2082 1716 2244 1770 modo
2277 1717 2675 1786 generationis,
2704 1732 2882 1786 neque
2909 1719 3056 1773 enim
3086 1730 3173 1775 est
3208 1720 3397 1783 Filius,
3418 1736 3517 1775 ne-

252 1815 318 1866 οὺ
342 1815 451 1883 γὰρ
481 1813 704 1884 Πνεῦμα
728 1813 829 1883 ἤδη
861 1811 1293 1884 δημιουργικῶς.
1328 1811 1471 1881 Ἀρα
1496 1812 1544 1863 εί
1576 1810 1705 1863 ἄλλο
1733 1813 1833 1879 τῆς

1940 1823 2045 1877 que
2073 1818 2306 1871 naturae,
2340 1823 2464 1863 cum
2502 1824 2613 1863 non
2646 1810 2720 1864 sit
2765 1808 3031 1879 Spiritus,
3066 1826 3246 1880 neque
3278 1812 3514 1866 creatio-

250 1906 447 1969 οὐσίας
475 1905 623 1957 ἐστὶν
663 1907 696 1973 ἡ
730 1905 1004 1973 ἐνέργεια,
1036 1902 1070 1973 ἢ
1106 1903 1206 1955 οὐκ
1248 1901 1422 1964 ἄλλως
1451 1902 1566 1954 οὐδ’
1598 1900 1834 1971 ἀρκούν-

252 2012 363 2059 τως
389 1997 661 2065 digerimus,
716 1994 975 2064 ποσαχῶς
1003 1995 1095 2047 ἐπὶ
1138 1994 1248 2055 τοῖς
1290 1992 1455 2056 θείοις
1499 1995 1560 2045 τι
1594 1994 1658 2045 ἐκ
1690 2010 1836 2056 τινος

252 2087 741 2156 δοῦρανοφὰντωρ
772 2085 1080 2146 Βασίλειος.
1127 2083 1285 2137 Ἀλλὰ
1327 2083 1489 2142 τοῦτο
1532 2084 1633 2152 μὲν
1671 2082 1834 2137 ἄλλου

253 2176 476 2247 καιροῦ.
511 2177 653 2230 Νυνὶ
680 2176 736 2230 δὲ
764 2176 824 2230 τὸ
864 2176 1085 2246 πρῶτον
1114 2175 1431 2246 θεωρῶμεν.
1474 2175 1539 2229 Εἰ
1570 2174 1703 2243 γοῦν
1737 2174 1833 2228 καὶ

256 2273 332 2325 τὰ
360 2271 490 2339 περὶ
513 2270 616 2340 τὴν
646 2269 802 2333 τάξιν
834 2268 910 2339 μὴ
954 2268 1161 2341 θελήσῃ
1201 2284 1285 2330 τις
1315 2267 1554 2330 ἀσεϐεῖν,
1587 2269 1679 2321 καὶ
1708 2270 1834 2332 τοὶς

254 2362 369 2415 τῶν
401 2362 576 2429 ἁγίων
599 2360 788 2428 λόγους
813 2360 888 2431 μὴ
917 2362 1152 2420 ἀθετεῖν.
1184 2359 1380 2422 οἵτινες
1424 2358 1649 2427 Πνεῦμα
1698 2358 1833 2428 ἁλη-

251 2452 412 2515 οείας
442 2450 756 2516 ἀκούοντες,
794 2451 892 2504 καὶ
925 2450 1153 2520 Πνεῦμα
1204 2448 1358 2514 Υίοῦ,
1393 2451 1487 2503 xa‘t
1531 2450 1614 2502 ὅτι
1649 2450 1714 2502 ὲκ
1737 2449 1836 2502 τοῦ

262 2543 395 2594 Υίοῦ
427 2540 716 2610 λαμϐάνει,
753 2539 884 2592 ῖδιον
930 2534 1072 2592 εἶναι
1103 2538 1165 2590 τὸ
1210 2535 1437 2604 Πνεῦμα
1471 2535 1714 2600 ἔγνωσαν
1740 2533 1834 2587 τοῦ

262 2634 421 2697 ἰ’ῑτιῦ,
452 2632 641 2703 ῶσπερ
674 2631 773 2684 καὶ
801 2630 898 2685 τοῦ
935 2630 1170 2699 Πατρὸς,
1202 2628 1489 2698 ὁμολογεῖν
1522 2628 1604 2682 δεῖ
1651 2628 1751 2681 ttat
1778 2626 1838 2693 ἐξ

257 2723 451 2786 αὐτοῦ,
482 2723 517 2792 ἢ
544 2723 615 2776 δι’
652 2721 817 2775 αὑτοῦ
856 2719 1282 2790 ἐκπορεύεσθαι.
1315 2718 1508 2789 ῶσπερ
1541 2721 1638 2774 καὶ
1683 2720 1837 2789 παρὰ

257 2818 355 2871 τοῦ
382 2818 619 2888 Πατρός.
646 2817 708 2869 Ei
737 2816 795 2868 δὲ
819 2814 880 2868 τὸ
905 2812 997 2867 τοῦ
1024 2814 1249 2883 Νύσσης
1277 2812 1575 2882 παράγεις,
1614 2811 1835 2866 Τούτου

259 2909 373 2977 τὰρ
400 2907 630 2970 ἕνεκεν,
665 2906 943 2973 λέγοντος,
976 2902 1221 2974 Πνεῦμα
1257 2904 1561 2972 στόματος
1591 2903 1839 2970 εἴρηκεν

258 3002 298 3054 ό
330 2998 529 3061 Δαϐὶδ,
558 2999 665 3075 ἵνα,
695 2996 810 3066 τὴν
841 2995 1290 3065 ἐκπορευτικὴν
1317 2996 1586 3063 ίδιότὴτα
1613 2994 1693 3061 τῷ
1723 2998 1838 3049 Πα-

256 3089 354 3156 rp!
381 3092 548 3155 μόνῳ
580 3087 944 3155 προσοῦσαν
992 3084 1367 3155 πιστώσηται
1388 3104 1401 3118 ο
1434 3087 1572 3141 ἀλλὰ
1621 3087 1837 3158 πρῶτον

259 3182 367 3249 μὲν
395 3181 578 3233 ἄδικον
605 3183 717 3242 τοῖς
743 3179 1024 3242 πλείστοις
1069 3181 1178 3232 τῶν
1215 3178 1398 3250 ῥητῶν
1436 3180 1532 3233 καὶ
1565 3180 1837 3247 σαφεστᾶ-

259 3287 382 3343 ροις
423 3272 497 3340 μὴ
545 3270 895 3324 ἀκολουθεῖν·
933 3271 1129 3324 ἔπειτα
1159 3270 1217 3323 δὲ
1245 3273 1342 3324 καὶ
1384 3273 1568 3341 μωρὸν
1599 3270 1676 3341 μὴ
1708 3288 1836 3324 συν-

259 3363 425 3428 ιέναι,
449 3364 557 3418 κᾶν
583 3364 715 3433 γοῦν
737 3364 797 3429 εξ
815 3357 892 3419 ὧν
916 3364 976 3417 ὲν
997 3363 1180 3427 ἄλλοις
1219 3363 1574 3432 ἔθεολόγησεν
1599 3364 1627 3416 6
1650 3363 1835 3430 αὐτὸς,

253 3458 344 3510 ὃτι
373 3457 689 3527 διέφθαρται
734 3456 795 3509 τὸ
840 3455 1029 3527 ῥητόν.
1059 3455 1152 3525 Τῷ
1185 3454 1291 3522 up!
1339 3456 1449 3526 γὰρ
1494 3455 1648 3525 μόνῳ
1677 3455 1837 3523 λέγον

253 3550 322 3602 τὸ
353 3567 384 3620 ρ
421 3553 483 3602 ὲκ
515 3549 609 3603 τοῦ
638 3567 667 3603 ν
696 3548 1057 3619 παρατραπὲν
1106 3547 1353 3627 ἐδέξατο.
1377 3547 1550 3601 Τοῦτο
1590 3547 1650 3600 δὲ
1678 3547 1838 3619 δῆλον

254 3643 345 3694 ὃτι
372 3642 472 3710 τὴν
502 3643 906 3711 ὲκπορευτικὴν
949 3641 1195 3710 ίδιότητα
1222 3640 1399 3703 οὐδεὶς
1427 3640 1536 3694 τῶν
1564 3640 1738 3710 ἁγίων
1758 3640 1837 3709 τῷ

259 3734 441 3802 "arpi.
473 3733 819 3802 ’προσνέμων
851 3732 1104 3803 εὕρηται,
1144 3731 1224 3802 τῷ
1254 3731 1310 3785 δὲ
1360 3730 1643 3801 Πνεύματι
1687 3730 1840 3785 πλεῖ-

258 3841 398 3876 στοι.
427 3822 501 3877 Τὸ
527 3824 635 3891 γὰρ
664 3824 1099 3890 ἐκπορεύεσθαι
1123 3822 1275 3893 ῥῆμα
1305 3823 1406 3876 οὐκ
1428 3820 1488 3875 ὃν
1510 3822 1585 3884 ὡς
1612 3822 1674 3876 τδ
1694 3836 1841 3890 προ-

256 3914 508 3983 εάλλον,
544 3918 638 3970 καὶ
667 3916 727 3968 τὸ
743 3914 1162 3986 προϐάλλομαι
1186 3957 1200 3983 ,
1236 3914 1324 3969 ῐνα
1350 3913 1718 3985 ὲνεργητικῶς
1753 3914 1846 3967 λε·-

255 4009 493 4077 γόμενον
511 4009 602 4062 καὶ
620 4007 960 4078 παθητικῶς,
980 4006 1202 4069 ἐκείνως
1222 4006 1320 4076 μὲν
1342 4006 1424 4076 τῷ
1442 4007 1639 4077 Πατρὶ,
1667 4006 1839 4069 οὕτως

253 4102 320 4155 δὲ
354 4102 625 4171 προσήκει
662 4100 740 4170 τῷ
771 4100 1076 4168 Πνεύματι,
1105 4099 1254 4161 ὅπως
1281 4098 1349 4152 ἂν
1377 4098 1718 4168 προφέρηται
1743 4096 1838 4150 τοῦ

258 4193 575 4259 Πνεύματος
617 4192 777 4261 μόνον
805 4192 960 4245 ἴδιον.
991 4192 1032 4243 Τ
1035 4191 1064 4243 δ
1095 4190 1154 4244 δὲ
1191 4187 1567 4259 ἐκπορευτῶς
1614 4190 1711 4242 καὶ
1741 4188 1837 4241 ἐκ·

256 4282 627 4350 πορευτικῶς
660 4284 724 4335 ἐκ
766 4282 860 4336 τοῦ
903 4280 1071 4335 αὑτοῦ
1114 4283 1366 4353 μοναχῶς
1412 4281 1711 4352 λεγομένου
1743 4282 1839 4351 ρή-

260 4390 434 4443 ματος
460 4374 554 4425 καὶ
574 4372 649 4442 τῷ
676 4371 955 4441 Πνεύματι
982 4371 1142 4441 μόνον
1164 4373 1534 4443 προσήκοντος
1552 4360 1837 4442 παρήχθη.

1940 1900 2048 1953 nis.
2082 1899 2227 1969 Ergo
2265 1901 2309 1953 si
2335 1900 2483 1954 aliud
2525 1908 2612 1954 est
2657 1900 2726 1954 ab
2766 1903 3096 1970 operatione
3125 1907 3387 1970 essentia,
3419 1918 3517 1960 aut

1936 2005 2048 2044 non
2076 1998 2247 2054 recte,
2273 1999 2367 2045 aut
2394 1990 2727 2046 suﬂicienter
2759 1993 3006 2058 tradidit,
3050 2004 3187 2062 quot
3239 1997 3417 2051 modis
3457 1998 3512 2051 in

1940 2081 2107 2136 rebus
2163 2081 2369 2136 divinis
2415 2094 2481 2137 ex
2514 2085 2699 2154 aliquo
2727 2101 2850 2139 esse
2893 2085 3131 2151 dicatur,
3184 2103 3513 2143 arcanorum

1938 2170 2249 2225 caelestium
2293 2184 2470 2242 mysta
2523 2172 2775 2229 Basilius.
2829 2173 2936 2228 Sed
2967 2176 3071 2232 hoc
3101 2188 3355 2233 servetur
3406 2179 3517 2232 alio

1941 2272 2208 2334 tempore.
2246 2264 2407 2319 Nunc
2440 2267 2680 2335 primum
2728 2268 3169 2325 consideremus.
3219 2272 3277 2326 Si
3329 2274 3516 2341 itaque

1938 2361 2085 2411 circa
2117 2372 2181 2411 ea
2208 2373 2332 2426 quae
2380 2358 2594 2412 ordinis
2625 2367 2774 2421 sunt,
2828 2359 3032 2428 impius
3077 2376 3198 2417 esse
3249 2378 3357 2416 non
3410 2365 3515 2426 vis,

1939 2458 2368 2519 sanctorumque
2424 2450 2572 2505 dicta
2634 2450 2789 2504 irrita
2842 2450 3155 2522 infectaque
3213 2453 3517 2520 declarare,

1939 2546 2038 2609 qui
2074 2541 2343 2610 Spiritum
2378 2541 2627 2596 veritatis
2648 2542 2961 2607 audientes,
2996 2554 3052 2599 et
3079 2544 3347 2614 Spiritum
3369 2548 3515 2615 Filii,

1939 2640 1997 2686 et
2031 2645 2095 2685 ex
2120 2630 2261 2685 Filio
2299 2630 2580 2701 accipere,
2615 2632 2900 2702 proprium
2933 2649 3056 2689 esse
3086 2635 3209 2691 Filii
3245 2637 3515 2707 Spiritum

1939 2721 2324 2789 decreverunt,
2382 2723 2849 2793 quemadmodum
2898 2735 2955 2780 et
2982 2727 3195 2795 Patris,
3235 2729 3517 2788 fatendum

1939 2829 2169 2883 prorsus
2212 2826 2321 2881 est,
2353 2825 2409 2871 et
2433 2831 2502 2871 ex
2550 2817 2691 2886 ipso,
2720 2826 2778 2872 et
2827 2832 2924 2887 per
2972 2811 3151 2890 ipsum
3197 2824 3516 2891 procedere.

1942 2910 2019 2963 uti
2078 2925 2148 2965 ex
2209 2909 2385 2964 Patre.
2442 2908 2648 2976 Quodsi
2722 2911 2951 2982 Nysseni
3010 2913 3216 2967 dictum
3274 2916 3518 2980 aﬂ'cras,

1942 2999 2122 3071 Hujus
2159 3001 2300 3054 enim
2348 3002 2545 3071 gratia,
2588 3002 2843 3067 dicentis,
2897 3002 3160 3075 Spiritum
3207 3009 3337 3074 oris,
3384 3011 3520 3063 dixit

1941 3090 2149 3158 David,
2189 3101 2246 3146 ut
2319 3093 2705 3162 proprietatem
2763 3099 3079 3165 procedendi
3126 3099 3358 3169 faciendi
3416 3104 3520 3158 soli

1948 3183 2099 3238 Patri
2129 3185 2470 3238 inhaerentem
2537 3186 2898 3242 constabiliret
2932 3206 2946 3241 :
2978 3203 3105 3246 ante
3166 3194 3350 3247 omnia
3374 3198 3393 3211 ‘
3414 3197 3520 3248 mi-

1939 3276 2089 3331 nime
2143 3292 2360 3346 aequum
2424 3278 2616 3346 fuerit,
2672 3282 2935 3352 majorem
2998 3292 3211 3352 partem
3252 3261 3519 3343 'testimo-

1940 3368 2183 3432 niorum,
2229 3384 2536 3441 eorumque
2564 3371 2956 3428 dilucidiorum
3004 3377 3301 3447 negligere.
3357 3381 3520 3437 Dein-

1940 3475 2070 3530 ceps
2114 3461 2343 3516 stultum
2388 3473 2495 3530 est,
2539 3478 2650 3519 non
2709 3467 2996 3536 percipere
3033 3478 3231 3526 saltem
3287 3488 3353 3528 ex
3394 3476 3519 3529 aliis

1940 3552 2187 3624 ejusdem
2227 3554 2404 3611 Patris
2444 3540 2784 3628 theologieis
2793 3559 2977 3625 dictis,
3005 3561 3217 3618 dictum
3250 3564 3355 3621 hoc
3392 3582 3518 3621 esse

1941 3656 2281 3715 corruptum.
2314 3647 2597 3717 Siquidem
2653 3649 2785 3705 dum
2828 3652 2963 3723 legit
3009 3657 3130 3725 πρὶ,
3166 3672 3194 3711 r
3224 3674 3290 3713 ex
3325 3676 3357 3713 n
3417 3661 3518 3714 im-

1902 3724 2211 3793 'mutatum
2261 3738 2504 3810 irrepsit,
2547 3752 2604 3797 et
2647 3758 2849 3800 nomen
2910 3724 3153 3817 Spiritus
3214 3754 3308 3806 πνὶ
3357 3752 3521 3810 Pater

1941 3830 2249 3898 occupavit,
2302 3832 2528 3888 minima
2572 3835 2910 3893 inversione.
2944 3840 3115 3911 quue
3163 3845 3515 3903 manifestum

1940 3931 2046 3987 est,
2084 3922 2231 3991 quod
2263 3924 2450 3980 nullus
2477 3940 2546 3981 ex
2568 3927 2830 3985 Patribus
2860 3935 3235 4000 processionis
3265 3941 3518 4010 proprie-

1941 4019 2111 4067 tatem
2151 4014 2299 4068 Patri
2331 4016 2645 4072 attribuens
2676 4020 3006 4090 reperiatur,
3040 4036 3096 4080 at
3127 4025 3357 4097 Spiritui
3399 4032 3520 4100 νιετ-

1943 4104 2090 4159 rimi.
2121 4103 2372 4176 Namque
2390 4108 2618 4163 verbum
2641 4111 2746 4166 hoc
2763 4113 3186 4184 ἐκπορεύεσθαι,
3214 4123 3517 4190 procedere,

1941 4212 2069 4253 cum
2098 4214 2209 4254 non
2242 4215 2398 4270 teque
2431 4216 2491 4257 se
2518 4201 2722 4259 habeat
2744 4206 2918 4261 veluti
2956 4217 3012 4263 et
3044 4211 3293 4280 produco
3319 4224 3517 4285 etpro-

1940 4290 2134 4357 ducor,
2173 4301 2235 4346 ut
2262 4296 2442 4349 active
2469 4303 2524 4350 et
2549 4298 2767 4366 passive
2791 4304 3234 4370 pronuntiatum,
3274 4308 3370 4362 ilio
3392 4310 3486 4378 qui

1940 4379 2066 4435 dem
2126 4382 2292 4437 modo
2332 4382 2503 4449 Patri,
2556 4387 2661 4441 hoc
2713 4403 2843 4444 vero
2897 4389 3127 4460 Spiritui
3182 4395 3519 4465 adaptetur,

252 4462 586 4533 Διὲφθαρται
641 4463 749 4532 ἄρα
782 4464 894 4524 τοῖς
950 4462 1203 4533 Γραικοῖς
1255 4462 1315 4515 τὸ
1347 4462 1568 4532 χωρίον.
1605 4461 1750 4528 Ἐτι,
1786 4462 1835 4515 εί

1941 4475 2351 4555 prpnuntiatur,
2396 4478 2470 4530 ita
2508 4486 2570 4531 ut
2595 4478 2837 4549 Spiritus
2877 4492 3087 4539 tantum
3118 4461 3514 4559 proprietatem

255 4550 339 4624 τῷ
372 4557 544 4623 “arpi.
567 4554 716 4625 μόνῳ
735 4554 954 4622 εἴρηκε,
991 4555 1218 4624 μάταιος
1247 4555 1276 4606 6
1302 4554 1460 4621 λόγος
1487 4554 1657 4624 αὐτῷ.
1696 4553 1837 4607 Ἀλλ’

253 4649 321 4713 οὐ
361 4649 614 4717 μάταιος.
661 4646 833 4716 Σοφὺς
870 4649 980 4717 γὰρ
1012 4648 1174 4716 εἴπερ
1216 4664 1302 4711 τις
1323 4649 1365 4701 ’ὀ
1395 4649 1708 4716 Νυσσαεὺς,
1745 4651 1840 4703 καὶ

257 4740 438 4807 ἅγιος.
468 4738 546 4792 06
582 4737 657 4808 τῷ
686 4739 861 4807 Πατρὶ
895 4739 1027 4807 ἄρα,
1075 4738 1212 4791 ἀλλὰ
1245 4738 1322 4809 τῷ
1353 4740 1654 4810 Πνεῦματι.
1683 4742 1841 4795 υῦτω

254 4832 369 4901 γὰρ
400 4834 495 4884 καὶ
526 4833 554 4884 6
599 4831 759 4898 λόγος
797 4829 948 4898 αὐτῷ
1000 4832 1346 4911 προσχωρείε
1385 4833 1480 4885 καὶ
1525 4834 1637 4895 τοῖς
1670 4833 1839 4886 αὐτοῦ

257 4923 422 4986 αὐτὸς
450 4924 551 4976 οὐκ
596 4922 892 4989 ἀντιλέγει.
930 4920 1103 4975 Τοῦτο
1148 4922 1193 4975 δ’
1225 4922 1476 4992 εὐκρινὲς
1519 4926 1719 4993 γένοιτ’
1749 4926 1837 4993 ἂν,

254 5015 309 5066 ιι
340 5014 525 5084 θῶμεν
575 5016 828 5084 εἰρῆσθαι
863 5014 941 5082 τῷ
989 5014 1153 5068 Δαυτδ
1180 5030 1195 5045 ε
1237 5015 1346 5069 Καὶ
1389 5018 1575 5086 λόγος
1613 5019 1841 5088 στόμα-

259 5123 385 5171 τος.
451 5106 622 5159 Πάλιν
657 5106 766 5176 γὰρ
800 5106 834 5175 ἡ
887 5108 1258 5178 ἐκπορευτικὴ
1312 5108 1512 5178 ἰδιότης
1560 5109 1623 5162 τὸ
1675 5109 1734 5175 ἐξ
1776 5104 1838 5163 οὗ

254 5199 435 5268 τούτῳ
462 5197 540 5268 τῷ
565 5198 711 5267 λόγῳ
741 5197 976 5267 δηλοῦσα
1009 5201 1220 5269 προσῆν
1253 5200 1321 5253 ἂν
1353 5199 1502 5270 μόνῳ
1527 5201 1608 5271 τῷ
1638 5202 1835 5272 Πατρί.

257 5293 322 5344 Εἰ
379 5292 488 5362 γὰρ
536 5297 599 5344 εκ
629 5289 726 5343 τοῦ
760 5291 897 5344 Θεοῦ
954 5292 1048 5345 καὶ
1085 5291 1718 5361 Πατρδςεκπορεύεται
1779 5298 1839 5349 τὸ

258 5384 483 5453 Πνιῦμα
520 5386 578 5437 τὸ
614 5382 793 5453 ἅγιον,
820 5385 938 5437 ἐστι
966 5384 1026 5436 δὲ
1066 5386 1161 5438 καὶ
1187 5386 1215 5438 6
1241 5384 1416 5453 Λόγος
1445 5386 1603 5457 λόγος
1635 5369 1839 5459 στόμα-

255 5491 370 5535 τος,
402 5476 521 5545 ἦτοι
572 5475 1010 5547 ἐκπορευόμενος
1056 5477 1122 5529 ἐκ
1173 5476 1266 5529 τοῦ
1301 5476 1436 5530 Θεοῦ
1467 5482 1563 5533 καὶ
1598 5480 1834 5553 Πατρδς,

253 5568 350 5620 δύο
383 5569 687 5637 γινομένων
718 5570 830 5624 τῶν
877 5568 1310 5639 πρςδλημᾶτων,
1345 5567 1424 5637 εἷς
1479 5572 1641 5641 μόνος
1684 5574 1837 5629 ἔσται

256 5661 421 5710 πάλιν
456 5661 484 5712 6
517 5660 836 5729 προϐολεὺς,
871 5660 964 5713 καὶ
991 5660 1141 5730 αὐτῷ
1165 5661 1314 5732 μόνῳ
1346 5666 1648 5732 προσέσται
1675 5668 1707 5736 ἡ
1744 5669 1836 5722 ὲκ-

256 5754 555 5824 πορευτικὴ
607 5752 827 5824 ἰδιότης.
869 5752 1109 5816 illitam;
1160 5754 1267 5824 ip:
1318 5758 1343 5808 6
1378 5755 1535 5824 λνῖγος
1572 5757 1649 5828 τῷ
1687 5759 1834 5812 Νυσ-

1939 4566 2231 4635 exprimat.
2267 4568 2528 4625 Doctores
2557 4570 2723 4625 etiam
2758 4573 2850 4628 illa
2882 4575 3259 4647 ἑκπορευτῶς.
3314 4591 3366 4636 ει
3428 4587 3519 4637 ὲκ-

1940 4657 2311 4730 πορευτικῶς,
2336 4677 2431 4731 per
2453 4663 2664 4717 modum
2685 4668 3057 4734 processionis.
3089 4670 3166 4724 Ex
3195 4673 3390 4729 eodem
3406 4690 3519 4730 uno

1940 4750 2108 4806 modo
2133 4740 2306 4808 verbo
2340 4756 2722 4824 pronuntiato,
2751 4767 2815 4813 οι·
2831 4762 2978 4829 quod
3010 4762 3078 4818 ad
3113 4765 3294 4820 solum
3333 4767 3508 4838 Spiri-

1944 4850 2059 4898 tum
2092 4846 2354 4915 pertinet,
2386 4846 2625 4904 deducta
2657 4861 2811 4907 sunt.
2846 4852 3190 4923 Depravatus
3221 4858 3405 4929 itaque
3436 4861 3517 4915 lu-

1939 4952 2041 4994 cus
2074 4947 2159 4993 est
2187 4956 2215 4992 a
2248 4938 2473 4997 Graecis.
2505 4941 2588 4997 Ad
2634 4944 2770 5000 haec.
2818 4944 2897 5010 Si,
2929 4948 3029 5002 soli
3063 4950 3229 5015 Patri,
3267 4953 3515 5019 dixisset,

1941 5028 2145 5085 frustra
2177 5046 2493 5089 sermonem
2522 5035 2897 5104 habuisset,at
2928 5046 3039 5095 non
3066 5041 3270 5099 frustra
3299 5046 3514 5109 habuit,

1942 5131 2056 5177 tum
2106 5126 2253 5179 enim
2304 5128 2597 5197 sapientia,
2630 5138 2745 5184 tum
2783 5133 3078 5189 sanctitate
3118 5136 3161 5189 si
3200 5139 3326 5207 quis
3376 5140 3520 5194 alius

1940 5212 2221 5285 Nyssenus
2248 5218 2555 5288 praepollet.
2590 5220 2706 5275 Non
2755 5223 2903 5277 Patri
2951 5238 3107 5296 ergo,
3156 5230 3251 5281 sed
3287 5228 3519 5297 Spiritui

1938 5307 2180 5377 scripsit.
2217 5308 2309 5364 Sic
2342 5312 2490 5365 enim
2525 5320 2583 5367 et
2615 5303 2799 5369 oratio
2819 5325 2970 5372 recte
3000 5319 3272 5386 procedit,
3309 5329 3364 5375 et
3412 5324 3517 5377 sibi

1942 5398 2043 5467 ipsi
2076 5414 2188 5455 non
2220 5401 2573 5458 contradicit.
2593 5403 2764 5474 idque
2787 5406 3087 5464 dilucidius
3117 5411 3232 5473 ﬁet,
3268 5413 3313 5467 si
3346 5428 3519 5482 pona-
3564 5396 3571 5403 ³

1940 5501 2065 5542 mus
2119 5488 2378 5543 Davidem
2439 5490 2693 5547 dixisse:
2732 5493 2802 5547 Et
2848 5497 3063 5552 verbum
3116 5503 3244 5556 oris.
3307 5503 3519 5558 Rursus

1938 5581 2086 5634 enim
2115 5581 2449 5649 procedendi
2482 5583 2715 5639 faciendi
2737 5589 3064 5658 proprietas,
3098 5608 3164 5647 ex
3190 5610 3298 5664 quo
3318 5612 3518 5668 nempe

1942 5675 2047 5726 huc
2081 5689 2337 5728 sermone
2370 5676 2608 5732 indicata
2641 5679 2742 5733 soli
2776 5681 2924 5735 Patri
2957 5686 3274 5743 inhaereret.
3300 5689 3517 5749 Etenim

1939 5767 1981 5819 si
2014 5782 2080 5820 ex
2118 5766 2226 5821 Deo
2256 5776 2311 5822 et
2349 5766 2509 5827 Patre
2564 5774 2811 5842 procedit
2859 5772 3101 5847 Spiritus
3150 5791 3392 5854 sanctus,
3434 5796 3520 5842 est
