3902 6208
249 334 367 398 813
461 402 466 407 ,

1194 336 1290 396 DE
1334 336 1846 402 PROCESSIONE
1888 345 2245 407 SPlRiTUS
2289 347 2578 408 SANCTI.

3434 340 3539 402 8H

257 459 351 494 ται
383 443 463 496 δέ.
510 443 728 514 Ἐπειδὴ
762 445 868 516 γὰρ
899 445 964 499 ἐκ
997 446 1210 514 Πατρδς
1251 448 1344 502 καὶ
1375 447 1507 500 Υίοῦ
1539 449 1598 500 τὸ
1629 449 1853 519 Πνεῦμα

1965 457 2254 520 .ecundus,
2305 457 2451 526 quod
2493 463 2576 510 cst
2625 453 2945 509 absurdum.
3005 453 3227 515 Adltzcc,
3291 449 3334 504 si
3380 461 3432 503 et
3473 470 3536 504 «ιι

255 535 500 602 λέγεται,
526 536 676 588 ἔσται
705 537 762 602 ἐξ
785 537 1044 606 αὑτῶν,ἥ
1094 539 1168 600 ὡς
1223 538 1330 590 ἀπὸ
1367 539 1504 601 ἑνὸς,
1540 539 1573 610 ἢ
1622 539 1698 602 ὡς
1748 541 1857 594 ἀπὸ

256 627 426 680 δυοῖν.
471 625 612 679 Ἀλλ’
636 627 685 679 εί
716 628 818 696 μὲν
848 629 923 691 ὡς
950 628 1059 682 ἀπὸ
1085 629 1223 695 ἑνὸς,
1251 629 1405 684 ἔσται
1451 633 1544 684 καὶ
1583 631 1638 697 ἐξ
1666 633 1854 686 αὐτοῦ.

271 718 334 769 ’0
385 719 496 788 γὰρ
547 718 740 788 Πατὴρ
778 720 915 773 καὶὸ
940 721 1068 783 Υίδς
1095 724 1159 791 τῇ
1191 721 1407 792 θεότητι
1448 717 1585 795 ἐν,ᾖ
1653 725 1746 776 καὶ
1791 725 1854 776 τὸ

262 809 487 878 Πνεῦμα
520 811 640 881 μετ’
663 813 844 866 αὐτῶν
885 814 965 867 ἓν.
1015 813 1103 877 Ὠς
1128 815 1190 866 ὲκ
1220 816 1362 868 δυοῖν
1384 815 1510 884 ἄρα.
1543 817 1653 870 Καὶ
1703 816 1848 871 οὕτω

262 901 488 970 διαρχία
540 904 900 974 πρεσϐεύεται
964 907 1215 970 Ἰταλοῖς.

1963 545 2101 602 Filio
2125 547 2383 616 Spiritus,
2415 563 2519 601 non
2551 562 2740 610 unum,
2768 545 2862 600 sed
2895 546 3004 599 duo
3039 543 3307 614 principia
3335 550 3534 594 enrnt:

1959 647 2014 691 et
2055 638 2327 707 sequitur.
2375 637 2513 692 Cum
2553 637 2698 692 enim
2735 653 2800 692 ex
2836 635 2995 691 Patre
3043 646 3100 690 et
3126 636 3266 690 Filio
3297 633 3541 702 Spiritus

1958 727 2185 793 dicitur,
2209 729 2320 782 erit
2361 744 2429 782 ex
2458 728 2614 798 ipsis,
2641 737 2734 782 aut
2758 737 2817 782 ut
2866 727 2936 782 ab
2965 743 3102 790 uno,
3131 736 3224 780 aut
3256 733 3314 777 ut
3344 741 3372 777 a
3404 724 3543 776 duo-

1959 820 2084 875 bus.
2118 819 2322 886 Quodsi
2365 830 2622 888 tanquam
2660 821 2727 875 ab
2761 820 3016 883 uno,erit
3047 820 3210 874 etiam
3241 833 3304 872 ex
3339 833 3469 871 sem:
3495 827 3542 868 t-

1956 911 2095 980 ipso.
2158 912 2290 966 Nam
2341 913 2503 966 Pater
2527 922 2582 967 et
2619 913 2787 966 Filius
2857 911 3145 966 divinitate
3176 925 3346 964 unum
3389 918 3538 965 sunt.

265 1013 373 1064 qua
431 1008 487 1053 et
541 998 781 1068 Spiritus
819 1001 982 1057 simul
1038 1017 1162 1057 cum
1223 1003 1291 1059 iis
1337 1019 1507 1058 unum
1559 1015 1662 1060 est.
1715 1005 1852 1074 Ergo
1893 1017 2150 1078 tanquam
2195 1027 2260 1065 ex
2319 1010 2554 1066 duobus.
2612 1010 2680 1064 Et
2745 1010 2827 1064 sic
2880 1009 2989 1064 duo
3064 1009 3338 1079 principia
3386 1007 3531 1076 apud

266 1086 432 1164 Italos
459 1097 644 1141 erunt.

338 1176 439 1232 κδ’.
492 1179 634 1249 Πρὸς
689 1179 789 1246 μὲν
837 1176 930 1233 οῦν
979 1182 1039 1234 τὸ
1104 1183 1320 1253 πρῶτον
1361 1185 1672 1239 εἰπάτωσαν
1722 1187 1854 1254 ἡμῖν
1935 1164 1940 1166 ﬁ

270 1271 518 1340 Γραικοὶ,
547 1270 633 1333 τίς
661 1271 770 1322 τῶν
795 1272 965 1339 ἁγίων
992 1275 1120 1343 περὶ
1152 1275 1260 1328 τῶν
1291 1276 1651 1346 διακριτικῶν
1679 1278 1856 1331 διαλε-

267 1363 520 1432 γόμενος,
553 1359 674 1416 εἴπέ
710 1381 862 1428 ποτε,
887 1365 975 1418 ὅτι
1018 1367 1088 1418 τὰ
1120 1366 1293 1420 δυοῖν
1326 1371 1496 1424 κοινὰ
1532 1371 1706 1424 κοινὰ
1733 1369 1856 1436 τοῖς

270 1455 513 1519 τρισίν;
552 1454 692 1506 Ἀλλ’
714 1455 813 1508 οὐκ
846 1455 1042 1525 ἔχοιεν.
1095 1457 1156 1509 Εἰ
1194 1458 1248 1510 δὲ
1282 1459 1491 1524 λέγοιεν
1521 1461 1597 1522 ὡς
1645 1464 1672 1514 6
1709 1462 1853 1524 θεῖος

271 1545 574 1615 Γρηγόριος
595 1545 662 1598 τὰ
692 1545 767 1613 τῷ
789 1548 958 1616 Πατρὶ
994 1550 1086 1601 καὶ
1119 1548 1232 1618 Υἱῷ
1266 1553 1539 1620 προσόντα
1574 1552 1652 1619 τῷ
1685 1551 1854 1605 Ilvati-

277 1653 408 1705 ματι
433 1637 632 1690 ἐνεῖναι
665 1637 922 1704 βούλεται
950 1651 964 1667 ⁸
1003 1641 1426 1709 μανθανέτωσαν
1446 1643 1520 1706 ὡς
1567 1645 1696 1713 περὶ
1753 1644 1852 1711 τῆς

274 1728 527 1793 θεότητος
549 1727 627 1798 τῷ
651 1727 792 1798 ἁγίῳ
817 1730 844 1781 6
874 1729 1052 1797 λόγος,
1105 1734 1245 1784 κατὰ
1268 1732 1376 1801 γὰρ
1423 1733 1531 1786 τῶν
1570 1738 1710 1787 κατὰ
1759 1733 1852 1787 τοῦ

275 1818 594 1887 Πνεῦματος
625 1819 990 1889 μαινομένων.

273 1909 653 1979 διακριτικῶν,
679 1911 817 1965 ἀλλὰ
855 1898 996 1965 κατᾶ
1031 1914 1131 1980 τῆς
1161 1914 1414 1984 θεότητος
1453 1917 1548 1969 τοῦ
1601 1917 1854 1987 Πνεῦμα-

272 2018 363 2063 τος
403 2001 705 2069 ὲμαίνοντο.
746 2004 871 2056 Ὀτι
901 2005 958 2058 ει
991 2006 1187 2074 ψευδὲς
1222 2008 1282 2060 τὸ
1311 2009 1550 2078 πρῶτον,
1581 2009 1668 2062 διὰ
1727 2009 1855 2061 πολ-

271 2091 384 2144 λῶν
422 2093 582 2162 δῆλον
612 2111 626 2125 ο
668 2094 882 2161 πρῶτον
916 2095 1033 2164 μὲν,
1070 2097 1238 2150 ὅτιτὸ
1278 2097 1502 2167 Πνεῦμα
1528 2100 1708 2152 κοινὸν
1745 2102 1858 2154 Πα-

274 2183 367 2252 τρὶ
384 2185 476 2237 καὶ
507 2184 638 2254 Υῖῴ.
669 2180 769 2249 Οἷς
799 2186 906 2254 γὰρ
935 2187 1000 2240 τὸ
1035 2187 1277 2258 Πνεῦμα
1321 2192 1549 2255 κοινὸν,
1620 2192 1856 2257 τούτοις

274 2274 449 2328 ἔσται
481 2274 719 2340 πάντως
758 2277 851 2329 καὶ
887 2278 956 2330 τὰ
985 2276 1092 2346 τῆς
1132 2281 1348 2346 οὐσίας
1381 2277 1854 2351 οὐᾌιῃρημένα,

274 2371 408 2436 φησὶ
445 2367 729 2435 Κύριλλος.
789 2369 898 2422 Καὶ
951 2371 1173 2440 Πνεῦμα
1223 2373 1320 2442 μὲν
1372 2373 1563 2443 ὥσπερ
1621 2376 1852 2444 Πατρὶς,

273 2457 418 2511 οὕτω
449 2458 693 2540 ,λέγεται
758 2462 852 2514 καὶ
905 2462 1058 2518 Υἱοῦ.
1131 2464 1206 2517 Οῦ
1254 2465 1469 2532 λέγεται
1525 2467 1582 2519 δὲ
1632 2467 1856 2537 Πνεῦμα

276 2549 616 2619 Πνεὺματος.
689 2551 748 2606 ’0
804 2554 913 2622 γὰρ
976 2555 1134 2608 τοῦτο
1186 2557 1361 2624 λέγων
1421 2559 1516 2612 δύο
1564 2560 1859 2629 Πνεῦματα

278 2645 626 2712 παρεισάγει,
659 2647 719 2699 οῦ
742 2647 1038 2717 δυνάμενος
1073 2649 1134 2701 τὸ
1179 2649 1238 2700 ἒν
1267 2651 1450 2718 λέγειν
1505 2653 1596 2704 καὶ
1637 2652 1855 2708 ἑαυτοῦ.

280 2737 470 2789 Κοινὺν
498 2738 603 2805 ἄρα
632 2742 744 2793 τοῖν
771 2739 914 2792 δυοῖν
943 2740 1002 2793 τὸ
1067 2741 1294 2811 Πνεῦμα
1322 2758 1334 2770 '
1377 2742 1574 2812 ψευδὲς
1644 2743 1749 2812 ἄρα
1800 2743 1858 2795 τὸ

282 2827 726 2896 προτεινόμενον.
751 2829 871 2882 "Et:
903 2830 995 2882 ἐπὶ
1028 2830 1126 2900 τῆς
1147 2833 1428 2902 μακαρίας
1459 2831 1688 2901 Τριάδος
1711 2835 1860 2902 τρεῖς

280 2919 608 2988 θεωροῦνται
641 2921 990 2989 συνδυασμοὶ,
1029 2924 1122 2975 καὶ
1174 2924 1257 2992 ἐφ’
1285 2924 1518 2976 ἑκάστου
1562 2925 1740 2978 κοινόν
1804 2941 1858 2976 τι

280 3009 589 3078 εὑρίσκεται
632 3015 743 3074 τοῖς
776 3011 917 3066 δυσί.
968 3013 1139 3066 Τοῦτο
1190 3014 1247 3067 δὲ
1293 3014 1445 3068 ἔσται
1503 3015 1760 3086 φανερὸν,
1811 3016 1858 3068 εί

2028 1182 2118 1236 93.
2153 1181 2230 1235 Ad
2276 1180 2512 1250 primum
2551 1179 2736 1248 itaque
2785 1178 2972 1233 dicant
3011 1177 3205 1240 Graeci,
3256 1178 3382 1246 quis
3434 1193 3536 1230 un-

1956 1290 2122 1343 quam
2158 1288 2224 1326 ex
2263 1272 2471 1326 sanctis
2497 1271 2751 1325 Pati-ibus
2782 1269 2850 1325 de
2905 1269 3257 1324 discernendi
3289 1269 3396 1321 vim
3433 1269 3534 1321 ha-

1961 1365 2224 1418 bentibus
2258 1377 2570 1418 sermonem
2612 1362 2841 1424 habens,
2896 1361 3032 1415 dixit
3084 1377 3327 1430 unquam
3364 1383 3377 1415 :
3411 1363 3540 1426 Qum

1959 1464 2083 1510 sunt
2128 1455 2328 1508 duobus
2373 1456 2695 1514 communia,
2737 1469 2846 1507 esse
2897 1455 3198 1507 communia
3248 1462 3295 1506 et
3328 1455 3541 1507 tribus?

1962 1545 2030 1599 At
2061 1544 2112 1598 id
2167 1559 2449 1612 nunquam
2494 1550 2774 1612 suppetet.
2803 1542 2859 1595 Si
2894 1543 3082 1597 dicant
3115 1543 3302 1597 divum
3335 1542 3539 1609 Grego-

1963 1635 2131 1697 rium,
2197 1649 2319 1703 qua:
2381 1633 2525 1688 Patri
2561 1643 2614 1688 et
2660 1633 2799 1687 Filio
2832 1636 3046 1695 insunt,
3082 1648 3144 1686 ea
3183 1634 3363 1687 inesse
3402 1651 3538 1702 quo-

1961 1741 2066 1796 que
2097 1735 2154 1780 et
2191 1725 2421 1794 Spiritui
2462 1741 2712 1780 asserere
2737 1743 2752 1790 ;
2774 1724 2984 1780 discant
3011 1726 3393 1805 dedivinitate
3415 1742 3539 1780 satr-

1066 1823 1292 1876 Ἐκεῖνοι
1330 1824 1387 1877 δὲ
1430 1826 1491 1878 οὐ
1545 1828 1690 1880 κατὰ
1745 1826 1853 1880 τῶν

1965 1828 2104 1873 ctum
2151 1816 2322 1870 verba
2365 1816 2568 1880 facere,
2607 1831 2733 1870 cum
2765 1817 2942 1870 oratio
2983 1817 3055 1870 sit
3087 1817 3352 1873 adversus
3411 1832 3531 1881 eos,

1954 1908 2048 1978 qui
2103 1908 2158 1962 in
2217 1907 2492 1976 Spiritum
2557 1907 2934 1962 insaniebant.
2996 1905 3077 1960 Illi
3140 1923 3272 1962 vero
3324 1923 3432 1962 non
3471 1909 3540 1960 de

1955 1999 2307 2055 discernendi
2353 1999 2466 2052 vim
2521 1999 2877 2062 habentibus,
2937 1997 3033 2052 sed
3067 1997 3132 2052 de
3172 1998 3415 2067 Spiritus
3452 1998 3542 2050 «li-

1959 2091 2192 2146 vinitate
2260 2093 2504 2146 maximo
2555 2089 2742 2145 furore
2814 2089 3137 2143 inﬂammati
3206 2091 3537 2145 tractabant.

1957 2186 2026 2240 Et
2085 2184 2264 2254 primo
2321 2185 2445 2239 loco
2506 2183 2848 2254 propositum
2887 2182 3083 2236 falsum
3113 2198 3253 2246 esse,
3288 2183 3542 2250 pluribus

1957 2284 2131 2346 patet.
2183 2275 2432 2330 Primum
2491 2274 2639 2343 quod
2705 2273 2947 2342 Spiritus
2977 2274 3289 2326 communis
3321 2283 3405 2327 est
3436 2275 3539 2327 Pa-

1960 2367 2030 2421 tri
2062 2377 2118 2420 et
2156 2365 2298 2420 Filio
2341 2384 2355 2420 :
2401 2364 2600 2429 Quibus
2656 2366 2794 2418 enim
2854 2363 3082 2433 Spiritus
3117 2367 3536 2424 communisesl,

1958 2457 2065 2511 illis
2137 2473 2352 2526 prorsus
2410 2466 2456 2508 et
2509 2471 2627 2524 qum
2685 2455 2921 2508 essentia:
2968 2463 3111 2518 sunt,
3155 2466 3406 2525 separata
3436 2471 3539 2508 non

1958 2556 2106 2610 srmt,
2137 2549 2214 2602 ait
2255 2546 2518 2618 Cyrillus.
2573 2546 2637 2600 Et
2686 2547 2926 2616 Spiritus
2959 2547 3181 2617 quidem
3224 2547 3302 2601 uti
3339 2548 3538 2612 Patris,

1960 2640 2036 2694 ita
2103 2639 2309 2694 dicitur
2366 2648 2421 2694 et
2484 2638 2632 2692 Filii.
2691 2639 2802 2694 Nec
2836 2647 3018 2693 tamen
3068 2639 3271 2693 dicitur
3301 2639 3541 2709 Spiritus

1962 2731 2222 2803 Spiritus.
2274 2732 2377 2798 Qui
2432 2733 2577 2786 enim
2632 2731 2736 2786 boc
2777 2731 2944 2787 modo
2992 2732 3348 2801 quueretur,.
3399 2731 3542 2784 duas

1960 2825 2202 2895 Spiritus
2235 2824 2565 2890 insinuaret,
2591 2840 2714 2879 cum
2751 2839 2856 2879 non
2915 2834 3101 2895 posset
3123 2822 3537 2878 unum-dicere.

1961 2929 2018 2974 et
2053 2918 2138 2971 sui
2175 2918 2374 2988 ipsius.
2406 2917 2727 2973 Communis
2755 2933 2886 2986 ergo
2917 2926 2999 2970 est
3029 2915 3249 2968 duobus
3274 2913 3538 2982 Spiritus.

1963 3013 2182 3068 Falsum
2242 3013 2428 3084 igitur,
2474 3013 2619 3083 quod
2677 3010 3026 3082 proponitur.
3094 3009 3226 3062 Item
3261 3024 3275 3063 :
3317 3007 3371 3060 in
3418 3021 3545 3059 san-

281 3103 500 3172 πρῶτον
534 3103 890 3172 διασαφῶμεν
913 3103 1010 3173 τὴν
1032 3104 1198 3170 λέξιν,
1229 3105 1315 3158 ἵνα
1346 3105 1421 3176 μὴ
1455 3109 1522 3175 τῇ
1569 3109 1861 3178 ὁμωνυμίᾳ

1967 3107 2211 3162 ctissima
2253 3107 2525 3162 Trinitate
2559 3116 2672 3160 tres
2733 3102 3160 3159 considerantur
3192 3101 3541 3169 conjunctio-

278 3193 701 3264 ταραττώμεθα.
731 3193 805 3246 T6
857 3195 1157 3264 ἀγέννητον
1193 3196 1358 3266 διχῶς
1406 3196 1646 3264 λέγεται,
1700 3200 1759 3250 τό
1802 3217 1861 3252 τε

279 3288 531 3356 ἀνάρχως
557 3283 804 3352 εἷναι,ὼ;
835 3290 959 3340 ὅταν
989 3287 1264 3356 λέγωμεν,
1301 3288 1362 3340 '0
1396 3289 1582 3359 Πατὴρ
1635 3292 1865 3361 ἀγέννη-

277 3395 392 3442 τος,
420 3379 511 3430 καὶ
549 3379 610 3429 τὸ
641 3378 716 3447 μὴ
751 3379 1024 3448 γεννητῶς
1053 3379 1126 3441 ὡς
1152 3382 1179 3432 6
1211 3379 1355 3442 Υἱὸς,
1396 3379 1468 3442 ῶς
1525 3381 1588 3434 τὸ
1643 3381 1865 3452 Πνεῦμα

279 3470 595 3538 ἀγέννητον.
619 3469 729 3521 Καὶ
755 3470 815 3521 τὺ
843 3470 1102 3537 γεννητὸν
1120 3470 1340 3541 ὁμοίως,
1364 3473 1424 3526 τό
1443 3490 1501 3525 τε
1525 3473 1696 3544 ἀρχὴν
1717 3474 1864 3544 ἔχον,

279 3561 376 3612 καὶ
397 3561 453 3612 τὸ
480 3561 747 3628 φυσικῶς,
774 3561 894 3627 ἦτοι
922 3564 1043 3613 κατ’
1072 3562 1403 3634 ὲκπόρευσιν
1430 3564 1509 3628 ὃν,
1527 3569 1618 3618 καὶ
1637 3567 1862 3620 τούναν-

279 3652 495 3717 τίον,τδ
517 3652 593 3721 μὴ
612 3654 786 3722 ἀρχὴν
811 3653 958 3722 ἕχον,
985 3654 1084 3707 καὶ
1108 3655 1169 3716 τὺ
1199 3655 1275 3728 μὴ
1295 3659 1416 3710 κατ’
1442 3657 1766 3727 ὲκπόρευσιν
1784 3657 1862 3713 ὅν.

279 3740 500 3795 Τούτων
531 3740 705 3803 οὕτως
752 3741 1009 3811 ἑχόντων,
1037 3744 1098 3798 τὸ
1123 3746 1423 3816 ἀγέννητον
1439 3749 1578 3800 κατὰ
1605 3747 1663 3799 τὸ
1685 3747 1867 3800 δεύτε-

288 3849 384 3902 ρον
428 3833 830 3902 σημαινόμενον
862 3835 1038 3902 Πατρὶ
1083 3840 1176 3891 καὶ
1200 3838 1479 3908 Πνεῦματι
1515 3839 1691 3893 κοινόν
1724 3853 1738 3869 ⁸
1775 3839 1865 3891 οῦ·-

276 3926 391 3978 δενὶ
418 3926 527 3994 γὰρ
559 3925 764 3978 τούτων
807 3928 1081 3999 γεννητῶς
1111 3930 1171 3982 τδ
1200 3924 1364 3984 εἶναι.
1403 3930 1477 3983 Τὸ
1523 3931 1580 3984 δὲ
1606 3931 1868 4000 γεννητὸν

280 4019 506 4072 κατὰτὸ
557 4019 776 4088 πρῶτον
837 4022 1237 4090 σημαινόμενον
1289 4021 1404 4091 Υίῷ
1456 4024 1550 4075 καὶ
1586 4023 1866 4092 Πνεῦματι

280 4112 455 4165 κοινόν
483 4129 500 4144 ο
534 4112 702 4181 ἄμφω
754 4113 862 4182 γὰρ
906 4112 964 4178 ἐξ
1004 4115 1200 4166 αἰτίου.
1257 4114 1364 4166 Καὶ
1417 4115 1476 4166 τὸ
1527 4114 1866 4184 ἀνεκπορεύ-

282 4220 392 4263 τως
425 4198 566 4256 εἶναι
615 4203 778 4256 πάλιν
838 4205 982 4256 κατὰ
1008 4204 1099 4256 τὸν
1150 4203 1405 4274 δεύτερον
1449 4205 1650 4274 τρόπον
1685 4206 1860 4276 Πατρὶ

281 4297 378 4348 καὶ
409 4295 524 4364 Υίῷ
585 4295 766 4346 κοινόν
791 4306 807 4322 ⁸
841 4294 1015 4348 οὐδενὶ
1061 4295 1171 4364 γὰρ
1208 4295 1416 4349 τούτων
1469 4297 1702 4367 τοιούτῳ
1740 4297 1867 4368 τρόο

283 4404 370 4456 πῳ
426 4387 486 4440 τὸ
521 4383 680 4441 εἶναι.
745 4387 869 4451 Πῶς
903 4386 994 4440 οὖν
1048 4389 1224 4442 πάντα
1262 4393 1330 4442 τὰ
1377 4391 1502 4444 δυσὶ
1567 4392 1721 4444 κοινὰ
1773 4392 1866 4445 καὶ

279 4482 393 4543 τοῖς
433 4482 605 4548 τρισὶ,
654 4480 817 4546 φασιν
864 4483 912 4532 οί
968 4480 1241 4549 Γραικοί;

281 4573 442 4638 φύσει
497 4571 769 4640 προσόντα
818 4571 1085 4637 λέγουσιν,
1140 4570 1254 4624 οἷον
1315 4574 1404 4624 τὸν
1447 4573 1736 4642 ἁγιασμόν,
1766 4574 1864 4642 τὴν

278 4660 531 4730 δύναμιν,
551 4663 645 4712 καὶ
671 4660 740 4713 τὰ
804 4661 1054 4725 τοιαῦτα,
1115 4662 1626 4732 ουνομολογήσομεν
1655 4680 1670 4695 ·
1702 4664 1751 4716 εί
1809 4665 1866 4716 δὲ

277 4752 348 4804 τὰ
386 4751 701 4820 διακριτικὰ
752 4752 1129 4819 ὑποστάσεων,
1183 4754 1456 4822 οὐδαμῶς.
1499 4754 1718 4808 Τούτων
1756 4755 1866 4824 γὰρ

279 4843 441 4912 διχῶς
469 4843 866 4921 θεωρουμένων
894 4845 1037 4896 κατὰ
1067 4862 1124 4896 τε
1150 4847 1326 4914 ἀρχὴν
1370 4845 1467 4898 καὶ
1501 4846 1698 4914 πέρας,
1747 4841 1866 4899 εἶτα

285 4937 379 4988 καὶ
409 4937 527 4989 κατ’
554 4934 846 4997 ἀντίθεσιν,
886 4938 945 4988 τδ
1003 4936 1102 5002 μὲν
1162 4937 1401 5005 πρῶτον,
1445 4937 1494 4989 εί
1542 4937 1735 5000 κοινῶς
1779 4954 1865 4996 τις

280 5029 566 5096 λαμϐάνει,
604 5028 696 5080 καὶ
727 5029 850 5080 κατ’
895 5028 1062 5096 ἄμφω
1092 5028 1214 5080 δυσὶ
1247 5030 1508 5097 πρόσεστι
1575 5031 1670 5082 καὶ
1724 5029 1864 5081 κατὰ

279 5118 378 5185 τὴν
410 5116 584 5185 ἀρχὴν
613 5115 855 5185 δηλονότι
879 5118 970 5168 καὶ
1002 5117 1139 5169 κατὰ
1169 5119 1362 5186 πέρας.
1398 5117 1718 5186 Κοινότερον
1751 5119 1861 5184 γὰρ

283 5209 500 5261 πάντων
529 5205 638 5258 τῶν
671 5209 811 5258 κατὰ
840 5207 941 5274 τὴν
988 5206 1138 5258 θείαν
1191 5207 1459 5274 διάκρισιν
1518 5207 1863 5275 λαμϐανομέ-

279 5315 404 5356 νων,
443 5298 535 5348 καὶ
567 5297 757 5365 ῶσπερ
793 5297 1022 5349 καθόλου
1048 5296 1108 5348 τὸ
1145 5297 1262 5348 κατ’
1296 5299 1502 5360 αἰτίαν,
1534 5299 1692 5350 τοῦτο
1729 5299 1860 5367 πρὸς

284 5387 382 5454 μὲν
409 5388 508 5457 τὴν
531 5388 703 5454 ἀρχὴν
731 5386 901 5438 αἴτιον
957 5390 1208 5456 λέγομεν,
1261 5392 1394 5458 πρδς
1449 5390 1504 5441 δὲ
1565 5390 1626 5440 τὸ
1685 5391 1861 5459 πέρας

281 5479 542 5530 αἰτιατόν.
588 5478 695 5529 Καὶ⁵
734 5476 922 5546 ὥσπερ
977 5479 1078 5531 οὐκ
1108 5478 1307 5531 ἄτοπον
1336 5478 1395 5531 τὸ
1448 5479 1691 5533 αἰτιατὸν
1725 5481 1861 5531 ἐνεῖ-

281 5585 369 5619 ναι
398 5569 573 5632 δυσὶν,
598 5570 712 5620 ἀλλ’
743 5569 955 5638 ἀληθῶς
986 5572 1222 5637 πρόσεοτ
1246 5589 1274 5622 ν
1297 5570 1411 5639 Υἱῴ
1440 5571 1531 5623 καὶ
1559 5571 1857 5638 Πνεῦματι,

283 5659 454 5723 οὕτως
482 5662 580 5714 οῦκ
614 5662 832 5726 ἄτοπον,
873 5663 1074 5732 μᾶλλον
1117 5665 1174 5716 δὲ
1228 5666 1525 5730 ἀναγκαῖον
1586 5664 1638 5714 τὸ
1683 5661 1855 5715 αἴτιον

285 5752 343 5805 ἐν
365 5754 483 5806 δυσὶ
515 5753 857 5820 θεωρεῖσθαι,
895 5756 978 5806 ἵνα
1013 5755 1070 5808 τὸ
1104 5756 1268 5821 μέσον
1325 5758 1546 5820 γένηται
1584 5753 1658 5820 τῷ
1683 5754 1858 5820 πράγ-

1969 3216 2086 3266 nes,
2137 3210 2192 3256 et
2227 3201 2280 3254 in
2316 3199 2548 3270 singulis
2585 3211 2876 3252 commune
2912 3193 3052 3263 quid
3092 3194 3310 3248 duobus
3339 3195 3543 3263 reperi-

1967 3300 2076 3346 tur.
2111 3291 2226 3346 Hoc
2264 3306 2394 3345 vero
2428 3289 2777 3343 manifestum
2824 3287 3010 3347 fuerit,
3071 3287 3300 3355 siprius
3339 3284 3540 3338 dictio-

1966 3398 2092 3436 nem
2154 3381 2582 3444 declarabimus,
2644 3394 2713 3434 ne
2769 3378 3167 3432 idern-nomen
3204 3394 3304 3432 nos
3338 3379 3540 3430 turbet.

1969 3474 2279 3544 Ingenitum
2341 3473 2560 3526 duobus
2610 3471 2788 3526 modis
2845 3471 3067 3532 dicitur,
3095 3477 3298 3524 etcum
3333 3469 3544 3537 absque

1969 3566 2246 3636 principio
2303 3574 2410 3629 est,
2491 3573 2551 3618 ut
2605 3578 2731 3618 cum
2782 3562 3019 3617 dicimus
3049 3561 3210 3615 Pater
3243 3561 3540 3629 ingenitus,

1968 3669 2023 3714 et
2057 3674 2180 3712 cum
2204 3674 2312 3712 non
2339 3673 2438 3726 per
2473 3657 2695 3710 modum
2723 3655 3118 3724 generationis,
3148 3655 3317 3707 veluti
3349 3653 3542 3717 Filius,

1969 3760 2031 3804 ut
2087 3749 2325 3820 Spiritus
2384 3749 2684 3820 ingenitus.
2717 3749 2837 3803 Pari
2870 3747 3082 3801 ratione
3111 3755 3168 3802 et
3192 3747 3460 3817 genitum,
3488 3757 3545 3800 et

1969 3843 2116 3913 quod
2179 3841 2508 3912 principium
2560 3841 2745 3906 habet,
2819 3849 2876 3895 et
2939 3839 3087 3909 quod
3113 3839 3461 3900 naturaliter,
3490 3838 3543 3889 id

1969 3943 2053 3989 est
2076 3948 2178 4003 per
2208 3931 2430 3987 modum
2480 3930 2852 3999 processionis
2908 3929 3177 3985 exsistit:
3214 3937 3268 3984 et
3321 3927 3548 3999 apposi-

1970 4032 2110 4088 tum,
2137 4023 2286 4093 quod
2321 4021 2659 4092 principium
2698 4035 2810 4075 non
2873 4019 3075 4086 liabet,
3107 4032 3165 4074 et
3191 4037 3289 4089 per
3318 4019 3541 4075 modum

1971 4114 2345 4184 processionis
2398 4128 2508 4168 non
2573 4112 2813 4168 exsistit.
2884 4112 3010 4167 Ha’c
3061 4127 3187 4166 cum
3250 4112 3323 4165 ita
3357 4128 3414 4166 se
3446 4113 3545 4166 ha-

1973 4207 2160 4270 beant,
2221 4207 2524 4275 ingenitum
2585 4203 2828 4258 secundo
2883 4218 2982 4258 suo
3041 4201 3350 4272 signiﬁcatur
3401 4204 3544 4257 Patri

1971 4307 2028 4352 et
2079 4295 2308 4364 Spiritui
2366 4309 2662 4351 commune
2709 4304 2832 4358 est;
2901 4294 3085 4348 nullus
3131 4296 3278 4348 enim
3311 4309 3374 4348 ex
3412 4295 3546 4363 ipsis

1973 4401 2073 4457 per
2106 4387 2515 4452 generationem
2541 4396 2626 4440 est
2658 4402 2672 4438 :
2713 4385 2960 4455 genitum
3015 4385 3194 4455 primo
3233 4387 3542 4456 signiﬁcatu

1319 4482 1378 4535 Et
1436 4481 1536 4552 μὲν
1579 4483 1756 4535 πάντα
1804 4487 1871 4553 τῇ
1901 4480 1952 4540 D
1981 4491 2271 4530 commune
2327 4485 2412 4529 est
2471 4476 2700 4546 Spiritui
2751 4486 2805 4529 et
2834 4477 2994 4531 Filio.
3034 4477 3274 4547 Uterque
3302 4480 3447 4532 enim
3477 4493 3545 4531 ex

1975 4579 2140 4618 causa
2191 4574 2277 4618 est
2314 4572 2411 4630 ;et
2466 4581 2563 4634 per
2589 4566 2810 4619 modum
2853 4567 3222 4635 proccssionis
3254 4585 3361 4621 non
3402 4568 3547 4621 essi-

1969 4665 2119 4708 stere
2179 4670 2375 4708 rursus
2439 4656 2688 4710 secundo
2742 4656 3052 4724 signiﬁcatu
3110 4675 3404 4712 commune
3461 4671 3548 4713 Cat

1969 4745 2117 4799 Patri
2157 4754 2213 4800 et
2244 4746 2407 4800 Filio.
2447 4747 2591 4800 Nulli
2645 4747 2796 4800 enim
2844 4764 2911 4801 ex
2972 4749 3058 4802 his
3100 4750 3202 4802 hoc
3226 4748 3390 4803 modo
3425 4765 3546 4803 esse

1966 4839 2247 4908 competit.
2303 4837 2549 4905 Quanam
2611 4839 2778 4909 igitur
2824 4841 3035 4895 ratione
3065 4841 3237 4896 Graeci
3269 4855 3542 4903 asserunt,

1967 4948 2088 5000 qua:
2116 4931 2333 4986 duobus
2373 4933 2688 4988 communia
2717 4945 2865 5000 sunt,
2906 4951 3026 4990 esse
3056 4946 3110 4990 et
3142 4937 3354 4990 tribus?
3385 4937 3541 5002 Quod

1965 5021 2010 5072 si
2065 5019 2255 5074 dicant
2316 5022 2525 5085 omnia,
2579 5038 2698 5092 qua:
2744 5036 2939 5078 natura
2993 5026 3199 5087 insunt,
3236 5028 3547 5082 sanctiﬁca-

1967 5108 2170 5162 tionem
2202 5126 2419 5181 nempe,
2453 5113 2740 5178 virtutem,
2773 5123 2830 5168 et
2856 5115 3081 5180 similia,
3111 5119 3178 5171 de
3208 5133 3274 5171 ea
3312 5134 3371 5173 re
3405 5121 3545 5173 mul-

1966 5209 2080 5254 tum
2131 5201 2256 5256 illos
2305 5218 2552 5258 amamus
2594 5223 2607 5258 :
2642 5208 2788 5274 quod
2852 5207 2897 5260 si
2939 5223 3003 5260 ea
3062 5225 3186 5276 qua:
3217 5210 3545 5266 discernunt

1965 5295 2310 5364 liypostases,
2367 5297 2707 5366 intelligunt,
2750 5314 3030 5368 nunquam
3071 5303 3230 5356 nobis
3269 5320 3394 5357 eum
3438 5305 3544 5358 illis

1964 5388 2285 5440 conveniet.
2338 5386 2586 5454 Namque
2645 5403 2770 5440 cum
2824 5389 2924 5442 ista
2957 5390 3254 5458 dupliciter
3285 5395 3542 5446 Consiliu-

1963 5485 2177 5540 rentur,
2213 5487 2327 5540 tum
2378 5477 2682 5530 secundum
2737 5479 3070 5548 principium
3109 5494 3163 5533 et
3199 5484 3388 5546 liuern,
3423 5497 3535 5536 tum

1961 5568 2268 5621 secundum
2307 5569 2748 5636 Oppositionem;
2788 5572 3025 5638 primum
3063 5573 3356 5640 quidemsi
3389 5593 3540 5627 mru-

1964 5660 2208 5712 munitur
2264 5662 2386 5727 quis
2450 5661 2704 5728 accipiat,
2769 5672 2822 5714 ct
2859 5673 2918 5714 ut
2944 5664 3074 5726 duo,
3105 5664 3322 5717 duobus
3350 5669 3539 5719 ilhilii‘

1964 5765 2017 5807 ct
2078 5754 2378 5807 secundm"
2445 5754 2812 5819 principium,
2865 5765 2919 5810 et
2986 5757 3292 5812 secundum
3351 5763 3531 5814 linear.
