3902 6208
450 343 556 404 825

1640 353 1965 412 GEORGII
2011 355 2533 415 TRAPEZUNTI!
3535 370 3609 430 816

453 458 709 511 Omnium
761 459 908 513 enim
962 461 1474 517 communissimum
1531 471 1612 518 est
1679 481 1870 520 eorum
1907 481 2028 534 quae

2134 485 2265 537 ματι
2287 467 2450 536 μέσον
2469 468 2562 521 καὶ
2581 467 2783 539 ἀληθὴς
2807 468 3120 538 σύνδεσμος,
3136 471 3201 524 τὰ
3217 472 3348 543 ἄκρα
3373 476 3614 546 amrin-mn,

450 548 753 603 secundum
803 551 1040 605 divinam
1100 553 1490 630 discretionem
1549 555 1930 626 accipiuntur,
1965 565 2022 611 et

451 649 710 708 tanquam
765 643 988 712 aliquod
1043 645 1355 701 universale
1398 663 1463 703 ex
1527 663 1688 704 causa
1737 665 1876 705 esse.
1907 651 2022 706 Hoc

449 745 576 799 erga
638 733 966 802 principium
1043 748 1263 790 causam
1333 752 1618 804 vocamus,
1677 756 1804 811 erga
1855 741 2018 796 ﬁnem

448 820 728 876 cllcctum.
778 823 842 874 Et
890 826 1356 894 quemadmodum
1403 829 1706 886 absurdum
1766 849 1874 888 non
1915 842 2020 896 est,

450 929 515 965 cx
567 929 730 969 causa
765 930 888 972 esse
937 918 1156 974 duobus
1202 921 1408 987 inesse,
1439 924 1584 992 quod
1620 933 1802 980 tamen
1830 940 2022 979 revera

449 1001 593 1056 inest
639 1003 812 1074 Filio,
840 1015 893 1061 et
953 1006 1211 1076 Spiritui;
1277 1011 1348 1065 ita
1371 1011 1668 1068 absurdum
1699 1029 1807 1070 non
1835 1013 2021 1080 fuerit,

355 1087 369 1098 '
448 1091 560 1146 imo
595 1081 969 1152 necessarium
1015 1109 1133 1165 est,
1167 1115 1387 1155 causam
1426 1102 1480 1157 in
1520 1102 1739 1159 duobus
1763 1104 2022 1160 conside—

447 1186 579 1250 rari,
643 1195 704 1242 ut
759 1191 1001 1244 medium
1061 1191 1154 1246 ﬁat
1204 1208 1263 1248 re
1320 1194 1436 1264 ipsa
1501 1196 1767 1260 medium,
1816 1205 1870 1251 et
1894 1213 2022 1252 vera

448 1279 790 1348 coniunctio,
852 1292 1100 1338 extrema
1154 1285 1446 1353 colligans,
1510 1297 1802 1356 propterea
1867 1289 2020 1358 quod

453 1385 624 1423 unum
685 1386 848 1427 causa
882 1373 986 1440 sit,
1019 1375 1252 1429 alterum
1287 1377 1537 1434 eﬂ‘ectus.
1563 1379 1628 1434 Et
1660 1380 1762 1434 hac
1789 1381 2022 1449 ratione,

450 1460 495 1514 si
549 1461 672 1532 quis
734 1466 1102 1521 communiter
1164 1468 1421 1538 accipiat.
1447 1479 1503 1524 et
1537 1472 1843 1526 secundum
1877 1482 2027 1528 utra-

451 1570 560 1622 que
606 1555 936 1625 principium
995 1569 1054 1614 et
1104 1557 1292 1625 ﬁnem,
1358 1561 1413 1616 in
1439 1563 1657 1619 duobus
1683 1565 2024 1620 considerari

453 1648 841 1715 communiter,
891 1651 1038 1720 quod
1093 1650 1376 1717 discernit,
1418 1654 1720 1711 absurdum
1777 1673 1889 1712 non
1916 1667 2021 1713 est.

454 1737 508 1792 Si
541 1755 672 1795 vero
724 1743 1028 1796 secundum
1085 1744 1489 1812 appositionem
1526 1763 1635 1802 una
1659 1748 2023 1818 appositionis

454 1847 586 1900 pars
638 1833 692 1887 in
741 1833 958 1888 duobus
981 1835 1137 1903 plane
1168 1836 1555 1891 consideratur
1586 1856 1601 1892 :
1644 1839 1725 1893 sic
1757 1840 2024 1909 genitum.
2059 1819 2100 1873 Β

456 1933 512 1977 et
533 1923 855 1991 ingenitum,
875 1934 928 1978 et
949 1925 1248 1993 procedens
1273 1937 1327 1981 et
1352 1943 1460 1982 non
1485 1928 1788 1997 procedens
1807 1929 2025 1987 duobus

455 2028 747 2068 commune
786 2023 1032 2082 apparet.
1095 2003 1229 2070 Cum
1261 2016 1408 2071 enim
1435 2018 1688 2075 'Trinitas
1724 2036 1781 2074 re
1816 2023 1930 2090 ipsa
1955 2021 2028 2076 sit

454 2104 623 2169 Deus,
672 2107 717 2160 si
754 2121 870 2176 quo
897 2107 1060 2162 modo
1107 2125 1212 2162 una
1251 2109 1564 2179 hypostasis
1607 2127 1637 2166 a
1665 2114 1879 2168 duobus
1901 2113 2028 2168 dis-

455 2201 726 2262 cernitur,
786 2201 838 2255 id
878 2216 975 2270 per
1001 2203 1405 2271 oppositionem
1448 2214 2028 2275 assumptum,necesv

456 2288 605 2343 sario
635 2289 852 2345 duobus
880 2291 1065 2346 inerit.
1096 2293 1251 2360 Quod
1275 2295 1420 2348 enim
1450 2296 1714 2350 extribus
1742 2311 1909 2349 unum
1934 2295 2029 2350 de-

457 2381 582 2446 mit,
604 2381 714 2436 duo
737 2395 964 2452 prorsus
1000 2383 1265 2454 relinquit
1289 2385 1486 2455 :idque
1519 2401 1698 2455 neque
1727 2387 1903 2457 pueri,
1932 2401 2028 2441 ne-

457 2489 566 2544 que
603 2475 863 2530 mulieres
920 2475 1134 2530 inﬁcias
1194 2475 1417 2531 iverint.
1457 2476 1539 2531 Tu
1579 2493 1742 2547 porro
1781 2487 2028 2532 exactam

457 2567 728 2624 orationis
768 2567 1072 2624 claritatem
1113 2569 1431 2624 considera.
1463 2570 1594 2624 Nam
1627 2571 1833 2641 absque
1861 2585 2027 2641 gene-

457 2663 696 2726 ratione,
731 2661 846 2716 sive
892 2662 1101 2730 absque
1125 2662 1397 2732 principio
1429 2679 1568 2728 esse,
1600 2663 1814 2718 Patrem
1837 2680 1867 2718 a
1893 2665 2028 2742 Filio

458 2765 516 2810 et
572 2754 783 2824 Spiritu
829 2765 1047 2824 separat
1099 2774 1113 2810 :
1156 2767 1559 2825 prOptcreaque
1611 2771 1903 2812 commune
1945 2767 2031 2812 est

461 2850 603 2906 Filio
666 2858 722 2904 et
783 2848 1012 2918 Spiritui
1071 2865 1168 2919 per
1225 2849 1447 2903 modum
1481 2850 1877 2919 generationis,
1914 2852 2028 2905 sive

460 2955 529 2994 ex
581 2938 852 3008 principio
899 2954 1041 2994 esse.
1091 2938 1197 2993 Per
1237 2939 1460 2993 modum
1518 2941 1890 3009 generationis
1937 2957 2030 2996 ex-

457 3033 676 3097 sistere,
735 3046 1028 3099 personam
1088 3030 1212 3084 Filii
1245 3030 1556 3094 constituit,
1609 3029 1702 3084 illo
1742 3045 1771 3085 a
1812 3031 2029 3086 duobus

2128 559 2216 612 διά
2233 559 2325 611 τοῦ
2353 558 2452 628 μὲν
2468 559 2730 626 αίτιατδν,
2749 560 2842 614 τοῦ
2859 561 2916 615 δὲ
2937 562 3104 616 αἴτιον
3123 560 3278 618 εἶναι.
3296 567 3396 619 Καὶ
3411 567 3530 622 οὕτω
3549 575 3618 640 μὲν

2129 649 2177 700 εἰ
2207 648 2404 711 κοινῶς
2418 667 2502 713 τις
2529 650 2823 720 λαμϐάνει,
2839 652 2933 705 καὶ
2950 654 3068 706 κατ’
3092 655 3254 724 ἄμφω
3277 657 3406 710 κατά
3423 676 3473 711 τε
3490 662 3619 732 ἀρχὴν

2130 739 2224 791 καὶ
2238 740 2410 811 πέρας
2435 741 2490 792 ὲν
2507 742 2626 795 δυσὶ
2645 742 2968 812 θεωρεῖσθαι
2994 745 3182 808 κοινῶς
3199 746 3256 797 τδ
3277 746 3532 816 διακρίνον,
3550 753 3620 806 οὐκ

2129 830 2352 886 ἄτοπον.
2365 833 2426 884 Ei
2449 833 2506 884 δὲ
2523 832 2642 886 κατ’
2661 834 2932 888 ἀντίθεσιν
2949 835 3007 888 τὸ
3020 835 3077 888 ἓν
3086 837 3183 906 τῆς
3194 828 3486 904 ἀντιθέσεως
3501 844 3621 913 μέρος

2127 922 2248 976 δυσὶ
2282 923 2500 986 πάντως
2522 923 2942 994 ὲπιθεωρεῖταιο
2975 925 3118 980 οὕτω
3167 926 3258 979 καὶ
3310 929 3368 980 τὸ
3423 933 3622 1000 γεννητὸν

2129 1014 2220 1066 καὶ
2251 1012 2565 1083 ἀγέννητον,
2608 1016 2702 1068 καὶ
2760 1017 3090 1083 ὲκπορευτδν
3145 1018 3238 1070 καὶ
3297 1018 3624 1090 ἀνεκπὸρευτον

2127 1101 2247 1156 δυσὶ
2279 1103 2457 1156 κοινὸν
2513 1104 2847 1170 ἀνεφαίνετο.
2909 1103 3127 1174 Ἐπειδὴ
3196 1106 3300 1174 γὰρ
3351 1107 3497 1173 Τριάς
3542 1110 3624 1162 lett

2129 1193 2204 1262 τῷ
2229 1195 2516 1264 πράγματι
2541 1196 2568 1248 ὁ
2597 1195 2752 1262 Θεὸς,
2779 1197 2834 1249 εί
2880 1211 2990 1248 τινι
3051 1197 3152 1264 μία
3179 1195 3285 1248 τῶν
3342 1196 3623 1251 ὑποστάσεων

2129 1287 2241 1338 τοῖν
2264 1287 2408 1339 δυοῖν
2438 1287 2798 1356 διακρίνεται,
2831 1286 2988 1340 τοῦτο
3021 1287 3080 1353 ἐξ
3115 1287 3422 1351 ἀντιθέσεως
3466 1289 3624 1356 λαμϐα-

2131 1375 2356 1446 νόμενον
2391 1377 2449 1442 EE
2471 1379 2719 1448 ἀνάγκης
2769 1379 2890 1431 δυσὶ
2937 1380 3260 1450 προσέσται.
3317 1379 3385 1433 Τὸ
3429 1381 3516 1449 γὰρ
3551 1381 3626 1433 ἀπὺ

2129 1469 2298 1540 τριῶν
2317 1469 2376 1522 ἒν
2397 1469 2664 1541 ἀφαιροῦν
2693 1471 2786 1524 δύο
2811 1471 3027 1533 πάντως
3052 1471 3374 1536 ἀπολείπειν,
3426 1474 3505 1524 καὶ
3539 1475 3629 1524 παῖ-

2130 1560 2238 1624 δες,
2272 1563 2365 1614 καὶ
2397 1565 2651 1627 γυναῖκες
2683 1562 3080 1633 ὁμολογήσαιεν
3105 1564 3188 1616 ἄν.
3219 1563 3287 1615 Σὺ
3329 1563 3381 1616 δὲ
3431 1563 3517 1635 ὅρα
3563 1581 3628 1632 μοι

2130 1651 2228 1722 τὴν
2258 1651 2543 1722 ἀκρίϐειαν
2587 1655 2696 1705 τῶν
2730 1655 2924 1721 λόγων.
2970 1653 3047 1707 To
3079 1655 3178 1723 μὲν
3210 1654 3314 1723 γὰρ
3361 1654 3626 1722 ἀγεννήτως,

2133 1745 2250 1814 ἦτοι
2283 1744 2538 1814 ἀνάρχως
2579 1739 2718 1797 εἷναι
2749 1744 2876 1797 Υἱοῦ
2910 1762 2967 1798 τε
3002 1747 3099 1798 καὶ
3137 1746 3428 1815 Πνεύματος
3454 1745 3528 1798 τδν
3551 1747 3630 1798 Ih-

2130 1836 2261 1907 τέρα
2286 1837 2552 1907 διακρίνει
2582 1851 2597 1866 ’
2628 1835 2715 1888 διὰ
2743 1834 2904 1887 τοῦτο
2945 1835 3130 1888 κοινὸν
3153 1834 3262 1904 Υξῷ
3290 1836 3374 1888 καὶ
3415 1835 3628 1903 Πνεὺματι

2127 1927 2204 1998 τῷ
2234 1929 2527 1998 γεννητῶς,
2556 1929 2673 1998 ἤτοι
2709 1928 2766 1992 ἐξ
2805 1929 2980 1998 ἀρχῆς
3005 1922 3148 1982 εἶναι
3181 1943 3196 1958 ο
3241 1926 3299 1979 τὸ
3324 1927 3375 1980 δὲ
3421 1925 3629 1994 γεννητῶς

2129 2014 2265 2072 εἷναι
2305 2019 2367 2072 τδ
2403 2019 2496 2074 τοῦ
2555 2019 2684 2073 Υίοῢ
2719 2021 3006 2090 συνίστησι
3071 2019 3352 2087 πρόσωπον
3393 2019 3492 2070 τοῖν
3529 2019 3629 2068 δυοῖν

2129 2110 2276 2181 αὖτῷ
2303 2111 2579 2180 διακρίνον
2615 2127 2630 2142 ·
2669 2113 2764 2164 καὶ
2792 2111 2984 2164 τούτου
3012 2111 3178 2181 χάριν
3230 2109 3288 2162 τὸ
3330 2108 3483 2176 τούτῳ
3528 2109 3627 2160 ἀντι-

2129 2203 2381 2271 κείμενον
2416 2205 2592 2275 Πατρὶ
2619 2205 2713 2257 καὶ
2765 2203 3050 2272 Πνεύματι
3116 2202 3414 2272 πρόσεστιν.
3456 2199 3627 2267 Ὁμοίως

2129 2294 2223 2348 καὶ
2249 2295 2309 2348 τὸ
2335 2294 2682 2363 ἐκπορευτῶς
2716 2290 2852 2346 εἶναι
2881 2293 3120 2360 διίστησι
3153 2295 3212 2346 τὸ
3243 2289 3453 2360 Πνεῦμα
3477 2287 3629 2356 Harpe;

2129 2388 2225 2442 καὶ
2251 2373 2405 2452 Υίοῦ,
2436 2388 2528 2442 καὶ
2562 2386 2652 2440 διὰ
2698 2385 2856 2440 τοῦτο
2884 2385 2944 2438 τὸ
3004 2386 3086 2456 μὴ
3143 2383 3468 2454 ὲκπορευτῶς
3517 2375 3626 2438 εἶναι,

2127 2481 2264 2547 ὅπερ
2292 2478 2482 2548 ἐκείνῳ
2510 2479 2833 2543 ἀντίκειται,
2864 2477 2976 2547 Υίῷ
3026 2477 3127 2530 καὶ
3175 2478 3344 2546 Πατρὶ
3397 2472 3544 2527 κοινὸν
3590 2469 3630 2532 ἒξ

2129 2573 2397 2641 ἀνάγκης.
2441 2572 2564 2623 Ἐπὶ
2595 2571 2814 2623 πάντων
2846 2567 2977 2638 γοῦν
3003 2569 3120 2621 τῶν
3174 2565 3516 2636 διακριτικῶν,
3549 2562 3629 2632 ητα

2130 2663 2537 2728 ὑποστατικῶν,
2572 2663 2666 2714 ὲάν
2701 2661 2760 2714 τὸ
2789 2659 2922 2713 ἴδιον
2967 2660 3070 2728 τῆς
3102 2659 3434 2719 ὑποστάσεως
3477 2651 3631 2721 λαμόἀ·

2130 2772 2246 2826 νῃς,
2283 2748 2326 2822 ᾧ
2353 2754 2690 2824 διακρίνεται
2727 2753 2840 2814 τοῖς
2864 2750 3008 2814 δυσὶ,
3066 2750 3223 2803 τοῦτο
3271 2749 3326 2812 ἐξ
3382 2745 3632 2802 ἀντιθέσεως

2131 2847 2559 2917 λαμϐανόμενον,
2589 2849 2637 2900 εἰ
2670 2849 2766 2915 μὲν
2790 2845 3178 2916 ἐπιθεωρεῖται
3226 2845 3340 2906 ταῖς
3363 2842 3544 2900 λοιπαῖς
3567 2837 3632 2904 τῆς

2131 2941 2358 3009 Τριάδος
2391 2940 2541 2992 δυσὶν
2566 2939 2950 3001 ὑποστάσεσιν,
2986 2937 3126 2991 ἴδιόν
3167 2939 3310 2990 ἐστιν
3335 2927 3392 2987 οὗ
3453 2933 3631 2998 λέγεται.

2133 3031 2194 3084 Εἰ
2221 3031 2277 3083 δὲ
2320 3031 2416 3100 μὴ,
2480 3029 2667 3090 κακῶς
2717 3028 2953 3099 ἀπεδόθη
3004 3028 3070 3080 τὸ
3115 3027 3346 3081 τοιοῦτον
3400 3023 3527 3077 ἴδιον.
3567 3015 3634 3069 Διά

457 3128 766 3191 separatam
811 3121 1093 3190 :ideoque
1155 3120 1233 3175 illi
1293 3120 1604 3190 Oppositum
1632 3120 1774 3174 Patri
1827 3130 1884 3175 et
1907 3121 2029 3190 Spi-

2133 3122 2292 3176 τοῦτο
2345 3121 2474 3174 ίδίου
2509 3121 2661 3183 ὄντος
2691 3119 2785 3172 τοῦ
2820 3120 3144 3190 ἀγεννήτου,
3169 3119 3286 3190 ἦτοι
3336 3116 3538 3184 ἀνάρχου

460 3215 541 3269 tui
611 3213 774 3269 inest.
809 3213 932 3268 Pari
973 3213 1189 3268 ratione
1237 3228 1334 3283 per
1403 3213 1624 3266 modum
1664 3212 2032 3280 processionis

457 3306 736 3360 exsistere»
780 3315 999 3375 separat
1045 3305 1311 3375 Spirittnn
1341 3319 1371 3358 a
1400 3305 1560 3358 Patre
1594 3311 1649 3358 et
1682 3303 1842 3369 Filio,
1877 3313 1934 3359 et
1961 3305 2031 3358 ob

465 3398 572 3453 hoc
607 3412 718 3452 non
757 3413 856 3467 per
886 3397 1107 3452 modum
1151 3397 1526 3468 processionis
1558 3399 1851 3462 exsistere,
1885 3395 2032 3466 quod

463 3489 545 3544 illi
579 3491 901 3559 opponitur,
940 3489 1080 3545 Filio
1111 3499 1167 3544 et
1213 3489 1362 3544 Patri
1391 3488 1708 3544 necessario
1737 3501 2032 3543 commune

463 3593 566 3638 cst.
622 3585 683 3640 in
738 3583 1000 3639 omnibus
1047 3583 1233 3650 itaque
1281 3580 1752 3646 discernentibus,
1789 3580 1906 3635 sive
1937 3579 2037 3650 by-

2137 3211 2368 3282 Πατρὸς,
2397 3210 2606 3265 καὶτοῦ
2643 3209 2920 3279 γεννητῶς
2953 3205 3098 3264 εἶναι
3143 3209 3236 3262 τοῦ
3290 3205 3433 3268 Υἱοῦ,
3486 3200 3562 3255 τοῦ
3596 3198 3635 3248 δὲ

2135 3305 2255 3357 κατ’
2285 3303 2610 3374 ὲκπόρευσιν
2636 3301 2728 3354 τοῦ
2759 3302 2913 3369 ἁγίου
2949 3303 3288 3370 Πνεύματος,
3330 3299 3385 3351 τὸ
3418 3292 3638 3363 γεννητὸν.

2135 3397 2229 3450 καὶ
2257 3395 2572 3465 ἀγέννητον,
2602 3395 2696 3447 καὶ
2725 3395 3132 3464 ἀνεκπόρευτον
3173 3394 3293 3446 δυσὶ
3320 3392 3423 3452 τοῖς
3474 3383 3634 3439 ἀπολει-

2139 3489 2396 3556 πομένοις
2431 3489 2605 3540 κοινὸν
2627 3486 2767 3540 κατὰ
2789 3486 2850 3539 τὸ
2886 3487 3012 3540 αὐτό
3051 3487 3112 3551 ἐξ
3143 3485 3452 3544 ἀντιθέσεως
3493 3491 3638 3546 σημαι-

2137 3580 2384 3648 νόμενον.

465 3679 727 3744 postasim
770 3676 1261 3740 constituentibus,
1307 3679 1352 3730 si
1393 3675 1681 3744 proprium
1728 3672 2042 3746 hypostasis
2081 3671 2342 3741 accipias,
2410 3683 2522 3739 quo
2590 3667 2927 3723 discernitur
2971 3682 3001 3722 a
3030 3667 3272 3732 duobus,
3301 3665 3352 3721 id
3375 3679 3463 3734 per
3481 3651 3644 3729 opposi°

466 3775 676 3829 tionem
723 3780 1032 3842 sumptum,
1070 3771 1118 3828 si
1169 3771 1224 3826 in
1248 3769 1464 3826 duabus
1535 3771 1765 3840 reliquis
1833 3765 2121 3822 Trinitatis
2158 3764 2549 3848 hypostasibus
2604 3763 3020 3828 consideratur,
3091 3761 3371 3834 proprium
3417 3766 3491 3812 est
3529 3752 3645 3820 cui"!

465 3872 672 3926 dicitur
701 3889 718 3928 :
749 3872 832 3926 sin
871 3870 1052 3924 minus
1100 3870 1243 3925 male
1280 3869 1634 3922 atttributum
1664 3877 1748 3922 est
1812 3867 1916 3920 hoc
1978 3863 2285 3934 pr0priu-m.
2326 3860 2736 3930 Proptereaque
2780 3872 2905 3914 cum
2954 3857 3265 3928 ingenitum
3329 3856 3436 3912 sive
3489 3849 3644 3946 ιδθίῐυξ

465 3963 740 4033 principio
762 3960 1042 4032 proprium
1072 3962 1144 4016 sit
1175 3959 1378 4026 Patris,
1413 3969 1468 4015 et
1506 3975 1604 4029 per
1668 3956 2080 4027 generationem
2120 3968 2242 4008 esse
2313 3952 2459 4017 Filii,
2514 3962 2569 4007 et
2629 3967 2726 4022 per
2773 3950 3186 4021 processionem
3223 3949 3450 4020 Spiritus
3492 3948 3642 3998 sancti.

467 4059 737 4130 genitum,
773 4068 829 4114 et
861 4059 1192 4128 ingenitum,
1232 4064 1290 4111 et
1327 4071 1438 4110 non
1480 4053 1786 4124 procedens
1855 4049 2083 4120 reliquis
2120 4048 2338 4104 duobus
2405 4061 2698 4104 commune
2734 4045 2925 4112 fuerit,
2975 4044 3283 4101 secundum
3315 4041 3471 4104 illum,
3497 4033 3572 4106 qui
3598 4042 3644 4083 ex

467 4153 818 4223 oppositione
849 4153 1106 4213 infertur,
1129 4148 1521 4219 signiﬁcatum.

540 4249 632 4302 23.
663 4247 760 4300 His
813 4246 885 4300 ita
942 4259 1001 4300 se
1045 4241 1393 4306 habentibus,
1442 4255 1549 4312 qua
1601 4241 1811 4294 ratione
1858 4235 2034 4294 Graeci

465 4342 676 4397 insulse
737 4339 1062 4400 admodum,
1125 4351 1192 4390 ne
1255 4335 1434 4390 dicam
1470 4333 1689 4398 stolide,
1723 4330 2038 4386 audentdi-I

463 4433 635 4488 cere?
668 4432 744 4486 lta
773 4437 876 4494 est,
909 4427 1005 4483 sed
1042 4427 1344 4496 producere
1375 4424 1596 4495 quidam
1629 4438 1694 4478 ex
1717 4420 2036 4476 doctoribus

469 4522 751 4591 proprium
813 4533 933 4573 esse
990 4517 1168 4570 Patris
1225 4523 1500 4570 asserunt.
1553 4513 1710 4579 Quod
1743 4528 1871 4566 vero
1906 4525 2033 4580 pro-

464 4617 643 4685 prium
681 4623 787 4679 est,
825 4629 930 4667 non
982 4618 1065 4666 est
1104 4623 1422 4665 commune.
1468 4608 1562 4662 Vel
1607 4606 1884 4678 quomodo
1920 4596 2037 4658 itte-

466 4709 542 4762 rit
595 4721 913 4768 commune,
957 4714 1016 4759 et
1068 4701 1396 4772 proprium?
1450 4701 1567 4755 lam
1599 4700 1802 4768 saepius
1827 4697 2035 4752 dictum

464 4809 572 4864 est,
608 4806 1001 4868 repetaturque
1055 4796 1278 4848 iterum.
1322 4791 1612 4860 Proprium
1671 4799 1754 4843 est
1784 4787 2037 4860 generari

463 4887 611 4944 Filii.
672 4887 785 4941 Hoc
843 4885 990 4939 enim
1051 4897 1082 4936 a
1120 4883 1283 4936 Patre
1311 4890 1367 4934 et
1400 4879 1611 4948 Spiritu
1649 4877 1988 4931 discernitur
2019 4892 2032 4928 :

465 4990 868 5050 proptereaque
922 4976 1134 5044 absque
1183 4973 1540 5043 generatione
1608 4985 1750 5033 esse,
1783 4968 2038 5024 conside-

465 5083 623 5126 ratur
653 5072 705 5125 in
741 5075 900 5124 Patre
925 5077 980 5123 et
1013 5065 1243 5137 Spiritu.
1285 5064 1353 5118 Et
1376 5077 1664 5132 possumus
1699 5061 1882 5115 dicere
1913 5059 2040 5114 abs-

464 5179 570 5234 que
598 5161 974 5233 generatione,
1014 5160 1120 5212 huc
1175 5165 1260 5210 est
1288 5171 1396 5209 non
1439 5169 1535 5222 per
1569 5153 1788 5206 modum
1815 5165 2039 5221 genera-

467 5257 660 5321 tionis,
695 5253 963 5308 exsistere
1016 5250 1301 5320 proprium
1336 5247 1534 5301 Patris.
1572 5245 1705 5299 Nam
1741 5245 1786 5297 si
1820 5259 1916 5313 per
1945 5257 2040 5312 ge-

467 5349 810 5406 nerationem
857 5360 975 5399 esse
1027 5342 1363 5397 discernitur
1417 5354 1445 5392 a
1480 5337 1697 5391 duobus
1728 5335 1936 5389 Filius:
1973 5349 2040 5389 eo

468 5441 614 5511 quod
649 5441 856 5508 absque
888 5436 1244 5506 generatione
1288 5439 1456 5495 sunt,
1503 5431 1892 5484 discernentur
1929 5425 2040 5481 duo

468 5533 534 5585 ab
569 5530 786 5586 eodem.
841 5529 905 5581 Et
935 5526 1101 5580 veluti
1142 5524 1273 5578 illud
1308 5538 1435 5577 vere
1467 5522 1754 5592 pr0prium
1786 5529 1866 5574 est
1893 5519 2038 5583 Filii,

468 5626 539 5677 ita
570 5634 626 5678 et
664 5624 899 5676 duorum
944 5636 1071 5674 vere
1106 5619 1208 5671 hoc
1236 5616 1343 5670 erit
1394 5615 1699 5684 proprium,
1738 5613 1846 5667 imo
1875 5612 2038 5668 etiam

469 5730 784 5767 commune.
845 5712 961 5776 Qua
1019 5711 1164 5763 enim
1230 5709 1338 5763 duo
1394 5707 1542 5760 illius
1568 5706 1864 5774 participes
1892 5713 2038 5766 sunt,

474 5819 786 5870 commune,
843 5817 949 5869 qua
999 5815 1129 5854 vero
1193 5796 1570 5867 unusquisque
1611 5811 1675 5851 cx
1726 5795 1858 5864 ipsis
1896 5794 2043 5848 illoa

2214 4238 2312 4288 xc".
2356 4233 2574 4286 Τούτων
2625 4232 2798 4295 οὕτως
2845 4231 3104 4302 ἐχόντων,
3163 4231 3281 4294 πῶς
3328 4222 3526 4280 τοιαῦτα
3558 4218 3645 4269 λίαν

2144 4323 2392 4393 ἀμαθῶς.
2426 4325 2511 4378 ἵνα
2543 4323 2616 4394 μὴ
2647 4324 2792 4390 λέγω
2826 4323 3029 4384 σκαιῶς
3058 4321 3315 4389 τολμῶσι,
3342 4317 3501 4384 λέγειν
3527 4309 3646 4410 Γραι·

2145 4416 2232 4468 κοί
2261 4432 2278 4482 ;
2302 4416 2433 4480 Ναὶ,
2459 4420 2644 4487 φησιν,
2675 4415 2810 4470 ἀλλά
2834 4417 2894 4469 τὸ
2926 4414 3252 4485 προϐάλλειν
3281 4411 3404 4466 ίδιόν
3427 4421 3549 4465 τινες
3565 4414 3643 4452 των

2071 4477 2114 4532 D
2142 4477 2481 4561 διδασκάλων
2515 4477 2607 4560 τοῦ
2632 4477 2855 4579 *Πατρδς
2903 4477 3145 4576 λέγουσι.
3178 4505 3250 4557 Τὸ
3280 4503 3333 4556 δὲ
3361 4501 3477 4555 [διον
3494 4495 3543 4547 οὐ
3567 4506 3646 4540 κοι-

2138 4601 2248 4654 νόν.
2298 4601 2368 4652 Ἢ
2405 4601 2522 4662 πῶς
2577 4599 2730 4654 ἔσται
2789 4599 2968 4654 κοινὸν
2999 4599 3095 4653 καὶ
3130 4599 3260 4653 ἴδιον
3292 4611 3307 4661 ;
3343 4591 3466 4658 Ἤδη
3495 4582 3644 4636 πολλά-

2137 4707 2226 4753 κις
2294 4691 2533 4762 εἴρηται,
2585 4692 2680 4745 καὶ
2729 4689 2892 4745 πάλιν
2939 4690 3204 4759 λεγέσθω.
3261 4686 3411 4739 Ἰδιον
3460 4679 3511 4732 τδ
3555 4687 3643 4762 ΥεῨ

2138 4783 2334 4836 νᾶσθαι
2385 4781 2478 4835 τοῦ
2539 4781 2690 4838 Υίοῦ.
2743 4782 3091 4852 Διακρὶνεται
3141 4781 3250 4849 γὰρ
3293 4775 3453 4842 τούτῳ
3482 4761 3643 4852 Πιῖρδς

2138 4875 2232 4928 καὶ
2318 4873 2656 4944 Πνεῦματος.
2729 4873 2825 4926 Διὰ
2885 4871 3041 4926 τοῦτο
3095 4873 3156 4923 τὸ
3207 4867 3492 4934 ἁγεννήτως
3537 4850 3641 4944 εἶναι

2140 4941 2519 5034 ὲπιθεωρεῖται
2599 4964 2772 5034 Πατρὶ
2853 4965 2946 5017 καὶ
3028 4963 3324 5028 Πνεύματι.
3374 4954 3468 5008 Καὶ
3520 4941 3639 5034 δυνίς

2145 5057 2284 5127 μεθα
2339 5026 2542 5125 λέγειν,
2573 5055 2633 5109 τὸ
2687 5026 2999 5126 ὰΙγεννὴτως
3041 5026 3190 5106 εἶναι
3219 5052 3381 5121 ἤγουν,
3425 5043 3489 5110 μὴ
3535 5026 3640 5130 καξά

2141 5150 2417 5220 γέννησιν,
2447 5151 2579 5203 ἴδιον
2623 5147 2719 5202 τοῦ
2755 5146 2987 5218 Πατρός.
3033 5145 3094 5196 Et
3143 5142 3250 5210 γάρ
3301 5137 3374 5205 τῷ
3421 5132 3639 5220 γεννητως

2142 5218 2640 5313 εἷναιίδιακρίνεται
2665 5241 2772 5294 τῶν
2831 5239 2925 5293 δύο
2977 5240 3003 5290 ὁ
3059 5236 3208 5300 Υἱὸς,
3263 5231 3337 5299 τῷ
3389 5218 3639 5313 ἀγενξιήτως

2144 5329 2280 5387 εἶναι
2305 5333 2744 5402 διακριθήσονται
2775 5330 2840 5383 τὰ
2870 5329 2964 5381 δύο
2999 5327 3093 5380 τοῦ
3140 5320 3301 5378 αὐτοῦ
3329 5336 3343 5351 ·
3371 5314 3452 5370 καὶ
3492 5308 3638 5406 ὤϊξερ

2151 5427 2278 5480 ἴδιον
2306 5426 2480 5478 ἐκεῖνο
2508 5422 2603 5476 τοῦ
2631 5423 2758 5475 Υἱοῦ
2790 5421 3028 5491 ἀληθῶς,
3075 5418 3218 5472 οὕτω
3265 5413 3366 5465 τῶν
3404 5406 3486 5458 δύο
3516 5408 3634 5501 sautio

2150 5518 2277 5570 ἰδιον
2304 5515 2536 5587 ἀληθῶς.
2591 5514 2752 5568 Ἀλλὰ
2777 5514 2842 5583 δὴ
2871 5490 2965 5568 καὶ
2997 5511 3194 5567 κοινόν.
3233 5505 3306 5579 ᾝ
3335 5506 3422 5575 μὲν
3449 5498 3537 5565 γὰρ
3565 5490 3632 5585 ὅθί)

2145 5611 2336 5663 ταύτου
2362 5605 2701 5669 κοινωνοῦσι,
2732 5607 2928 5670 κοινὸν,
2961 5600 2994 5680 ᾖ
3019 5605 3060 5656 δ’
3090 5603 3340 5671 ἑκάτερος
3385 5595 3531 5655 τούτῳ
3562 5595 3630 5680 τον

2148 5700 2276 5753 Υἰοῦ
2331 5699 2686 5769 διακρίνεται,
2745 5698 2891 5751 ἴδιον.
2954 5699 3110 5748 Ὥστε
3169 5695 3290 5748 ὅταν
3331 5667 3629 5774 λέγωμενοξδ

2148 5793 2456 5864 ἁγεννήτως
2478 5787 2613 5847 εἶναι
2654 5793 2827 5848 κοινὸν
2880 5789 3048 5861 Πατρὶ
3110 5786 3202 5841 καὶ
3255 5783 3512 5847 [li/£15111“:
3555 5775 3627 5826 την
