3902 6208
287 365 386 432 821

1217 373 1310 433 DE
1344 372 1861 435 PROCESSIONE
1897 374 2262 436 SPlRlTUS
2304 376 2602 437 SANC'I‘I.
3416 370 3522 436 822

287 484 381 534 καί
414 480 471 532 ὲν
500 479 576 549 τῷ
620 481 941 551 προϐάλλειν
976 487 1226 537 κοινωνεῖ
1269 485 1416 552 αὑτῷ
1468 484 1648 538 πάντα
1683 499 1750 536 τα
1780 500 1854 552 μη

1976 502 2084 540 rem
2117 485 2380 542 Filiorum
2413 488 2722 543 admittere.
2764 485 2880 542 Non
2911 493 3133 557 generat
3172 497 3301 553 ergo
3327 482 3516 548 Filius,

289 571 752 641 πρυθεωρθύμενα
808 573 906 641 τῆς
943 573 1107 627 αὑτοῦ
1169 576 1559 640 ὑποστάσεως,
1625 576 1720 628 καί
1771 573 1857 627 διά

288 659 445 713 τοῦτο
474 661 535 712 οὑ
562 662 788 716 δυνατὸν
816 668 1094 718 κοινωνεῖν
1145 665 1296 735 αὑτῷ
1325 667 1386 719 τδ
1435 666 1789 736 προϐάλλειν,
1825 667 1858 736 ἢ

292 753 352 806 τὸ
375 755 592 824 γεννᾷν,
633 752 818 825 ὥσπερ
841 757 959 809 οὑδὲ
991 759 1068 826 τῷ
1094 758 1208 827 Υἰῷ
1243 759 1303 812 τὸ
1347 759 1562 828 γεννᾷν.
1615 759 1861 826 Προθεω-

292 845 463 911 ρεῖται
491 846 599 913 γὰρ
625 845 798 898 ταῦτα
833 847 888 897 iv
918 847 994 912 τῷ
1026 847 1220 918 Πατρί.
1273 847 1416 902 Ἀλλ’
1454 847 1578 901 οὑδὲ
1635 848 1694 900 τὸ
1741 863 1861 913 γεν-

293 935 509 1000 νᾶσθαι,
537 937 672 1005 ὅπερ
727 939 900 1008 πέρας
930 939 1145 1005 ἐλέγετο
1190 941 1290 1008 τῆς
1340 940 1654 1008 γεννήσεως,
1693 956 1862 1007 προσ-

297 1028 455 1082 έσται
487 1028 564 1098 τῷ
603 1029 896 1098 Πνεῦματι.
950 1032 1355 1100 Προθεωρεῖται
1410 1031 1520 1100 γάρ
1550 1028 1691 1098 ἠτοῦ
1728 1029 1859 1081 Υιοῦ

298 1121 598 1183 ὑπόστασις
628 1122 726 1190 τῆς
760 1121 852 1174 τοῦ
911 1122 1247 1192 Πνεὺματος.
1299 1122 1372 1176 Τὸ
1414 1122 1594 1192 μέντοι
1623 1121 1861 1191 προϐάλ-

296 1214 408 1265 λειν
445 1213 503 1265 οὑ
533 1213 1022 1283 προθεωρούμενον
1053 1214 1152 1281 τῆς
1192 1213 1283 1266 τοῦ
1319 1212 1452 1266 Υἰοῦ
1490 1213 1859 1274 ὑποστάσεως,

298 1303 389 1354 καὶ
424 1303 521 1356 οὑκ
555 1303 796 1357 ἐναντίον
828 1302 967 1370 λόγῳ
1003 1307 1108 1355 τιν).
1152 1300 1524 1366 ὑποστάσεως.
1568 1301 1705 1356 Οὑτε
1755 1302 1864 1372 γάρ

296 1398 323 1448 ὁ
365 1395 550 1464 Πατὴρ
576 1395 661 1448 διὰ
686 1393 856 1447 ταῦτα
887 1394 1034 1456 Υἱὸς,
1082 1393 1113 1463 ἢ
1145 1394 1463 1465 πρόϐλημα,
1515 1393 1636 1446 οὔτε
1687 1396 1714 1446 6
1737 1393 1866 1454 Υἱὸς

297 1487 376 1547 εἰς
406 1484 628 1554 Πατέρα
683 1485 1032 1552 μεταπίπτει,
1058 1481 1180 1535 οὕτε
1224 1483 1284 1534 τὸ
1320 1481 1542 1550 Πνεῦμα
1579 1465 1860 1544 ἐξίσταται

298 1575 405 1627 τῶν
432 1573 578 1626 ἰδίων
605 1573 794 1626 αὑτοῦ.
823 1573 1110 1642 1Πηδεμίαν
1133 1571 1226 1626 οῦν
1275 1572 1601 1640 ὲπεισφέρον
1655 1570 1865 1637 σύγχυ-

299 1682 384 1716 σιν
421 1665 481 1717 τὸ
541 1664 888 1734 προϐάλλειν,
931 1664 1240 1717 τοὺναντίον
1280 1663 1510 1728 δ’ἇπαν,
1562 1661 1610 1714 εἰ
1649 1659 1724 1730 τῷ
1755 1659 1867 1729 Υἱῷ

205 1819 208 1822 ,
305 1759 587 1825 πρόσεστι,
644 1755 739 1808 καὶ
777 1756 875 1824 τὴν
932 1756 1086 1818 τάξιν
1139 1754 1461 1823 συντηροῦν,
1497 1755 1592 1807 καὶ
1643 1751 1740 1821 τὴν
1767 1753 1866 1819 τῆς

301 1846 530 1916 Τριάδος
574 1846 950 1915 ἀκατάλληλον
999 1846 1184 1914 σχέσιν
1210 1887 1224 1910 ,
1262 1846 1584 1914 κοινωνήσει
1648 1845 1866 1906 πάντως

297 1937 455 1991 τοῦτο
484 1937 561 2007 τῷ
577 1937 690 2006 Υἰῷ
718 1940 746 1987 6
786 1938 1000 2007 Πατήρ.
1033 1938 1140 1989 Καὶ
1172 1936 1341 1998 οὑτως
1381 1935 1531 1988 ἔσται
1552 1936 1612 1988 τὸ
1643 1934 1864 2002 Πνεῦμα

298 2033 388 2082 καὶ
420 2031 510 2083 τοῦ
539 2029 696 2091 Υἰοῦ,
736 2029 828 2080 καὶ
851 2029 950 2080 οὐκ
983 2027 1203 2089 ἐλλιπὲς
1258 2026 1319 2078 τὸ
1355 2025 1580 2093 Πνεῦμα
1627 2024 1700 2095 μὴ
1736 2042 1868 2095 προ-

308 2121 524 2185 ϐάλλον,
584 2120 774 2187 ὥσπερ
801 2119 921 2172 οὐδὲ
951 2118 978 2170 6
1005 2118 1130 2180 Υἰὺς
1164 2117 1238 2187 μὴ
1262 2118 1484 2184 γεννῶν.
1520 2117 1734 2170 Μᾶλλον
1760 2117 1868 2187 γὰρ

302 2209 606 2278 προϐάλλον
631 2205 775 2279 ἦνᾶν
818 2207 1149 2265 ὲλλιπές.Ἦ
1198 2213 1305 2276 γὰρ
1357 2206 1515 2258 ἑαυτὸ
1561 2205 1868 2276 προῦϐαλεν

302 2303 390 2365 ἂν,
413 2303 550 2373 ὅπερ
587 2300 865 2365 ἀδύνατον,
919 2298 1130 2367 ἢάλλο,
1187 2299 1280 2350 καὶ
1307 2297 1480 2359 οὑτως
1523 2297 1602 2357 εἰς
1642 2294 1868 2362 ἄπειρον

302 2396 433 2462 ἡμῖν
463 2370 648 2461 ὲξνὴκει
673 2395 700 2446 6
734 2392 910 2461 λόγος,
949 2393 1084 2460 ὅπερ
1119 2388 1182 2442 οὑ
1219 2388 1556 2454 τελειότητος
1582 2370 1677 2439 καὶ
1710 2385 1869 2447 αὑτὸς

303 2485 477 2548 εἴποις
503 2483 586 2538 άν.

375 2755 485 2826 κη’.
518 2754 578 2808 Εἰ
605 2753 662 2807 δὲ
685 2754 863 2821 λέγεις
917 2753 1001 2806 ὅτι
1037 2750 1439 2821 προοεωρεῖται
1465 2749 1526 2802 τὸ
1555 2749 1727 2802 αἴτιον
1775 2748 1870 2801 τοῦ

307 2848 569 2902 αἰτιατοῦ·
599 2847 839 2908 αἰτιατδς
869 2845 924 2898 δὲ
958 2845 986 2896 6
1027 2843 1180 2906 Υἰός’
1215 2843 1274 2896 τὸ
1307 2843 1365 2895 δὲ
1422 2841 1746 2912 προϐάλλειν
1773 2843 1871 2908 τῆς

313 2943 514 3004 αἰτίας·
544 2940 941 3008 προθεωρεῖται
990 2936 1100 3004 ἄρα
1150 2935 1248 3003 τῆς
1305 2931 1398 2985 τοῦ
1461 2933 1590 2984 Υἰοῦ
1635 2933 1870 2984 ὑποστά-

316 3048 470 3094 σεωςο
497 3033 556 3084 οὑ
585 3030 906 3098 κοινωνήσει
941 3028 1051 3094 ἄρα
1077 3024 1236 3078 τοῦτο
1262 3023 1334 3092 τῷ
1367 3022 1478 3090 Υἱῷ
1507 3025 1535 3076 6
1591 3023 1776 3090 Πατὴρ
1799 3021 1873 3082 ὡς

1962 594 2150 632 verum
2206 581 2481 648 producit,
2543 589 2598 634 et
2656 580 2796 633 ratio
2839 587 3202 632 consentanea
3249 583 3306 628 et
3329 588 3524 627 conse-

1961 685 2140 740 quens
2196 679 2299 724 est.
2354 670 2613 724 Producit
2638 671 2794 725 Pater
2825 668 3104 736 Spiritum,
3143 674 3353 719 etcum
3396 677 3525 729 pro-

1961 762 2133 823 ducit,
2171 762 2538 815 communicat
2579 761 2652 815 illi
2679 759 2860 814 omnia
2914 773 3034 827 qua:
3065 772 3170 811 non
3208 753 3524 824 prmiutelli-

1962 863 2171 923 guntur
2220 852 2370 907 illius
2403 853 2706 920 hyposlasi,
2734 859 3130 920 proptereaque
3162 846 3277 898 ﬂeri
3317 845 3524 914 nequ’t,

1963 954 2024 998 ut
2059 945 2160 1013 ipsi
2199 946 2306 998 vim
2345 943 2680 1013 producendi
2718 952 2812 995 aut
2839 939 3131 1009 generandi
3157 937 3527 1004 impertiatur,

1963 1035 2419 1104 quemadmodum
2472 1049 2646 1102 neque
2708 1031 2842 1085 Filio
2887 1028 3180 1099 generandi
3231 1045 3244 1080 :
3295 1041 3530 1093 namque

1965 1127 2081 1180 haec
2133 1127 2186 1179 in
2236 1126 2392 1180 Patre
2440 1123 2954 1193 pra~intelliguutur.
3012 1119 3117 1174 Sed
3151 1133 3328 1187 neque
3360 1133 3528 1186 gene-

1965 1217 2097 1282 rari,
2151 1215 2296 1285 quod
2355 1216 2476 1269 finis
2527 1213 2900 1285 generationis
2938 1210 3245 1275 dicebatur,
3297 1208 3524 1278 Spiritui

1964 1308 2146 1363 inerit.
2182 1307 2619 1376 Prteintelligitur
2708 1305 2979 1373 siquidem
3046 1303 3352 1374 liypostasis
3409 1299 3529 1354 Filii

1967 1400 2251 1470 liypostasi
2316 1399 2580 1468 Spiritus.
2622 1396 2826 1452 Verum
2876 1395 3185 1464 producere
3247 1407 3370 1446 cum
3423 1406 3529 1443 non

1966 1489 2420 1560 prmintelligatur
2455 1485 2578 1539 Filii
2629 1485 2932 1555 liyposlasi,
2993 1497 3165 1552 neque
3198 1479 3406 1534 ratione
3431 1480 3530 1548 lay-

1966 1583 2202 1649 postasis
2233 1579 2568 1632 adversetur.
2613 1575 2798 1644 Neque
2847 1575 2992 1629 enim
3051 1580 3339 1641 propterea
3370 1569 3530 1622 Pater

1969 1668 2164 1731 Filius,
2230 1681 2323 1721 aut
2377 1667 2671 1734 productio
2693 1673 2799 1726 est,
2819 1678 2996 1731 neque
3029 1661 3202 1714 Filius
3231 1659 3283 1712 in
3311 1660 3528 1710 Patrem

1970 1759 2290 1828 prolabitur,
2321 1773 2497 1826 neque
2526 1757 2767 1825 Spiritus
2799 1771 2865 1807 ex
2893 1754 3007 1808 suis
3041 1751 3274 1821 propriis
3291 1748 3527 1803 excedit.

1968 1848 2101 1902 Cum
2145 1848 2329 1916 itaque
2372 1846 2573 1900 nullam
2630 1843 3009 1898 confusionem
3065 1851 3289 1910 generet
3321 1837 3530 1906 produ-

1967 1953 2116 2002 cere,
2147 1937 2257 1992 imo
2288 1944 2459 1991 totum
2487 1935 2822 2004 oppositum.
2849 1933 2892 1986 si
2924 1931 3065 1985 Filio
3100 1930 3263 2004 inest,
3295 1939 3350 1982 et
3384 1927 3532 1980 ordi-

1967 2043 2089 2082 nem
2123 2037 2320 2089 servet,
2359 2038 2412 2079 et
2444 2025 2660 2079 Triadis
2715 2033 2956 2077 tnutuam
3017 2020 3361 2080 relationem,
3397 2015 3531 2070 illud

1968 2136 2194 2192 prorsus
2247 2121 2385 2174 Filio
2446 2119 2605 2172 Pater
2656 2113 3102 2172 communicabit.
3151 2112 3217 2166 Et
3275 2111 3354 2164 sic
3387 2117 3532 2163 esset

1972 2213 2212 2281 Spiritus
2263 2221 2318 2266 et
2370 2209 2517 2273 Filii,
2573 2217 2628 2262 et
2667 2223 2775 2261 non
2823 2205 3198 2273 imperfectus,
3241 2201 3528 2272 quodnon

1971 2301 2258 2372 producat,
2321 2299 2480 2354 sicuti
2542 2313 2716 2366 neque
2747 2297 2936 2356 Filius,
2967 2293 3110 2362 quod
3148 2309 3251 2346 non
3281 2299 3526 2359 generet.

1971 2395 2084 2448 lmo
2124 2394 2168 2446 si
2231 2392 2576 2461 produceret,
2632 2396 2776 2442 esset
2831 2387 3217 2453 imperfectus;
3265 2396 3387 2433 nam
3446 2379 3528 2432 vel

1971 2483 2211 2556 seipsum
2264 2481 2376 2548 ipse
2431 2479 2779 2549 produceret,
2826 2475 2969 2544 quod
3015 2472 3131 2526 ﬁeri
3175 2469 3387 2537 nequit,
3447 2468 3529 2519 vel

1973 2574 2164 2636 alium,
2194 2581 2247 2625 et
2277 2572 2358 2625 sic
2387 2571 2440 2623 in
2468 2569 2738 2657 ipﬂnitum
2765 2565 3164 2636 produceretur
3196 2559 3529 2630 progressio,

1972 2663 2116 2732 quod
2155 2678 2262 2716 non
2293 2676 2412 2716 esse
2449 2651 2825 2730 pérl‘ectionis,
2861 2665 2974 2710 tute
3004 2654 3166 2707 etiam
3191 2651 3425 2705 diceres.

2046 2755 2133 2808 28.
2177 2755 2232 2810 Si
2282 2754 2463 2817 dicas,
2497 2766 2715 2805 causam
2762 2747 3100 2818 praeintclligi
3162 2744 3418 2807 elleetui;
3453 2741 3534 2796 ef-

1975 2847 2151 2901 fectus
2174 2861 2302 2900 vero
2326 2845 2516 2908 Filius,
2539 2856 2592 2899 et
2624 2842 2924 2912 producere
2982 2855 3158 2893 causa:
3195 2847 3297 2893 est.
3332 2837 3535 2890 Pr.eino

1979 2935 2237 3005 telligitur
2259 2949 2388 3004 ergo
2408 2932 2680 3004 hypostasi
2703 2930 2844 2984 Filii.
2865 2930 2982 2984 Non
3006 2925 3432 2982 communicabit
3452 2941 3539 2980 cr-

1976 3045 2042 3099 go
2070 3029 2200 3082 illud
2248 3027 2385 3082 Filio
2430 3027 2610 3087 l’ater,
2639 3038 2761 3078 cum
2803 3021 3247 3090 przeintelligatur
3291 3019 3447 3080 Filio,
3481 3027 3537 3071 et

309 3121 786 3193 προθεωρούμενον
814 3120 906 3174 τοῦ
947 3118 1100 3182 Υἰοῦ,
1153 3117 1249 3169 καὶ
1323 3115 1584 3186 σύγχυσιν
1631 3113 1871 3178 εἰσάγον,

1979 3122 2356 3175 confusionem
2383 3119 2622 3180 inducat,
2643 3117 2686 3169 si
2713 3116 2814 3185 ipsi
2839 3112 3358 3168 communicaretur.
3385 3109 3538 3162 Ilatio

308 3218 358 3268 εἰ
395 3216 574 3283 δοθείη
605 3213 752 3282 αὑτῷ
787 3252 802 3266 .
834 3213 1155 3279 Σοφιστικδς
1186 3210 1211 3261 ό
1235 3208 1410 3270 λόγος.
1473 3205 1872 3276 Προθεωρεῖται

307 3308 474 3378 γᾶριὸ
499 3305 687 3374 Πατὴρ
718 3305 810 3356 τοῦ
844 3301 976 3355 Υἰοῦ
1021 3301 1098 3370 τῷ
1129 3301 1307 3368 αἰτίῳ,
1347 3297 1408 3350 οὐ
1442 3297 1518 3365 τῷ
1570 3295 1689 3348 κατ’
1710 3297 1873 3347 ἐκπό-

313 3415 520 3467 ρευσιν.
551 3396 741 3457 Ἀλλος
775 3395 832 3446 δὲ
857 3393 1057 3464 τρόπος
1111 3391 1398 3459 ὑπάρξεως
1443 3381 1617 3449 οὗτος.
1677 3386 1768 3456 Τῷ
1819 3387 1875 3438 δὲ

310 3490 432 3542 κατ’
455 3489 784 3557 ἐκπόρευσιν
812 3487 908 3540 καὶ
946 3484 1218 3554 προϐολὴν
1261 3481 1418 3550 αἰτίῳ
1465 3479 1588 3532 οὔτε
1647 3478 1877 3530 ἐπιθεωο

315 3581 544 3652 ρεῖταιὸ
581 3579 768 3647 Πατὴρ
824 3576 918 3629 τοῦ
953 3575 1104 3628 Υἰοῦ.
1162 3573 1450 3640 Οὑδέτερος
1508 3570 1616 3638 γάρ
1671 3569 1874 3620 τούτων

318 3672 456 3739 πρὸς
504 3671 593 3722 τόν
629 3671 818 3738 ἕτερον
872 3667 945 3729 ὡς
981 3665 1124 3736 ἀρχὴ
1173 3665 1204 3733 ἢ
1267 3664 1442 3732 πέρας
1499 3661 1728 3729 ταυτησί
1778 3659 1874 3728 τῆς

315 3761 566 3830 προόδου,
602 3760 686 3812 ἵνα
718 3760 791 3828 μὴ
824 3758 1042 3818 πάντως
1093 3755 1315 3822 Πνεῦμα
1377 3751 1586 3804 τούτων
1643 3753 1796 3804 ἔσται
1849 3751 1876 3803 6

319 3854 528 3922 ἕτερος.
556 3851 629 3902 T6
665 3851 851 3920 μέντοι
911 3845 1314 3918 προϐάλλεσθαι
1381 3841 1709 3910 ἀμφοτέρων
1760 3842 1880 3892 ἑπι-

319 3943 624 4012 Θεωρεῖται.
688 3941 888 4007 Ἄμφω
972 3941 1081 4007 γὰρ
1137 3933 1568 4006 προοεωροῦνται
1628 3934 1723 4002 τῆς
1780 3929 1875 3984 τοῦ

317 4035 629 4105 Πνεύματος
682 4033 1048 4093 ὑποστάσεως,
1099 4029 1268 4097 φησιν
1298 4027 1593 4096 ὁΝὑσσης,
1637 4027 1731 4078 καὶ
1788 4025 1877 4078 διά

314 4125 469 4178 τοῦτο
502 4126 558 4190 ἐξ
587 4127 788 4194 ἀμφοῖν
817 4128 878 4174 τὸ
906 4121 1150 4189 Πνεῦμα.
1182 4121 1242 4173 Εἰ
1271 4118 1316 4173 δ’
1340 4121 1438 4172 οὑκ
1468 4119 1526 4182 ἐξ
1558 4119 1780 4186 ἀμφοῖν,
1815 4117 1876 4168 οὑ

315 4217 755 4285 προθεωροὺνται
784 4214 971 4282 ἄμφω.
1014 4210 1466 4280 Προθεωροῦνται
1491 4209 1548 4260 δὲ
1584 4207 1642 4271 ἐξ
1669 4208 1872 4274 ἀμφοῖν

313 4310 443 4377 ἄρα.
472 4308 536 4361 Εἰ
563 4309 617 4358 δὲ
649 4307 809 4358 πάλιν
852 4305 1050 4372 λέγεις,
1113 4304 1194 4356 ὅτι
1221 4305 1252 4370 ἡ
1281 4303 1338 4355 ἐν
1371 4301 1449 4370 τῷ
1482 4301 1655 4368 Πατρί
1687 4299 1877 4366 Θεότης

315 4396 710 4465 προοεωρεῖται
737 4395 832 4464 τῆς
863 4396 919 4445 ὲν
945 4394 1022 4462 τῷ
1051 4392 1165 4461 Υἰῷ
1193 4395 1290 4445 καὶ
1317 4391 1394 4459 τῷ
1425 4391 1725 4459 Πνεῦματι,
1783 4390 1876 4441 καὶ

1978 3213 2078 3266 ista
2105 3227 2171 3264 ex
2217 3227 2359 3279 penu
2400 3209 2764 3278 sepltistarutu
2797 3216 2900 3260 est.
2922 3203 3360 3272 Prmiutell‘gitur
3392 3199 3537 3254 enim

1979 3303 2136 3356 Pater
2161 3301 2296 3354 Filio
2329 3317 2490 3355 causa
2519 3315 2627 3354 non
2653 3315 2716 3353 ea
2741 3313 2862 3367 quae
2885 3306 2967 3350 est
2993 3297 3292 3349 secundum
3319 3308 3538 3363 proces-

1977 3396 2224 3459 sionem;
2255 3408 2487 3459 namque
2521 3392 2609 3445 hic
2641 3392 2830 3444 modus
2874 3389 3011 3442 alius
3043 3387 3374 3440 exsistezuize
3416 3395 3535 3448 est;

1979 3499 2142 3538 causa
2186 3499 2338 3546 vero,
2371 3496 2490 3550 qua:
2536 3481 2836 3535 secundum
2873 3476 3277 3546 pro'cessiouem
3324 3484 3378 3526 et
3409 3488 3538 3542 pro-

1978 3577 2290 3630 ductionem
2331 3586 2433 3636 est,
2472 3582 2805 3642 ncquexante
2842 3586 3019 3638 neque
3062 3578 3182 3638 post
3217 3567 3542 3635 intelligitur

1979 3667 2138 3722 Pater
2173 3666 2327 3720 Filio.
2351 3666 2514 3720 Nemo
2537 3665 2683 3718 enim
2714 3679 2778 3715 ex
2809 3662 2941 3730 ipsis
2960 3676 3084 3730 erga
3107 3661 3272 3713 alium
3296 3666 3390 3710 aut
3421 3657 3538 3709 vel-

1983 3761 2060 3813 uti
2113 3759 2460 3828 principium,
2504 3767 2595 3811 aut
2631 3755 2796 3808 veluti
2856 3754 2978 3808 linis
3025 3764 3109 3807 est
3163 3748 3540 3816 hujuscemodi

1981 3865 2348 3921 progressus:
2385 3866 2452 3903 ne
2503 3863 2727 3917 prorsus
2757 3862 2898 3900 unus
2949 3862 3010 3899 ex
3054 3845 3138 3898 his
3175 3843 3413 3911 Spiritus
3448 3841 3539 3895 sit.

1981 3942 2216 3996 Produci
2249 3958 2375 3994 vero
2419 3950 2541 4009 post
2581 3951 2868 4008 utrumque
2915 3937 3258 4007 intelligitur.
3303 3935 3542 4003 Uterque

1983 4049 2217 4102 namque
2255 4033 2688 4102 praeintelligitur
2719 4031 2953 4100 Spiritus
2983 4029 3281 4099 hypnstasi,
3315 4036 3376 4080 ut
3407 4028 3542 4096 Nys-

1981 4139 2147 4178 senus
2178 4123 2374 4176 asserit
2401 4162 2416 4186 ,
2462 4136 2858 4192 proptereaque
2901 4120 2969 4173 ab
3021 4131 3248 4187 utroque
3283 4119 3541 4186 Spiritus.

1982 4213 2184 4279 Quodsi
2213 4231 2318 4267 non
2353 4215 2420 4267 ab
2453 4223 2685 4282 utroque
2713 4253 2726 4276 ,
2762 4227 2869 4264 non
2901 4211 3064 4264 ambo
3112 4208 3539 4280 prmiutelliguu-

1987 4315 2090 4358 tur.
2117 4301 2221 4358 Sed
2247 4304 2762 4372 prazinlelliguntur,
2789 4317 2855 4355 ex
2887 4312 3118 4369 utra-que
3147 4301 3332 4368 igitur.
3361 4299 3541 4363 Quod-

1983 4395 2026 4448 si
2063 4410 2252 4448 rursus
2279 4397 2428 4448 dicas
2473 4397 2729 4448 deitatem
2751 4432 2764 4454 ,
2795 4409 2914 4462 qua:
2940 4395 2992 4446 in
3028 4394 3182 4446 Patre
3216 4400 3315 4453 est,
3343 4390 3540 4458 pra-in-

314 4488 465 4555 ὅμως
525 4490 771 4541 κοινωνεῖ
818 4487 1022 4554 ταύτην
1076 4487 1188 4547 τοῖς
1243 4482 1340 4536 ἀπ’
1369 4481 1611 4555 αὑτοῦγό
1665 4481 1871 4547 Πατήρ·

1987 4487 2150 4553 telligi
2187 4485 2261 4539 illi
2291 4501 2414 4554 quae
2442 4495 2523 4550 est
2556 4488 2610 4538 in
2643 4486 2779 4538 Filio
2803 4495 2857 4538 et
2893 4486 2945 4537 in
2980 4483 3226 4552 Spiritu,
3257 4493 3308 4535 et
3338 4483 3541 4534 nihilo-

311 4554 485 4642 δόξεις
505 4579 602 4646 μὲν
633 4578 762 4639 ἴσως
785 4578 966 4644 λέγειν
989 4593 1040 4627 τι
1066 4577 1176 4637 τοῖς
1199 4575 1486 4644 ἀμυήτοις,
1510 4554 1661 4624 οὑδὲν
1687 4571 1732 4623 δ’
1759 4573 1878 4621 ὲπι-

314 4671 498 4738 φέρεις
528 4674 592 4738 τῇ
626 4669 870 4739 ἀληθείᾳ.
921 4666 984 4720 'll
1013 4667 1120 4735 γὰρ
1150 4667 1207 4719 ἐν
1235 4665 1313 4733 τῷ
1369 4664 1543 4734 Πατρὶ
1591 4663 1802 4730 θεότης.

314 4760 526 4827 θεότης,
559 4759 620 4812 οὐ
660 4759 1050 4829 προοεωρείται
1084 4757 1181 4825 τῆς
1215 4755 1309 4809 τοῦ
1338 4755 1489 4819 Υἰοῦ,
1525 4753 1716 4824 ἡαὺτὴ
1745 4751 1877 4803 οῦσα

313 4856 458 4905 κατά
483 4853 681 4916 πάντα,
746 4855 839 4904 καὶ
894 4849 1262 4920 μηδεμιασοῦν
1321 4848 1555 4917 σχέσεως
1606 4844 1879 4913 ἀναμέσον

316 4943 722 5014 θεωρουμένης.
778 4943 939 4994 Ἀλλὰ
996 4942 1394 5012 προῦεωρεῖται
1457 4937 1556 5006 μὲν
1605 4938 1636 5004 ἡ
1688 4938 1743 4987 ὲν
1801 4933 1879 5003 τῷ

317 5037 493 5106 Πατρὶ
520 5038 728 5103 Οεότης,
829 5034 1015 5103 γεννᾷ,
1054 5032 1435 5100 ὲπιοεωρεῖται
1471 5029 1524 5080 δὲ
1561 5030 1616 5080 ἐν
1643 5027 1718 5096 τῷ
1742 5025 1874 5095 Υἱῷ,

314 5123 657 5201 ᾖγεννᾶται.
717 5127 776 5177 Εἰ
821 5126 876 5176 δὲ
935 5125 1310 5191 προστιθείη-ς,
1375 5122 1455 5172 ὅτι
1492 5121 1665 5172 ταῦτα
1703 5120 1879 5180 οὐδεὶς

316 5215 436 5271 εἷπε
472 5219 582 5270 τῶν
615 5218 904 5283 Θεολόγων,
940 5217 1050 5267 δεῖν
1085 5215 1140 5266 δὲ
1170 5215 1270 5274 1'1;
1299 5211 1642 5282 προτάσειςῆ
1677 5214 1738 5262 ὲκ
1773 5211 1880 5262 τῶν

313 5312 640 5379 θεολογικὼν
672 5311 849 5380 ῥητῶς
880 5307 1276 5376 λαμϐάνεσθαι,
1321 5305 1353 5372 ἢ
1413 5305 1621 5356 ἐκεῖθεν
1653 5303 1878 5354 ἕπεσθαι

312 5407 423 5464 τοίς
456 5403 924 5472 συλλογιζομένοις
949 5419 964 5433 ο
990 5398 1276 5468 θαυμάζω,
1308 5399 1421 5458 πῶς
1451 5398 1510 5450 οὑ
1544 5396 1757 5465 βλέπεις
1815 5399 1878 5447 ἐκ

311 5494 420 5546 τῶν
449 5495 786 5547 διδασκάλων
810 5495 979 5546 ταῦτα
1018 5491 1314 5562 ληφθῆναι.
1383 5490 1590 5549 Πάντες
1643 5486 1770 5555 γάρ,
1806 5487 1880 5546 ὡς

309 5588 508 5648 εἰπεῖν,
531 5585 955 5655 προοεωρεῖσοαι
1000 5583 1098 5652 τὴν
1126 5580 1222 5634 τοῦ
1268 5579 1395 5633 Υἱοῦ
1426 5577 1721 5630 ὑπόστασίν
1747 5594 1878 5644 φασι

310 5677 410 5744 τῆς
443 5677 540 5728 τοῦ
574 5675 915 5743 ιΙνεύματος.
959 5669 1236 5726 Ἀλλ”οἷδα
1267 5673 1349 5726 ὅτι
1378 5670 1534 5723 τοῦτο
1561 5669 1751 5733 δώσεις
1783 5671 1875 5722 καὶ

313 5768 484 5820 ἄκων.
522 5767 630 5836 Τὴν
656 5767 709 5819 δὲ
752 5767 1015 5833 λέγουσαν
1054 5765 1337 5834 πρότασιν,
1393 5765 1473 5815 ὅτι
1508 5763 1571 5814 τὰ
1636 5761 1873 5831 7:900:19-

1986 4575 2168 4630 minus
2203 4592 2322 4630 eam
2365 4577 2771 4630 communicare
2804 4577 3019 4629 Patrem
3073 4576 3138 4628 iis
3187 4591 3308 4642 quas
3359 4589 3423 4626 ex
3483 4588 3541 4626 se

1982 4677 2132 4729 sunt,
2157 4667 2432 4720 videberis
2455 4667 2675 4735 quidem
2705 4667 2910 4735 aliquid
2933 4667 3115 4719 dicere
3140 4680 3322 4718 rerum
3349 4665 3538 4716 harum

1982 4761 2285 4828 inexpertis
2320 4775 2333 4812 :
2367 4759 2458 4812 sed
2499 4769 2556 4812 ut
2592 4775 2720 4812 vere
2748 4759 2920 4812 fatear
2947 4797 2962 4822 ,
3011 4758 3144 4810 nihil
3173 4759 3329 4810 solidi
3357 4758 3538 4810 all'ers.

1983 4851 2165 4905 Deitas
2198 4851 2366 4910 enim.
2393 4867 2514 4920 qua:
2542 4853 2594 4905 in
2627 4849 2789 4905 Patre
2814 4862 2918 4913 est,
2944 4867 3048 4919 qua
3083 4851 3365 4905 deitasoest
3386 4891 3399 4912 ,
3433 4865 3537 4900 non

1983 4943 2434 5013 pra-intelligitur
2471 4943 2583 5005 illi,
2636 4960 2756 5011 qua:
2785 4943 2838 4995 in
2876 4941 3012 4995 Filio
3046 4953 3149 5000 e5t.
3186 4957 3306 4992 eum
3353 4939 3542 4994 eadem

1985 5035 2058 5087 sit
2093 5035 2392 5087 secundum
2419 5033 2624 5095 omnia,
2649 5034 2904 5101 nullaque
2935 5031 3126 5085 relatio
3155 5029 3540 5098 interjiciatur.

1982 5125 2087 5180 Sed
2122 5126 2562 5194 praeintclligitur
2597 5125 2838 5193 quidem,
2862 5140 2981 5191 qua:
3009 5124 3059 5175 in
3093 5122 3250 5174 Patre
3281 5131 3383 5180 est,
3424 5119 3542 5171 dei-

1983 5227 2086 5277 tas,
2120 5232 2224 5285 qua
2257 5227 2498 5285 generat,
2546 5227 2882 5285 postremum
2918 5215 3241 5279 intelligitur
3287 5213 3340 5264 in
3379 5210 3538 5272 Filio,

1981 5323 2088 5376 qua
2126 5316 2438 5376 generatur.
2484 5308 2692 5373 Quodsi
2727 5307 2893 5359 addas
2945 5306 3058 5358 haec
3091 5323 3118 5358 a
3156 5304 3304 5356 nullo
3335 5303 3537 5356 dictata

1981 5398 2150 5452 fuisse
2205 5399 2490 5466 tlieologo.
2528 5409 2580 5451 et
2611 5398 3012 5466 propositiones
3039 5383 3390 5448 assumendas
3417 5409 3538 5446 es.~e

1983 5500 2075 5544 aut
2108 5505 2174 5542 ex
2219 5489 2576 5555 tlieologieis,
2615 5506 2735 5557 qua:
2781 5507 3037 5558 expresse
3082 5505 3177 5542 eas
3230 5487 3540 5550 euuntient,

1980 5588 2074 5632 aut
2107 5593 2168 5632 ex
2214 5577 2680 5645 consequentibus
2729 5592 3053 5646 argumento
3104 5578 3541 5632 demonstrativo

1981 5671 2202 5734 clieitis,
2239 5671 2411 5723 miror
2439 5672 2693 5738 equidem
2729 5671 2823 5723 lilii
2859 5688 2966 5725 non
3007 5673 3350 5725 innotescere
3387 5687 3446 5722 ea
3480 5685 3545 5722 rx

1983 5764 2299 5817 doctoribus
2329 5778 2447 5818 esse
2481 5771 2717 5823 accepta.
2747 5761 2880 5816 Nam
2909 5779 3118 5825 omnes,
3150 5774 3205 5816 ut
3244 5763 3313 5815 ita
3343 5761 3541 5824 dicam,
