  <div class='ocr_page' id='page_1' title='image "/cluster/home/n/w/nwhite01/storage/ocr_20150623/161/hvd.32044073502700/529.png"; bbox 0 0 3902 6208; ppageno 0'>
   <div class='ocr_carea' id='block_1_1' title="bbox 453 300 558 381">
    <p class='ocr_par' dir='ltr' id='par_1_1' title="bbox 453 300 558 381">
     <span class='ocr_line' id='line_1_1' title="bbox 453 300 558 381; baseline 0.01 -18"><span class='ocrx_word' id='word_1_1' title='bbox 453 300 558 381; x_wconf 79' lang='lat'><strong>823</strong></span> 
     </span>
    </p>
   </div>
   <div class='ocr_carea' id='block_1_2' title="bbox 1642 292 3627 362">
    <p class='ocr_par' dir='ltr' id='par_1_2' title="bbox 1642 292 3627 362">
     <span class='ocr_line' id='line_1_2' title="bbox 1642 292 3627 362; baseline 0.004 -8"><span class='ocrx_word' id='word_1_2' title='bbox 1642 294 1963 355; x_wconf 82' lang='lat' dir='ltr'><strong>GEORGII</strong></span> <span class='ocrx_word' id='word_1_3' title='bbox 2007 292 2535 356; x_wconf 80' lang='lat' dir='ltr'><strong>TRAPEZUNTII</strong></span> <span class='ocrx_word' id='word_1_4' title='bbox 3549 298 3627 362; x_wconf 75' lang='lat' dir='ltr'><strong>82l</strong></span> 
     </span>
    </p>
   </div>
   <div class='ocr_carea' id='block_1_3' title="bbox 454 401 2051 481">
    <p class='ocr_par' dir='ltr' id='par_1_3' title="bbox 454 406 2051 481">
     <span class='ocr_line' id='line_1_3' title="bbox 454 406 2051 481; baseline -0.007 -15"><span class='ocrx_word' id='word_1_5' title='bbox 454 413 586 470; x_wconf 83' lang='lat' dir='ltr'><strong>Filii</strong></span> <span class='ocrx_word' id='word_1_6' title='bbox 649 410 989 481; x_wconf 82' lang='lat' dir='ltr'><strong>hypostasim</strong></span> <span class='ocrx_word' id='word_1_7' title='bbox 1046 408 1326 480; x_wconf 81' lang='lat' dir='ltr'><strong>hypostasi</strong></span> <span class='ocrx_word' id='word_1_8' title='bbox 1386 408 1626 478; x_wconf 90' lang='lat' dir='ltr'><strong>Spiritus</strong></span> <span class='ocrx_word' id='word_1_9' title='bbox 1676 406 2051 478; x_wconf 27' lang='lat' dir='ltr'><strong>praeintelligi,</strong></span> 
     </span>
    </p>
   </div>
   <div class='ocr_carea' id='block_1_4' title="bbox 2153 401 3629 481">
    <p class='ocr_par' dir='ltr' id='par_1_4' title="bbox 2153 401 3629 480">
     <span class='ocr_line' id='line_1_4' title="bbox 2153 401 3629 480; baseline 0.004 -21"><span class='ocrx_word' id='word_1_10' title='bbox 2153 407 2366 476; x_wconf 65' lang='grc' dir='ltr'><strong>μούμενα</strong></span> <span class='ocrx_word' id='word_1_11' title='bbox 2389 407 2490 477; x_wconf 82' lang='grc' dir='ltr'><strong>τῆς</strong></span> <span class='ocrx_word' id='word_1_12' title='bbox 2534 422 2681 469; x_wconf 76' lang='grc' dir='ltr'><strong>τινος</strong></span> <span class='ocrx_word' id='word_1_13' title='bbox 2722 406 3069 472; x_wconf 73' lang='grc' dir='ltr'><strong>ὑποστάσεως</strong></span> <span class='ocrx_word' id='word_1_14' title='bbox 3098 406 3160 461; x_wconf 82' lang='grc' dir='ltr'><strong>οὗ</strong></span> <span class='ocrx_word' id='word_1_15' title='bbox 3187 401 3433 476; x_wconf 66' lang='grc' dir='ltr'><strong>πρόσεστι</strong></span> <span class='ocrx_word' id='word_1_16' title='bbox 3465 411 3521 480; x_wconf 69' lang='grc' dir='ltr'><strong>τῇ</strong></span> <span class='ocrx_word' id='word_1_17' title='bbox 3540 412 3629 466; x_wconf 72' lang='grc' dir='ltr'><strong>ἑπι-</strong></span> 
     </span>
    </p>
   </div>
   <div class='ocr_carea' id='block_1_5' title="bbox 454 497 2051 575">
    <p class='ocr_par' dir='ltr' id='par_1_5' title="bbox 454 498 2024 575">
     <span class='ocr_line' id='line_1_5' title="bbox 454 498 2024 575; baseline -0.005 -15"><span class='ocrx_word' id='word_1_18' title='bbox 454 502 778 575; x_wconf 71' lang='lat' dir='ltr'><strong>prtedicant.</strong></span> <span class='ocrx_word' id='word_1_19' title='bbox 811 501 919 555; x_wconf 84' lang='lat' dir='ltr'><strong>Sed</strong></span> <span class='ocrx_word' id='word_1_20' title='bbox 952 501 1092 555; x_wconf 85' lang='lat' dir='ltr'><strong>bene</strong></span> <span class='ocrx_word' id='word_1_21' title='bbox 1138 499 1264 554; x_wconf 87' lang='lat' dir='ltr'><strong>novi</strong></span> <span class='ocrx_word' id='word_1_22' title='bbox 1300 508 1351 554; x_wconf 92' lang='lat' dir='ltr'><strong>te</strong></span> <span class='ocrx_word' id='word_1_23' title='bbox 1399 498 1569 554; x_wconf 86' lang='lat' dir='ltr'><strong>etiam</strong></span> <span class='ocrx_word' id='word_1_24' title='bbox 1608 499 1889 553; x_wconf 83' lang='lat' dir='ltr'><strong>nolentem</strong></span> <span class='ocrx_word' id='word_1_25' title='bbox 1917 498 2024 552; x_wconf 84' lang='lat' dir='ltr'><strong>hoc</strong></span> 
     </span>
    </p>
   </div>
   <div class='ocr_carea' id='block_1_6' title="bbox 2153 497 3628 575">
    <p class='ocr_par' dir='ltr' id='par_1_6' title="bbox 2153 497 3628 571">
     <span class='ocr_line' id='line_1_6' title="bbox 2153 497 3628 571; baseline 0.001 -20"><span class='ocrx_word' id='word_1_26' title='bbox 2153 515 2251 551; x_wconf 85' lang='grc' dir='ltr'><strong>ιοου</strong></span> <span class='ocrx_word' id='word_1_27' title='bbox 2267 499 2403 570; x_wconf 75' lang='grc' dir='ltr'><strong>μένῃ</strong></span> <span class='ocrx_word' id='word_1_28' title='bbox 2426 499 2747 562; x_wconf 77' lang='grc' dir='ltr'><strong>ὑποστάσει,</strong></span> <span class='ocrx_word' id='word_1_29' title='bbox 2797 497 3001 569; x_wconf 78' lang='grc' dir='ltr'><strong>ταύτην</strong></span> <span class='ocrx_word' id='word_1_30' title='bbox 3059 499 3308 571; x_wconf 75' lang='grc' dir='ltr'><strong>άρνήσης</strong></span> <span class='ocrx_word' id='word_1_31' title='bbox 3363 499 3489 553; x_wconf 80' lang='grc' dir='ltr'><strong>Ἀλλ’</strong></span> <span class='ocrx_word' id='word_1_32' title='bbox 3510 503 3628 558; x_wconf 74' lang='grc' dir='ltr'><strong>ἐκπε-</strong></span> 
     </span>
    </p>
   </div>
   <div class='ocr_carea' id='block_1_7' title="bbox 431 582 2023 658">
    <p class='ocr_par' dir='ltr' id='par_1_7' title="bbox 431 582 2023 658">
     <span class='ocr_line' id='line_1_7' title="bbox 431 582 2023 658; baseline -0.004 -12"><span class='ocrx_word' id='word_1_33' title='bbox 431 604 875 646; x_wconf 71' lang='lat' dir='ltr'><strong>.concessurum.</strong></span> <span class='ocrx_word' id='word_1_34' title='bbox 929 582 1371 657; x_wconf 78' lang='lat' dir='ltr'><strong>Propositionetn</strong></span> <span class='ocrx_word' id='word_1_35' title='bbox 1420 602 1577 653; x_wconf 80' lang='lat' dir='ltr'><strong>vero,</strong></span> <span class='ocrx_word' id='word_1_36' title='bbox 1628 603 1751 658; x_wconf 70' lang='lat' dir='ltr'><strong>quae</strong></span> <span class='ocrx_word' id='word_1_37' title='bbox 1792 597 2023 650; x_wconf 88' lang='lat' dir='ltr'><strong>asserat,</strong></span> 
     </span>
    </p>
   </div>
   <div class='ocr_carea' id='block_1_8' title="bbox 456 662 2026 753">
    <p class='ocr_par' dir='ltr' id='par_1_8' title="bbox 456 662 2026 753">
     <span class='ocr_line' id='line_1_8' title="bbox 456 662 2026 753; baseline -0.003 -18"><span class='ocrx_word' id='word_1_38' title='bbox 456 680 853 753; x_wconf 72' lang='lat' dir='ltr'><strong>przrinlellecta</strong></span> <span class='ocrx_word' id='word_1_39' title='bbox 885 662 1117 750; x_wconf 60' lang='lat' dir='ltr'><strong>alicujus</strong></span> <span class='ocrx_word' id='word_1_40' title='bbox 1172 682 1456 750; x_wconf 84' lang='lat' dir='ltr'><strong>hypostasi</strong></span> <span class='ocrx_word' id='word_1_41' title='bbox 1503 695 1612 734; x_wconf 90' lang='lat' dir='ltr'><strong>non</strong></span> <span class='ocrx_word' id='word_1_42' title='bbox 1644 680 1824 734; x_wconf 86' lang='lat' dir='ltr'><strong>inesse</strong></span> <span class='ocrx_word' id='word_1_43' title='bbox 1854 679 2026 750; x_wconf 76' lang='lat' dir='ltr'><strong>hypo-</strong></span> 
     </span>
    </p>
   </div>
   <div class='ocr_carea' id='block_1_9' title="bbox 455 770 2029 841">
    <p class='ocr_par' dir='ltr' id='par_1_9' title="bbox 455 770 2029 841">
     <span class='ocr_line' id='line_1_9' title="bbox 455 770 2029 841; baseline -0.001 -13"><span class='ocrx_word' id='word_1_44' title='bbox 455 773 610 836; x_wconf 88' lang='lat' dir='ltr'><strong>stasi,</strong></span> <span class='ocrx_word' id='word_1_45' title='bbox 637 786 759 841; x_wconf 75' lang='lat' dir='ltr'><strong>qua:</strong></span> <span class='ocrx_word' id='word_1_46' title='bbox 790 779 980 840; x_wconf 89' lang='lat' dir='ltr'><strong>postea</strong></span> <span class='ocrx_word' id='word_1_47' title='bbox 1009 770 1365 840; x_wconf 73' lang='lat' dir='ltr'><strong>intelligitur,</strong></span> <span class='ocrx_word' id='word_1_48' title='bbox 1395 770 1691 841; x_wconf 77' lang='lat' dir='ltr'><strong>negabisne</strong></span> <span class='ocrx_word' id='word_1_49' title='bbox 1723 781 1804 837; x_wconf 80' lang='lat' dir='ltr'><strong>tu,</strong></span> <span class='ocrx_word' id='word_1_50' title='bbox 1830 773 2029 827; x_wconf 78' lang='lat' dir='ltr'><strong>sodes?</strong></span> 
     </span>
    </p>
   </div>
   <div class='ocr_carea' id='block_1_10' title="bbox 458 862 2029 930">
    <p class='ocr_par' dir='ltr' id='par_1_10' title="bbox 458 862 2029 930">
     <span class='ocr_line' id='line_1_10' title="bbox 458 862 2029 930; baseline -0.002 -11"><span class='ocrx_word' id='word_1_51' title='bbox 458 865 565 921; x_wconf 87' lang='lat' dir='ltr'><strong>Sed</strong></span> <span class='ocrx_word' id='word_1_52' title='bbox 609 862 919 917; x_wconf 74' lang='lat' dir='ltr'><strong>recidamus</strong></span> <span class='ocrx_word' id='word_1_53' title='bbox 944 877 1012 916; x_wconf 83' lang='lat' dir='ltr'><strong>ex</strong></span> <span class='ocrx_word' id='word_1_54' title='bbox 1054 862 1280 930; x_wconf 85' lang='lat' dir='ltr'><strong>Triade,</strong></span> <span class='ocrx_word' id='word_1_55' title='bbox 1313 864 1357 918; x_wconf 86' lang='lat' dir='ltr'><strong>si</strong></span> <span class='ocrx_word' id='word_1_56' title='bbox 1388 863 1731 919; x_wconf 85' lang='lat' dir='ltr'><strong>contrarium</strong></span> <span class='ocrx_word' id='word_1_57' title='bbox 1755 863 2029 919; x_wconf 82' lang='lat' dir='ltr'><strong>conceda-</strong></span> 
     </span>
    </p>
   </div>
   <div class='ocr_carea' id='block_1_11' title="bbox 458 954 2024 1026">
    <p class='ocr_par' dir='ltr' id='par_1_11' title="bbox 458 954 2024 1026">
     <span class='ocr_line' id='line_1_11' title="bbox 458 954 2024 1026; baseline -0.001 -15"><span class='ocrx_word' id='word_1_58' title='bbox 458 966 567 1012; x_wconf 90' lang='lat' dir='ltr'><strong>tur.</strong></span> <span class='ocrx_word' id='word_1_59' title='bbox 600 955 686 1010; x_wconf 75' lang='lat' dir='ltr'><strong>Nil</strong></span> <span class='ocrx_word' id='word_1_60' title='bbox 733 960 920 1025; x_wconf 87' lang='lat' dir='ltr'><strong>Itaque</strong></span> <span class='ocrx_word' id='word_1_61' title='bbox 949 955 1106 1011; x_wconf 91' lang='lat' dir='ltr'><strong>deest</strong></span> <span class='ocrx_word' id='word_1_62' title='bbox 1154 954 1389 1026; x_wconf 86' lang='lat' dir='ltr'><strong>Spiritui</strong></span> <span class='ocrx_word' id='word_1_63' title='bbox 1428 970 1491 1009; x_wconf 79' lang='lat' dir='ltr'><strong>ex</strong></span> <span class='ocrx_word' id='word_1_64' title='bbox 1527 954 1670 1010; x_wconf 91' lang='lat' dir='ltr'><strong>Filio</strong></span> <span class='ocrx_word' id='word_1_65' title='bbox 1712 954 2024 1021; x_wconf 69' lang='lat' dir='ltr'><strong>exsistcnti,</strong></span> 
     </span>
    </p>
   </div>
   <div class='ocr_carea' id='block_1_12' title="bbox 459 1045 2031 1118">
    <p class='ocr_par' dir='ltr' id='par_1_12' title="bbox 459 1045 2031 1118">
     <span class='ocr_line' id='line_1_12' title="bbox 459 1045 2031 1118; baseline 0 -18"><span class='ocrx_word' id='word_1_66' title='bbox 459 1046 606 1118; x_wconf 87' lang='lat' dir='ltr'><strong>quod</strong></span> <span class='ocrx_word' id='word_1_67' title='bbox 653 1056 710 1101; x_wconf 91' lang='lat' dir='ltr'><strong>ct</strong></span> <span class='ocrx_word' id='word_1_68' title='bbox 738 1047 1017 1117; x_wconf 80' lang='lat' dir='ltr'><strong>Nyssenns</strong></span> <span class='ocrx_word' id='word_1_69' title='bbox 1066 1046 1346 1117; x_wconf 83' lang='lat' dir='ltr'><strong>plerisque</strong></span> <span class='ocrx_word' id='word_1_70' title='bbox 1393 1045 1449 1101; x_wconf 92' lang='lat' dir='ltr'><strong>in</strong></span> <span class='ocrx_word' id='word_1_71' title='bbox 1484 1045 1622 1102; x_wconf 91' lang='lat' dir='ltr'><strong>locis</strong></span> <span class='ocrx_word' id='word_1_72' title='bbox 1666 1055 1853 1115; x_wconf 88' lang='lat' dir='ltr'><strong>aperte</strong></span> <span class='ocrx_word' id='word_1_73' title='bbox 1905 1061 2031 1114; x_wconf 82' lang='lat' dir='ltr'><strong>pro-</strong></span> 
     </span>
    </p>
   </div>
   <div class='ocr_carea' id='block_1_13' title="bbox 459 1135 2032 1207">
    <p class='ocr_par' dir='ltr' id='par_1_13' title="bbox 459 1135 2032 1207">
     <span class='ocr_line' id='line_1_13' title="bbox 459 1135 2032 1207; baseline -0.003 -13"><span class='ocrx_word' id='word_1_74' title='bbox 459 1139 699 1194; x_wconf 83' lang='lat' dir='ltr'><strong>nuntiat.</strong></span> <span class='ocrx_word' id='word_1_75' title='bbox 741 1138 810 1193; x_wconf 88' lang='lat' dir='ltr'><strong>Et</strong></span> <span class='ocrx_word' id='word_1_76' title='bbox 855 1137 1206 1207; x_wconf 86' lang='lat' dir='ltr'><strong>potissimum</strong></span> <span class='ocrx_word' id='word_1_77' title='bbox 1255 1136 1516 1193; x_wconf 86' lang='lat' dir='ltr'><strong>Oratione</strong></span> <span class='ocrx_word' id='word_1_78' title='bbox 1564 1135 1828 1191; x_wconf 78' lang='lat' dir='ltr'><strong>adversus</strong></span> <span class='ocrx_word' id='word_1_79' title='bbox 1858 1135 2032 1190; x_wconf 81' lang='lat' dir='ltr'><strong>Mace-</strong></span> 
     </span>
    </p>
   </div>
   <div class='ocr_carea' id='block_1_14' title="bbox 461 1228 2035 1300">
    <p class='ocr_par' dir='ltr' id='par_1_14' title="bbox 461 1228 2035 1300">
     <span class='ocr_line' id='line_1_14' title="bbox 461 1228 2035 1300; baseline -0.002 -15"><span class='ocrx_word' id='word_1_80' title='bbox 461 1231 731 1286; x_wconf 87' lang='lat' dir='ltr'><strong>donianos</strong></span> <span class='ocrx_word' id='word_1_81' title='bbox 766 1247 783 1285; x_wconf 90' lang='lat'><strong>:</strong></span> <span class='ocrx_word' id='word_1_82' title='bbox 810 1229 875 1284; x_wconf 81' lang='lat' dir='ltr'><strong>In</strong></span> <span class='ocrx_word' id='word_1_83' title='bbox 905 1229 1089 1300; x_wconf 90' lang='lat' dir='ltr'><strong>quibus</strong></span> <span class='ocrx_word' id='word_1_84' title='bbox 1117 1230 1279 1295; x_wconf 87' lang='lat' dir='ltr'><strong>enim,</strong></span> <span class='ocrx_word' id='word_1_85' title='bbox 1329 1230 1426 1296; x_wconf 87' lang='lat' dir='ltr'><strong>ait,</strong></span> <span class='ocrx_word' id='word_1_86' title='bbox 1470 1245 1589 1299; x_wconf 78' lang='lat' dir='ltr'><strong>qua:</strong></span> <span class='ocrx_word' id='word_1_87' title='bbox 1621 1228 1911 1283; x_wconf 84' lang='lat' dir='ltr'><strong>secundum</strong></span> <span class='ocrx_word' id='word_1_88' title='bbox 1945 1229 2035 1282; x_wconf 87' lang='lat' dir='ltr'><strong>bo-</strong></span> 
     </span>
    </p>
   </div>
   <div class='ocr_carea' id='block_1_15' title="bbox 462 1317 2034 1390">
    <p class='ocr_par' dir='ltr' id='par_1_15' title="bbox 462 1317 2034 1390">
     <span class='ocr_line' id='line_1_15' title="bbox 462 1317 2034 1390; baseline -0.002 -17"><span class='ocrx_word' id='word_1_89' title='bbox 462 1337 584 1373; x_wconf 87' lang='lat' dir='ltr'><strong>num</strong></span> <span class='ocrx_word' id='word_1_90' title='bbox 610 1322 846 1390; x_wconf 76' lang='lat' dir='ltr'><strong>operatio</strong></span> <span class='ocrx_word' id='word_1_91' title='bbox 876 1328 976 1383; x_wconf 87' lang='lat' dir='ltr'><strong>est,</strong></span> <span class='ocrx_word' id='word_1_92' title='bbox 1013 1318 1220 1372; x_wconf 84' lang='lat' dir='ltr'><strong>nullam</strong></span> <span class='ocrx_word' id='word_1_93' title='bbox 1257 1317 1679 1372; x_wconf 77' lang='lat' dir='ltr'><strong>imminutionem</strong></span> <span class='ocrx_word' id='word_1_94' title='bbox 1708 1328 1803 1371; x_wconf 92' lang='lat' dir='ltr'><strong>aut</strong></span> <span class='ocrx_word' id='word_1_95' title='bbox 1841 1319 2034 1371; x_wconf 85' lang='lat' dir='ltr'><strong>immu-</strong></span> 
     </span>
    </p>
   </div>
   <div class='ocr_carea' id='block_1_16' title="bbox 464 1406 2037 1479">
    <p class='ocr_par' dir='ltr' id='par_1_16' title="bbox 464 1406 2037 1479">
     <span class='ocr_line' id='line_1_16' title="bbox 464 1406 2037 1479; baseline -0.003 -16"><span class='ocrx_word' id='word_1_96' title='bbox 464 1412 715 1464; x_wconf 76' lang='lat' dir='ltr'><strong>tationem</strong></span> <span class='ocrx_word' id='word_1_97' title='bbox 753 1410 940 1476; x_wconf 84' lang='lat' dir='ltr'><strong>habet,</strong></span> <span class='ocrx_word' id='word_1_98' title='bbox 975 1409 1233 1479; x_wconf 85' lang='lat' dir='ltr'><strong>quomodo</strong></span> <span class='ocrx_word' id='word_1_99' title='bbox 1263 1409 1459 1463; x_wconf 86' lang='lat' dir='ltr'><strong>rationi</strong></span> <span class='ocrx_word' id='word_1_100' title='bbox 1490 1417 1897 1462; x_wconf 77' lang='lat' dir='ltr'><strong>consentaneum</strong></span> <span class='ocrx_word' id='word_1_101' title='bbox 1924 1406 2037 1476; x_wconf 77' lang='lat' dir='ltr'><strong>fue-</strong></span> 
     </span>
    </p>
   </div>
   <div class='ocr_carea' id='block_1_17' title="bbox 2127 589 3629 662">
    <p class='ocr_par' dir='ltr' id='par_1_17' title="bbox 2127 589 3629 662">
     <span class='ocr_line' id='line_1_17' title="bbox 2127 589 3629 662; baseline 0.003 -19"><span class='ocrx_word' id='word_1_102' title='bbox 2127 589 2373 659; x_wconf 82' lang='grc' dir='ltr'><strong>σούμεθα</strong></span> <span class='ocrx_word' id='word_1_103' title='bbox 2427 589 2526 659; x_wconf 82' lang='grc' dir='ltr'><strong>τῆς</strong></span> <span class='ocrx_word' id='word_1_104' title='bbox 2562 590 2814 662; x_wconf 83' lang='grc' dir='ltr'><strong>Τριάδος,</strong></span> <span class='ocrx_word' id='word_1_105' title='bbox 2855 592 2906 644; x_wconf 84' lang='grc' dir='ltr'><strong>εί</strong></span> <span class='ocrx_word' id='word_1_106' title='bbox 2935 590 3058 660; x_wconf 80' lang='grc' dir='ltr'><strong>δοθῇ</strong></span> <span class='ocrx_word' id='word_1_107' title='bbox 3107 590 3169 644; x_wconf 67' lang='grc' dir='ltr'><strong>τὸ</strong></span> <span class='ocrx_word' id='word_1_108' title='bbox 3202 592 3527 660; x_wconf 81' lang='grc' dir='ltr'><strong>ἀντιφάσκον.</strong></span> <span class='ocrx_word' id='word_1_109' title='bbox 3548 595 3629 647; x_wconf 73' lang='grc' dir='ltr'><strong>οὐκ</strong></span> 
     </span>
    </p>
   </div>
   <div class='ocr_carea' id='block_1_18' title="bbox 2126 679 3629 752">
    <p class='ocr_par' dir='ltr' id='par_1_18' title="bbox 2126 679 3629 752">
     <span class='ocr_line' id='line_1_18' title="bbox 2126 679 3629 752; baseline 0.003 -19"><span class='ocrx_word' id='word_1_110' title='bbox 2126 679 2367 733; x_wconf 66' lang='grc' dir='ltr'><strong>ἐλλείπει</strong></span> <span class='ocrx_word' id='word_1_111' title='bbox 2414 679 2526 752; x_wconf 73' lang='grc' dir='ltr'><strong>ἄρα</strong></span> <span class='ocrx_word' id='word_1_112' title='bbox 2554 698 2606 734; x_wconf 88' lang='grc' dir='ltr'><strong>τι</strong></span> <span class='ocrx_word' id='word_1_113' title='bbox 2654 681 2735 751; x_wconf 78' lang='grc' dir='ltr'><strong>τῷ</strong></span> <span class='ocrx_word' id='word_1_114' title='bbox 2786 681 3063 750; x_wconf 84' lang='grc' dir='ltr'><strong>Πνεύματι</strong></span> <span class='ocrx_word' id='word_1_115' title='bbox 3104 681 3171 736; x_wconf 73' lang='grc' dir='ltr'><strong>ἐκ</strong></span> <span class='ocrx_word' id='word_1_116' title='bbox 3230 680 3323 735; x_wconf 87' lang='grc' dir='ltr'><strong>τοῦ</strong></span> <span class='ocrx_word' id='word_1_117' title='bbox 3372 682 3488 734; x_wconf 80' lang='grc' dir='ltr'><strong>Υἱοῦ</strong></span> <span class='ocrx_word' id='word_1_118' title='bbox 3531 682 3629 739; x_wconf 70' lang='grc' dir='ltr'><strong>ὄντι.</strong></span> 
     </span>
    </p>
   </div>
   <div class='ocr_carea' id='block_1_19' title="bbox 2129 770 3631 843">
    <p class='ocr_par' dir='ltr' id='par_1_19' title="bbox 2129 770 3631 843">
     <span class='ocr_line' id='line_1_19' title="bbox 2129 770 3631 843; baseline 0.001 -18"><span class='ocrx_word' id='word_1_119' title='bbox 2129 770 2307 842; x_wconf 86' lang='grc' dir='ltr'><strong>Ὅπερ</strong></span> <span class='ocrx_word' id='word_1_120' title='bbox 2341 772 2439 825; x_wconf 76' lang='grc' dir='ltr'><strong>καὶ</strong></span> <span class='ocrx_word' id='word_1_121' title='bbox 2467 773 2496 824; x_wconf 84' lang='grc' dir='ltr'><strong>ὁ</strong></span> <span class='ocrx_word' id='word_1_122' title='bbox 2523 770 2746 841; x_wconf 81' lang='grc' dir='ltr'><strong>Νύσσης</strong></span> <span class='ocrx_word' id='word_1_123' title='bbox 2775 773 3034 841; x_wconf 79' lang='grc' dir='ltr'><strong>κηρύττει</strong></span> <span class='ocrx_word' id='word_1_124' title='bbox 3068 770 3357 842; x_wconf 78' lang='grc' dir='ltr'><strong>πολλαχοῦ.</strong></span> <span class='ocrx_word' id='word_1_125' title='bbox 3408 772 3507 842; x_wconf 79' lang='grc' dir='ltr'><strong>οὐχ</strong></span> <span class='ocrx_word' id='word_1_126' title='bbox 3532 774 3631 843; x_wconf 73' lang='lat' dir='ltr'><strong>ipti-</strong></span> 
     </span>
    </p>
   </div>
   <div class='ocr_carea' id='block_1_20' title="bbox 2130 854 3632 935">
    <p class='ocr_par' dir='ltr' id='par_1_20' title="bbox 2130 854 3632 935">
     <span class='ocr_line' id='line_1_20' title="bbox 2130 854 3632 935; baseline 0.002 -18"><span class='ocrx_word' id='word_1_127' title='bbox 2130 881 2235 919; x_wconf 83' lang='grc' dir='ltr'><strong>στα</strong></span> <span class='ocrx_word' id='word_1_128' title='bbox 2263 863 2438 918; x_wconf 75' lang='grc' dir='ltr'><strong>δὲκαὶ</strong></span> <span class='ocrx_word' id='word_1_129' title='bbox 2471 864 2530 916; x_wconf 75' lang='grc' dir='ltr'><strong>ὲν</strong></span> <span class='ocrx_word' id='word_1_130' title='bbox 2560 863 2641 933; x_wconf 84' lang='grc' dir='ltr'><strong>τῷ</strong></span> <span class='ocrx_word' id='word_1_131' title='bbox 2681 854 2826 917; x_wconf 78' lang='grc' dir='ltr'><strong>κατὰ</strong></span> <span class='ocrx_word' id='word_1_132' title='bbox 2886 863 3306 918; x_wconf 84' lang='grc' dir='ltr'><strong>Μακεδονιανῶν</strong></span> <span class='ocrx_word' id='word_1_133' title='bbox 3339 863 3492 935; x_wconf 81' lang='grc' dir='ltr'><strong>λόγῳ.</strong></span> <span class='ocrx_word' id='word_1_134' title='bbox 3543 866 3632 934; x_wconf 63' lang='grc' dir='ltr'><strong>Ἐφ’</strong></span> 
     </span>
    </p>
   </div>
   <div class='ocr_carea' id='block_1_21' title="bbox 2131 950 3636 1025">
    <p class='ocr_par' dir='ltr' id='par_1_21' title="bbox 2131 950 3636 1025">
     <span class='ocr_line' id='line_1_21' title="bbox 2131 950 3636 1025; baseline -0.003 -14"><span class='ocrx_word' id='word_1_135' title='bbox 2131 950 2219 1011; x_wconf 81' lang='grc' dir='ltr'><strong>ὧν</strong></span> <span class='ocrx_word' id='word_1_136' title='bbox 2244 954 2376 1025; x_wconf 79' lang='grc' dir='ltr'><strong>γὰρ,</strong></span> <span class='ocrx_word' id='word_1_137' title='bbox 2411 954 2600 1025; x_wconf 72' lang='grc' dir='ltr'><strong>φησιν,</strong></span> <span class='ocrx_word' id='word_1_138' title='bbox 2639 953 2678 1021; x_wconf 79' lang='grc' dir='ltr'><strong><em>ἠ</em></strong></span> <span class='ocrx_word' id='word_1_139' title='bbox 2722 952 2874 1008; x_wconf 78' lang='grc' dir='ltr'><strong>κατὰ</strong></span> <span class='ocrx_word' id='word_1_140' title='bbox 2893 952 2959 1007; x_wconf 84' lang='grc' dir='ltr'><strong>τὸ</strong></span> <span class='ocrx_word' id='word_1_141' title='bbox 2983 952 3212 1022; x_wconf 72' lang='grc' dir='ltr'><strong>ἀγαθὸν</strong></span> <span class='ocrx_word' id='word_1_142' title='bbox 3233 953 3483 1023; x_wconf 80' lang='grc' dir='ltr'><strong>ἐνέργεια</strong></span> <span class='ocrx_word' id='word_1_143' title='bbox 3508 953 3636 1007; x_wconf 71' lang='lat' dir='ltr'><strong>obde-</strong></span> 
     </span>
    </p>
   </div>
   <div class='ocr_carea' id='block_1_22' title="bbox 2126 1045 3635 1120">
    <p class='ocr_par' dir='ltr' id='par_1_22' title="bbox 2126 1045 3635 1120">
     <span class='ocr_line' id='line_1_22' title="bbox 2126 1045 3635 1120; baseline -0.003 -17"><span class='ocrx_word' id='word_1_144' title='bbox 2126 1050 2276 1120; x_wconf 83' lang='grc' dir='ltr'><strong>μίαν</strong></span> <span class='ocrx_word' id='word_1_145' title='bbox 2295 1048 2650 1107; x_wconf 68' lang='grc' dir='ltr'><strong>ἐλάττωσιν.</strong></span> <span class='ocrx_word' id='word_1_146' title='bbox 2681 1045 2719 1115; x_wconf 79' lang='grc' dir='ltr'><strong><em>ἣ</em></strong></span> <span class='ocrx_word' id='word_1_147' title='bbox 2745 1046 3149 1115; x_wconf 66' lang='grc' dir='ltr'><strong>παραλλαγὴν</strong></span> <span class='ocrx_word' id='word_1_148' title='bbox 3177 1045 3325 1114; x_wconf 74' lang='grc' dir='ltr'><strong>ἔχει.</strong></span> <span class='ocrx_word' id='word_1_149' title='bbox 3355 1045 3469 1110; x_wconf 77' lang='grc' dir='ltr'><strong>πῶς</strong></span> <span class='ocrx_word' id='word_1_150' title='bbox 3504 1046 3635 1099; x_wconf 77' lang='grc' dir='ltr'><strong>ἐστιν</strong></span> 
     </span>
    </p>
   </div>
   <div class='ocr_carea' id='block_1_23' title="bbox 2131 1137 3636 1210">
    <p class='ocr_par' dir='ltr' id='par_1_23' title="bbox 2131 1137 3636 1210">
     <span class='ocr_line' id='line_1_23' title="bbox 2131 1137 3636 1210; baseline -0.005 -13"><span class='ocrx_word' id='word_1_151' title='bbox 2131 1142 2390 1210; x_wconf 74' lang='grc' dir='ltr'><strong>εὔλογον</strong></span> <span class='ocrx_word' id='word_1_152' title='bbox 2413 1138 2531 1207; x_wconf 82' lang='grc' dir='ltr'><strong>τὴν</strong></span> <span class='ocrx_word' id='word_1_153' title='bbox 2557 1138 2712 1193; x_wconf 81' lang='grc' dir='ltr'><strong>κατὰ</strong></span> <span class='ocrx_word' id='word_1_154' title='bbox 2757 1139 2869 1192; x_wconf 85' lang='grc' dir='ltr'><strong>τὸν</strong></span> <span class='ocrx_word' id='word_1_155' title='bbox 2904 1137 3161 1207; x_wconf 82' lang='grc' dir='ltr'><strong>ἀριθμὸν</strong></span> <span class='ocrx_word' id='word_1_156' title='bbox 3227 1137 3396 1202; x_wconf 77' lang='grc' dir='ltr'><strong>τάξιν</strong></span> <span class='ocrx_word' id='word_1_157' title='bbox 3437 1137 3636 1190; x_wconf 56' lang='lat' dir='ltr'><strong>elatio.</strong></span> 
     </span>
    </p>
   </div>
   <div class='ocr_carea' id='block_1_24' title="bbox 2133 1224 3636 1296">
    <p class='ocr_par' dir='ltr' id='par_1_24' title="bbox 2133 1224 3636 1296">
     <span class='ocr_line' id='line_1_24' title="bbox 2133 1224 3636 1296; baseline -0.001 -14"><span class='ocrx_word' id='word_1_158' title='bbox 2133 1229 2289 1296; x_wconf 82' lang='grc' dir='ltr'><strong>σεώς</strong></span> <span class='ocrx_word' id='word_1_159' title='bbox 2311 1245 2479 1294; x_wconf 79' lang='grc' dir='ltr'><strong>τινος</strong></span> <span class='ocrx_word' id='word_1_160' title='bbox 2511 1225 2624 1296; x_wconf 83' lang='grc' dir='ltr'><strong>τῆς</strong></span> <span class='ocrx_word' id='word_1_161' title='bbox 2644 1226 2796 1281; x_wconf 81' lang='grc' dir='ltr'><strong>κατὰ</strong></span> <span class='ocrx_word' id='word_1_162' title='bbox 2816 1226 3010 1295; x_wconf 73' lang='grc' dir='ltr'><strong>φύσιν</strong></span> <span class='ocrx_word' id='word_1_163' title='bbox 3033 1224 3423 1296; x_wconf 69' lang='grc' dir='ltr'><strong>παραλλαγῆς</strong></span> <span class='ocrx_word' id='word_1_164' title='bbox 3459 1226 3636 1281; x_wconf 68' lang='lat' dir='ltr'><strong>claudat</strong></span> 
     </span>
    </p>
   </div>
   <div class='ocr_carea' id='block_1_25' title="bbox 2134 1314 3637 1389">
    <p class='ocr_par' dir='ltr' id='par_1_25' title="bbox 2134 1314 3637 1389">
     <span class='ocr_line' id='line_1_25' title="bbox 2134 1314 3637 1389; baseline -0.005 -12"><span class='ocrx_word' id='word_1_165' title='bbox 2134 1320 2391 1389; x_wconf 76' lang='grc' dir='ltr'><strong>σημεῖον</strong></span> <span class='ocrx_word' id='word_1_166' title='bbox 2414 1314 2568 1374; x_wconf 76' lang='grc' dir='ltr'><strong>εἶναι</strong></span> <span class='ocrx_word' id='word_1_167' title='bbox 2589 1332 2610 1382; x_wconf 84' lang='grc'><strong><em>;</em></strong></span> <span class='ocrx_word' id='word_1_168' title='bbox 2633 1318 2867 1386; x_wconf 82' lang='grc' dir='ltr'><strong>Ὠσπερ</strong></span> <span class='ocrx_word' id='word_1_169' title='bbox 2886 1315 2966 1374; x_wconf 77' lang='grc' dir='ltr'><strong>ἂν</strong></span> <span class='ocrx_word' id='word_1_170' title='bbox 2977 1317 3035 1371; x_wconf 80' lang='lat' dir='ltr'><strong>sl</strong></span> <span class='ocrx_word' id='word_1_171' title='bbox 3057 1317 3229 1383; x_wconf 78' lang='grc' dir='ltr'><strong>τιςέν</strong></span> <span class='ocrx_word' id='word_1_172' title='bbox 3255 1315 3404 1385; x_wconf 81' lang='grc' dir='ltr'><strong>τρισί</strong></span> <span class='ocrx_word' id='word_1_173' title='bbox 3422 1316 3637 1383; x_wconf 65' lang='grc' dir='ltr'><strong>λαμπάσι</strong></span> 
     </span>
    </p>
   </div>
   <div class='ocr_carea' id='block_1_26' title="bbox 2135 1406 3639 1478">
    <p class='ocr_par' dir='ltr' id='par_1_26' title="bbox 2135 1406 3639 1478">
     <span class='ocr_line' id='line_1_26' title="bbox 2135 1406 3639 1478; baseline -0.004 -14"><span class='ocrx_word' id='word_1_174' title='bbox 2135 1409 2504 1478; x_wconf 72' lang='grc' dir='ltr'><strong>διῃρημένην</strong></span> <span class='ocrx_word' id='word_1_175' title='bbox 2519 1406 2774 1473; x_wconf 78' lang='grc' dir='ltr'><strong>,βλέπων</strong></span> <span class='ocrx_word' id='word_1_176' title='bbox 2809 1407 2928 1476; x_wconf 81' lang='grc' dir='ltr'><strong>τὴν</strong></span> <span class='ocrx_word' id='word_1_177' title='bbox 2972 1410 3193 1477; x_wconf 67' lang='grc' dir='ltr'><strong>φλόγα.</strong></span> <span class='ocrx_word' id='word_1_178' title='bbox 3237 1408 3426 1463; x_wconf 70' lang='grc' dir='ltr'><strong>αἰτίαν</strong></span> <span class='ocrx_word' id='word_1_179' title='bbox 3465 1407 3524 1460; x_wconf 72' lang='grc' dir='ltr'><strong>δὲ</strong></span> <span class='ocrx_word' id='word_1_180' title='bbox 3561 1406 3639 1459; x_wconf 81' lang='grc' dir='ltr'><strong>τοῦ</strong></span> 
     </span>
    </p>
   </div>
   <div class='ocr_carea' id='block_1_27' title="bbox 465 1494 2051 1572">
    <p class='ocr_par' dir='ltr' id='par_1_27' title="bbox 465 1500 2036 1571">
     <span class='ocr_line' id='line_1_27' title="bbox 465 1500 2036 1571; baseline -0.001 -16"><span class='ocrx_word' id='word_1_181' title='bbox 465 1504 553 1565; x_wconf 88' lang='lat' dir='ltr'><strong>rit,</strong></span> <span class='ocrx_word' id='word_1_182' title='bbox 588 1502 828 1555; x_wconf 84' lang='lat' dir='ltr'><strong>ordinem</strong></span> <span class='ocrx_word' id='word_1_183' title='bbox 853 1544 866 1567; x_wconf 92' lang='lat'><strong>,</strong></span> <span class='ocrx_word' id='word_1_184' title='bbox 918 1501 1007 1571; x_wconf 89' lang='lat' dir='ltr'><strong>qui</strong></span> <span class='ocrx_word' id='word_1_185' title='bbox 1061 1516 1125 1554; x_wconf 80' lang='lat' dir='ltr'><strong>ea:</strong></span> <span class='ocrx_word' id='word_1_186' title='bbox 1160 1516 1380 1553; x_wconf 86' lang='lat' dir='ltr'><strong>numero</strong></span> <span class='ocrx_word' id='word_1_187' title='bbox 1426 1500 1616 1565; x_wconf 88' lang='lat' dir='ltr'><strong>oritur,</strong></span> <span class='ocrx_word' id='word_1_188' title='bbox 1653 1500 2036 1554; x_wconf 84' lang='lat' dir='ltr'><strong>imminutionis</strong></span> 
     </span>
    </p>
   </div>
   <div class='ocr_carea' id='block_1_28' title="bbox 2153 1494 3640 1572">
    <p class='ocr_par' dir='ltr' id='par_1_28' title="bbox 2153 1494 3640 1572">
     <span class='ocr_line' id='line_1_28' title="bbox 2153 1494 3640 1572; baseline -0.003 -16"><span class='ocrx_word' id='word_1_189' title='bbox 2153 1503 2342 1572; x_wconf 72' lang='grc' dir='ltr'><strong>τρίτου</strong></span> <span class='ocrx_word' id='word_1_190' title='bbox 2373 1500 2569 1571; x_wconf 77' lang='grc' dir='ltr'><strong>φωτὸς</strong></span> <span class='ocrx_word' id='word_1_191' title='bbox 2590 1501 2940 1569; x_wconf 80' lang='grc' dir='ltr'><strong>ὑποθὼμεθα</strong></span> <span class='ocrx_word' id='word_1_192' title='bbox 2963 1494 3123 1554; x_wconf 84' lang='grc' dir='ltr'><strong>εἷναι</strong></span> <span class='ocrx_word' id='word_1_193' title='bbox 3154 1498 3269 1567; x_wconf 78' lang='grc' dir='ltr'><strong>τὴν</strong></span> <span class='ocrx_word' id='word_1_194' title='bbox 3294 1500 3513 1569; x_wconf 79' lang='grc' dir='ltr'><strong>πρώτην</strong></span> <span class='ocrx_word' id='word_1_195' title='bbox 3534 1498 3640 1566; x_wconf 64' lang='grc' dir='ltr'><strong>φλό-</strong></span> 
     </span>
    </p>
   </div>
   <div class='ocr_carea' id='block_1_29' title="bbox 467 1589 2038 1661">
    <p class='ocr_par' dir='ltr' id='par_1_29' title="bbox 467 1589 2038 1661">
     <span class='ocr_line' id='line_1_29' title="bbox 467 1589 2038 1661; baseline -0.002 -16"><span class='ocrx_word' id='word_1_196' title='bbox 467 1592 722 1661; x_wconf 82' lang='lat' dir='ltr'><strong>alicujus,</strong></span> <span class='ocrx_word' id='word_1_197' title='bbox 777 1598 875 1644; x_wconf 89' lang='lat' dir='ltr'><strong>aut</strong></span> <span class='ocrx_word' id='word_1_198' title='bbox 923 1591 1213 1644; x_wconf 79' lang='lat' dir='ltr'><strong>secundum</strong></span> <span class='ocrx_word' id='word_1_199' title='bbox 1255 1596 1508 1643; x_wconf 87' lang='lat' dir='ltr'><strong>naturam</strong></span> <span class='ocrx_word' id='word_1_200' title='bbox 1551 1589 1937 1643; x_wconf 87' lang='lat' dir='ltr'><strong>immutationis</strong></span> <span class='ocrx_word' id='word_1_201' title='bbox 1962 1590 2038 1642; x_wconf 87' lang='lat' dir='ltr'><strong>si-</strong></span> 
     </span>
    </p>
   </div>
   <div class='ocr_carea' id='block_1_30' title="bbox 467 1680 2041 1754">
    <p class='ocr_par' dir='ltr' id='par_1_30' title="bbox 467 1680 2041 1754">
     <span class='ocr_line' id='line_1_30' title="bbox 467 1680 2041 1754; baseline 0 -19"><span class='ocrx_word' id='word_1_202' title='bbox 467 1700 626 1754; x_wconf 85' lang='lat' dir='ltr'><strong>gnum</strong></span> <span class='ocrx_word' id='word_1_203' title='bbox 656 1698 763 1737; x_wconf 85' lang='lat' dir='ltr'><strong>esse</strong></span> <span class='ocrx_word' id='word_1_204' title='bbox 788 1682 1095 1736; x_wconf 71' lang='lat' dir='ltr'><strong>existimare</strong></span> <span class='ocrx_word' id='word_1_205' title='bbox 1115 1683 1141 1736; x_wconf 74' lang='lat'><strong><em>7</em></strong></span> <span class='ocrx_word' id='word_1_206' title='bbox 1162 1680 1625 1746; x_wconf 76' lang='lat' dir='ltr'><strong>Quemadmodum</strong></span> <span class='ocrx_word' id='word_1_207' title='bbox 1649 1681 1696 1734; x_wconf 92' lang='lat' dir='ltr'><strong>si</strong></span> <span class='ocrx_word' id='word_1_208' title='bbox 1723 1680 1839 1749; x_wconf 88' lang='lat' dir='ltr'><strong>quis</strong></span> <span class='ocrx_word' id='word_1_209' title='bbox 1860 1681 1915 1733; x_wconf 88' lang='lat' dir='ltr'><strong>in</strong></span> <span class='ocrx_word' id='word_1_210' title='bbox 1944 1681 2041 1735; x_wconf 84' lang='lat' dir='ltr'><strong>tri-</strong></span> 
     </span>
    </p>
   </div>
   <div class='ocr_carea' id='block_1_31' title="bbox 468 1771 2039 1845">
    <p class='ocr_par' dir='ltr' id='par_1_31' title="bbox 468 1771 2039 1845">
     <span class='ocr_line' id='line_1_31' title="bbox 468 1771 2039 1845; baseline -0.003 -17"><span class='ocrx_word' id='word_1_211' title='bbox 468 1777 562 1828; x_wconf 81' lang='lat' dir='ltr'><strong>bus</strong></span> <span class='ocrx_word' id='word_1_212' title='bbox 607 1774 941 1843; x_wconf 81' lang='lat' dir='ltr'><strong>lampadibus</strong></span> <span class='ocrx_word' id='word_1_213' title='bbox 984 1772 1308 1826; x_wconf 84' lang='lat' dir='ltr'><strong>subdivisam</strong></span> <span class='ocrx_word' id='word_1_214' title='bbox 1347 1773 1627 1845; x_wconf 80' lang='lat' dir='ltr'><strong>ﬂammam</strong></span> <span class='ocrx_word' id='word_1_215' title='bbox 1661 1771 2039 1839; x_wconf 84' lang='lat' dir='ltr'><strong>conspiciens;</strong></span> 
     </span>
    </p>
   </div>
   <div class='ocr_carea' id='block_1_32' title="bbox 468 1863 2041 1933">
    <p class='ocr_par' dir='ltr' id='par_1_32' title="bbox 468 1863 2041 1933">
     <span class='ocr_line' id='line_1_32' title="bbox 468 1863 2041 1933; baseline -0.001 -17"><span class='ocrx_word' id='word_1_216' title='bbox 468 1881 682 1916; x_wconf 87' lang='lat' dir='ltr'><strong>causam</strong></span> <span class='ocrx_word' id='word_1_217' title='bbox 705 1864 999 1922; x_wconf 68' lang='lat' dir='ltr'><strong>ver0.tertii</strong></span> <span class='ocrx_word' id='word_1_218' title='bbox 1032 1863 1248 1916; x_wconf 81' lang='lat' dir='ltr'><strong>luminis</strong></span> <span class='ocrx_word' id='word_1_219' title='bbox 1279 1877 1643 1933; x_wconf 85' lang='lat' dir='ltr'><strong>supponamus</strong></span> <span class='ocrx_word' id='word_1_220' title='bbox 1668 1878 1776 1916; x_wconf 83' lang='lat' dir='ltr'><strong>esse</strong></span> <span class='ocrx_word' id='word_1_221' title='bbox 1812 1863 2041 1933; x_wconf 82' lang='lat' dir='ltr'><strong>primum</strong></span> 
     </span>
    </p>
   </div>
   <div class='ocr_carea' id='block_1_33' title="bbox 465 1952 2042 2025">
    <p class='ocr_par' dir='ltr' id='par_1_33' title="bbox 465 1952 2042 2025">
     <span class='ocr_line' id='line_1_33' title="bbox 465 1952 2042 2025; baseline 0 -19"><span class='ocrx_word' id='word_1_222' title='bbox 465 1957 763 2025; x_wconf 75' lang='lat' dir='ltr'><strong>ﬂammam,</strong></span> <span class='ocrx_word' id='word_1_223' title='bbox 782 1967 846 2006; x_wconf 77' lang='lat' dir='ltr'><strong>ex</strong></span> <span class='ocrx_word' id='word_1_224' title='bbox 875 1954 1352 2007; x_wconf 83' lang='lat' dir='ltr'><strong>communicatione</strong></span> <span class='ocrx_word' id='word_1_225' title='bbox 1377 1969 1499 2007; x_wconf 85' lang='lat' dir='ltr'><strong>cum</strong></span> <span class='ocrx_word' id='word_1_226' title='bbox 1530 1952 1702 2007; x_wconf 90' lang='lat' dir='ltr'><strong>medio</strong></span> <span class='ocrx_word' id='word_1_227' title='bbox 1741 1961 2042 2006; x_wconf 75' lang='lat' dir='ltr'><strong>extremum</strong></span> 
     </span>
    </p>
   </div>
   <div class='ocr_carea' id='block_1_34' title="bbox 470 2047 2045 2118">
    <p class='ocr_par' dir='ltr' id='par_1_34' title="bbox 470 2047 2045 2118">
     <span class='ocr_line' id='line_1_34' title="bbox 470 2047 2045 2118; baseline 0.001 -18"><span class='ocrx_word' id='word_1_228' title='bbox 470 2047 920 2118; x_wconf 85' lang='lat' dir='ltr'><strong>inﬂammantem,</strong></span> <span class='ocrx_word' id='word_1_229' title='bbox 945 2048 1278 2117; x_wconf 85' lang='lat' dir='ltr'><strong>postmodum</strong></span> <span class='ocrx_word' id='word_1_230' title='bbox 1301 2057 1586 2111; x_wconf 86' lang='lat' dir='ltr'><strong>astrueret,</strong></span> <span class='ocrx_word' id='word_1_231' title='bbox 1610 2048 1665 2101; x_wconf 88' lang='lat' dir='ltr'><strong>in</strong></span> <span class='ocrx_word' id='word_1_232' title='bbox 1688 2049 1860 2117; x_wconf 90' lang='lat' dir='ltr'><strong>prima</strong></span> <span class='ocrx_word' id='word_1_233' title='bbox 1888 2050 2045 2118; x_wconf 81' lang='lat' dir='ltr'><strong>ﬂam-</strong></span> 
     </span>
    </p>
   </div>
   <div class='ocr_carea' id='block_1_35' title="bbox 482 2138 2043 2209">
    <p class='ocr_par' dir='ltr' id='par_1_35' title="bbox 482 2138 2043 2209">
     <span class='ocr_line' id='line_1_35' title="bbox 482 2138 2043 2209; baseline 0.001 -19"><span class='ocrx_word' id='word_1_234' title='bbox 482 2156 568 2191; x_wconf 87' lang='lat' dir='ltr'><strong>ma</strong></span> <span class='ocrx_word' id='word_1_235' title='bbox 614 2138 885 2191; x_wconf 86' lang='lat' dir='ltr'><strong>abundare</strong></span> <span class='ocrx_word' id='word_1_236' title='bbox 918 2140 1190 2203; x_wconf 88' lang='lat' dir='ltr'><strong>calorem;</strong></span> <span class='ocrx_word' id='word_1_237' title='bbox 1232 2154 1349 2191; x_wconf 85' lang='lat' dir='ltr'><strong>eam</strong></span> <span class='ocrx_word' id='word_1_238' title='bbox 1388 2154 1510 2192; x_wconf 85' lang='lat' dir='ltr'><strong>vero</strong></span> <span class='ocrx_word' id='word_1_239' title='bbox 1539 2155 1656 2209; x_wconf 77' lang='lat' dir='ltr'><strong>qua:</strong></span> <span class='ocrx_word' id='word_1_240' title='bbox 1690 2138 2043 2208; x_wconf 84' lang='lat' dir='ltr'><strong>subsequitur,</strong></span> 
     </span>
    </p>
   </div>
   <div class='ocr_carea' id='block_1_36' title="bbox 468 2226 2046 2301">
    <p class='ocr_par' dir='ltr' id='par_1_36' title="bbox 468 2226 2046 2301">
     <span class='ocr_line' id='line_1_36' title="bbox 468 2226 2046 2301; baseline 0.005 -24"><span class='ocrx_word' id='word_1_241' title='bbox 468 2226 765 2294; x_wconf 85' lang='lat' dir='ltr'><strong>immutari,</strong></span> <span class='ocrx_word' id='word_1_242' title='bbox 795 2237 845 2282; x_wconf 91' lang='lat' dir='ltr'><strong>et</strong></span> <span class='ocrx_word' id='word_1_243' title='bbox 880 2229 1141 2299; x_wconf 86' lang='lat' dir='ltr'><strong>paulatim</strong></span> <span class='ocrx_word' id='word_1_244' title='bbox 1184 2230 1467 2295; x_wconf 85' lang='lat' dir='ltr'><strong>imminui;</strong></span> <span class='ocrx_word' id='word_1_245' title='bbox 1495 2232 1709 2284; x_wconf 87' lang='lat' dir='ltr'><strong>tertiam</strong></span> <span class='ocrx_word' id='word_1_246' title='bbox 1737 2247 1829 2284; x_wconf 86' lang='lat' dir='ltr'><strong>nec</strong></span> <span class='ocrx_word' id='word_1_247' title='bbox 1869 2231 2046 2301; x_wconf 80' lang='lat' dir='ltr'><strong>ignem</strong></span> 
     </span>
    </p>
   </div>
   <div class='ocr_carea' id='block_1_37' title="bbox 470 2319 2045 2390">
    <p class='ocr_par' dir='ltr' id='par_1_37' title="bbox 470 2319 2045 2390">
     <span class='ocr_line' id='line_1_37' title="bbox 470 2319 2045 2390; baseline 0.004 -20"><span class='ocrx_word' id='word_1_248' title='bbox 470 2319 698 2387; x_wconf 84' lang='lat' dir='ltr'><strong>amplius</strong></span> <span class='ocrx_word' id='word_1_249' title='bbox 733 2320 1050 2373; x_wconf 85' lang='lat' dir='ltr'><strong>censendum</strong></span> <span class='ocrx_word' id='word_1_250' title='bbox 1077 2335 1188 2374; x_wconf 86' lang='lat' dir='ltr'><strong>esse</strong></span> <span class='ocrx_word' id='word_1_251' title='bbox 1215 2357 1231 2383; x_wconf 91' lang='lat'><strong>,</strong></span> <span class='ocrx_word' id='word_1_252' title='bbox 1267 2319 1384 2374; x_wconf 86' lang='lat' dir='ltr'><strong>licet</strong></span> <span class='ocrx_word' id='word_1_253' title='bbox 1411 2336 1563 2390; x_wconf 75' lang='lat' dir='ltr'><strong>requa</strong></span> <span class='ocrx_word' id='word_1_254' title='bbox 1602 2323 1807 2376; x_wconf 88' lang='lat' dir='ltr'><strong>ratione</strong></span> <span class='ocrx_word' id='word_1_255' title='bbox 1847 2327 2045 2378; x_wconf 86' lang='lat' dir='ltr'><strong>adurat</strong></span> 
     </span>
    </p>
   </div>
   <div class='ocr_carea' id='block_1_38' title="bbox 470 2410 2043 2483">
    <p class='ocr_par' dir='ltr' id='par_1_38' title="bbox 470 2410 2043 2483">
     <span class='ocr_line' id='line_1_38' title="bbox 470 2410 2043 2483; baseline 0.003 -19"><span class='ocrx_word' id='word_1_256' title='bbox 470 2420 517 2464; x_wconf 78' lang='lat' dir='ltr'><strong>et</strong></span> <span class='ocrx_word' id='word_1_257' title='bbox 545 2410 819 2481; x_wconf 83' lang='lat' dir='ltr'><strong>splendeat</strong></span> <span class='ocrx_word' id='word_1_258' title='bbox 848 2451 863 2475; x_wconf 96' lang='lat'><strong>,</strong></span> <span class='ocrx_word' id='word_1_259' title='bbox 912 2412 1193 2481; x_wconf 84' lang='lat' dir='ltr'><strong>omniaque</strong></span> <span class='ocrx_word' id='word_1_260' title='bbox 1222 2411 1359 2482; x_wconf 79' lang='lat' dir='ltr'><strong>ignis</strong></span> <span class='ocrx_word' id='word_1_261' title='bbox 1401 2422 1666 2482; x_wconf 86' lang='lat' dir='ltr'><strong>aperetur.</strong></span> <span class='ocrx_word' id='word_1_262' title='bbox 1698 2413 1871 2469; x_wconf 83' lang='lat' dir='ltr'><strong>Audis</strong></span> <span class='ocrx_word' id='word_1_263' title='bbox 1896 2413 2043 2483; x_wconf 90' lang='lat' dir='ltr'><strong>apud</strong></span> 
     </span>
    </p>
   </div>
   <div class='ocr_carea' id='block_1_39' title="bbox 472 2502 2042 2573">
    <p class='ocr_par' dir='ltr' id='par_1_39' title="bbox 472 2502 2042 2573">
     <span class='ocr_line' id='line_1_39' title="bbox 472 2502 2042 2573; baseline 0.002 -18"><span class='ocrx_word' id='word_1_264' title='bbox 472 2517 531 2555; x_wconf 88' lang='lat' dir='ltr'><strong>se</strong></span> <span class='ocrx_word' id='word_1_265' title='bbox 558 2517 681 2555; x_wconf 88' lang='lat' dir='ltr'><strong>eutn</strong></span> <span class='ocrx_word' id='word_1_266' title='bbox 707 2517 818 2555; x_wconf 91' lang='lat' dir='ltr'><strong>non</strong></span> <span class='ocrx_word' id='word_1_267' title='bbox 844 2515 986 2566; x_wconf 89' lang='lat' dir='ltr'><strong>esse,</strong></span> <span class='ocrx_word' id='word_1_268' title='bbox 1014 2503 1111 2570; x_wconf 85' lang='lat' dir='ltr'><strong>qui</strong></span> <span class='ocrx_word' id='word_1_269' title='bbox 1136 2502 1207 2556; x_wconf 88' lang='lat' dir='ltr'><strong>ob</strong></span> <span class='ocrx_word' id='word_1_270' title='bbox 1236 2502 1356 2557; x_wconf 74' lang='lat' dir='ltr'><strong>luce</strong></span> <span class='ocrx_word' id='word_1_271' title='bbox 1391 2503 1597 2573; x_wconf 80' lang='lat' dir='ltr'><strong>aliquid</strong></span> <span class='ocrx_word' id='word_1_272' title='bbox 1628 2503 1829 2558; x_wconf 83' lang='lat' dir='ltr'><strong>defecti</strong></span> <span class='ocrx_word' id='word_1_273' title='bbox 1862 2504 2042 2560; x_wconf 87' lang='lat' dir='ltr'><strong>inesse</strong></span> 
     </span>
    </p>
   </div>
   <div class='ocr_carea' id='block_1_40' title="bbox 474 2591 2049 2663">
    <p class='ocr_par' dir='ltr' id='par_1_40' title="bbox 474 2591 2049 2663">
     <span class='ocr_line' id='line_1_40' title="bbox 474 2591 2049 2663; baseline 0.004 -18"><span class='ocrx_word' id='word_1_274' title='bbox 474 2591 702 2659; x_wconf 84' lang='lat' dir='ltr'><strong>Spiritui</strong></span> <span class='ocrx_word' id='word_1_275' title='bbox 751 2591 1047 2660; x_wconf 82' lang='lat' dir='ltr'><strong>Opinatur‘l</strong></span> <span class='ocrx_word' id='word_1_276' title='bbox 1077 2592 1159 2646; x_wconf 88' lang='lat' dir='ltr'><strong>Tu</strong></span> <span class='ocrx_word' id='word_1_277' title='bbox 1194 2608 1324 2647; x_wconf 83' lang='lat' dir='ltr'><strong>vero</strong></span> <span class='ocrx_word' id='word_1_278' title='bbox 1357 2601 1558 2663; x_wconf 67' lang='lat' dir='ltr'><strong>praeter</strong></span> <span class='ocrx_word' id='word_1_279' title='bbox 1607 2593 1726 2649; x_wconf 71' lang='lat' dir='ltr'><strong>haec</strong></span> <span class='ocrx_word' id='word_1_280' title='bbox 1774 2595 1958 2649; x_wconf 89' lang='lat' dir='ltr'><strong>omnia</strong></span> <span class='ocrx_word' id='word_1_281' title='bbox 1991 2605 2049 2651; x_wconf 89' lang='lat' dir='ltr'><strong>et</strong></span> 
     </span>
    </p>
   </div>
   <div class='ocr_carea' id='block_1_41' title="bbox 473 2681 2049 2752">
    <p class='ocr_par' dir='ltr' id='par_1_41' title="bbox 473 2681 2049 2752">
     <span class='ocr_line' id='line_1_41' title="bbox 473 2681 2049 2752; baseline 0.004 -18"><span class='ocrx_word' id='word_1_282' title='bbox 473 2681 611 2736; x_wconf 89' lang='lat' dir='ltr'><strong>illud</strong></span> <span class='ocrx_word' id='word_1_283' title='bbox 658 2681 959 2750; x_wconf 85' lang='lat' dir='ltr'><strong>adnotato,</strong></span> <span class='ocrx_word' id='word_1_284' title='bbox 1013 2683 1247 2752; x_wconf 84' lang='lat' dir='ltr'><strong>primam</strong></span> <span class='ocrx_word' id='word_1_285' title='bbox 1298 2685 1573 2738; x_wconf 86' lang='lat' dir='ltr'><strong>ﬂammam</strong></span> <span class='ocrx_word' id='word_1_286' title='bbox 1620 2694 1928 2740; x_wconf 82' lang='lat' dir='ltr'><strong>extremum</strong></span> <span class='ocrx_word' id='word_1_287' title='bbox 1961 2688 2049 2741; x_wconf 82' lang='lat' dir='ltr'><strong>in-</strong></span> 
     </span>
    </p>
   </div>
   <div class='ocr_carea' id='block_1_42' title="bbox 474 2776 2048 2844">
    <p class='ocr_par' dir='ltr' id='par_1_42' title="bbox 474 2776 2048 2844">
     <span class='ocr_line' id='line_1_42' title="bbox 474 2776 2048 2844; baseline 0.003 -15"><span class='ocrx_word' id='word_1_288' title='bbox 474 2776 846 2832; x_wconf 84' lang='lat' dir='ltr'><strong>ﬂammantem</strong></span> <span class='ocrx_word' id='word_1_289' title='bbox 879 2793 945 2832; x_wconf 81' lang='lat' dir='ltr'><strong>ex</strong></span> <span class='ocrx_word' id='word_1_290' title='bbox 979 2778 1480 2833; x_wconf 88' lang='lat' dir='ltr'><strong>communicatione</strong></span> <span class='ocrx_word' id='word_1_291' title='bbox 1525 2793 1653 2833; x_wconf 80' lang='lat' dir='ltr'><strong>cuin</strong></span> <span class='ocrx_word' id='word_1_292' title='bbox 1698 2780 1904 2844; x_wconf 90' lang='lat' dir='ltr'><strong>medio,</strong></span> <span class='ocrx_word' id='word_1_293' title='bbox 1940 2788 2048 2834; x_wconf 89' lang='lat' dir='ltr'><strong>ter-</strong></span> 
     </span>
    </p>
   </div>
   <div class='ocr_carea' id='block_1_43' title="bbox 476 2869 2049 2927">
    <p class='ocr_par' dir='ltr' id='par_1_43' title="bbox 476 2869 2049 2927">
     <span class='ocr_line' id='line_1_43' title="bbox 476 2869 2049 2927; baseline 0.001 -2"><span class='ocrx_word' id='word_1_294' title='bbox 476 2871 564 2925; x_wconf 55' lang='lat' dir='ltr'><strong>tiae</strong></span> <span class='ocrx_word' id='word_1_295' title='bbox 596 2886 818 2925; x_wconf 86' lang='lat' dir='ltr'><strong>causam</strong></span> <span class='ocrx_word' id='word_1_296' title='bbox 845 2886 990 2926; x_wconf 86' lang='lat' dir='ltr'><strong>esse.</strong></span> <span class='ocrx_word' id='word_1_297' title='bbox 1010 2869 1079 2926; x_wconf 83' lang='lat' dir='ltr'><strong>At</strong></span> <span class='ocrx_word' id='word_1_298' title='bbox 1105 2870 1209 2926; x_wconf 85' lang='lat' dir='ltr'><strong>ista</strong></span> <span class='ocrx_word' id='word_1_299' title='bbox 1233 2871 1664 2926; x_wconf 89' lang='lat' dir='ltr'><strong>communicatio</strong></span> <span class='ocrx_word' id='word_1_300' title='bbox 1697 2887 1806 2927; x_wconf 92' lang='lat' dir='ltr'><strong>non</strong></span> <span class='ocrx_word' id='word_1_301' title='bbox 1837 2879 1921 2927; x_wconf 89' lang='lat' dir='ltr'><strong>est</strong></span> <span class='ocrx_word' id='word_1_302' title='bbox 1952 2887 2049 2926; x_wconf 85' lang='lat' dir='ltr'><strong>ne-</strong></span> 
     </span>
    </p>
   </div>
   <div class='ocr_carea' id='block_1_44' title="bbox 477 2963 2048 3034">
    <p class='ocr_par' dir='ltr' id='par_1_44' title="bbox 477 2963 2048 3034">
     <span class='ocr_line' id='line_1_44' title="bbox 477 2963 2048 3034; baseline 0.001 -18"><span class='ocrx_word' id='word_1_303' title='bbox 477 2979 585 3031; x_wconf 90' lang='lat' dir='ltr'><strong>que</strong></span> <span class='ocrx_word' id='word_1_304' title='bbox 642 2963 811 3017; x_wconf 76' lang='lat' dir='ltr'><strong>veluti</strong></span> <span class='ocrx_word' id='word_1_305' title='bbox 847 2978 914 3017; x_wconf 80' lang='lat' dir='ltr'><strong>ex</strong></span> <span class='ocrx_word' id='word_1_306' title='bbox 949 2963 1161 3028; x_wconf 84' lang='lat' dir='ltr'><strong>canale,</strong></span> <span class='ocrx_word' id='word_1_307' title='bbox 1197 2978 1377 3031; x_wconf 85' lang='lat' dir='ltr'><strong>neque</strong></span> <span class='ocrx_word' id='word_1_308' title='bbox 1429 2963 1621 3019; x_wconf 88' lang='lat' dir='ltr'><strong>localis</strong></span> <span class='ocrx_word' id='word_1_309' title='bbox 1652 2981 1667 3018; x_wconf 89' lang='lat'><strong>:</strong></span> <span class='ocrx_word' id='word_1_310' title='bbox 1707 2964 1818 3019; x_wconf 85' lang='lat' dir='ltr'><strong>imo</strong></span> <span class='ocrx_word' id='word_1_311' title='bbox 1867 2979 2048 3034; x_wconf 88' lang='lat' dir='ltr'><strong>neque</strong></span> 
     </span>
    </p>
   </div>
   <div class='ocr_carea' id='block_1_45' title="bbox 2137 1587 3644 1666">
    <p class='ocr_par' dir='ltr' id='par_1_45' title="bbox 2137 1587 3644 1666">
     <span class='ocr_line' id='line_1_45' title="bbox 2137 1587 3644 1666; baseline -0.006 -17"><span class='ocrx_word' id='word_1_312' title='bbox 2137 1612 2234 1666; x_wconf 71' lang='grc' dir='ltr'><strong>τα,</strong></span> <span class='ocrx_word' id='word_1_313' title='bbox 2263 1594 2332 1648; x_wconf 80' lang='grc' dir='ltr'><strong>ἐκ</strong></span> <span class='ocrx_word' id='word_1_314' title='bbox 2373 1593 2702 1657; x_wconf 77' lang='grc' dir='ltr'><strong>διαδόσεως</strong></span> <span class='ocrx_word' id='word_1_315' title='bbox 2735 1591 2833 1645; x_wconf 80' lang='grc' dir='ltr'><strong>διὰ</strong></span> <span class='ocrx_word' id='word_1_316' title='bbox 2861 1590 2966 1646; x_wconf 82' lang='grc' dir='ltr'><strong>τοῦ</strong></span> <span class='ocrx_word' id='word_1_317' title='bbox 3010 1591 3214 1666; x_wconf 74' lang='grc' dir='ltr'><strong>μέσου</strong></span> <span class='ocrx_word' id='word_1_318' title='bbox 3241 1590 3307 1645; x_wconf 82' lang='grc' dir='ltr'><strong>τὸ</strong></span> <span class='ocrx_word' id='word_1_319' title='bbox 3354 1591 3526 1658; x_wconf 77' lang='grc' dir='ltr'><strong>ἄκρον</strong></span> <span class='ocrx_word' id='word_1_320' title='bbox 3545 1587 3644 1652; x_wconf 79' lang='grc' dir='ltr'><strong>ἐξό-</strong></span> 
     </span>
    </p>
   </div>
   <div class='ocr_carea' id='block_1_46' title="bbox 2142 1665 3644 1755">
    <p class='ocr_par' dir='ltr' id='par_1_46' title="bbox 2142 1665 3644 1755">
     <span class='ocr_line' id='line_1_46' title="bbox 2142 1665 3644 1755; baseline -0.007 -16"><span class='ocrx_word' id='word_1_321' title='bbox 2142 1665 2379 1755; x_wconf 71' lang='grc' dir='ltr'><em>ψασαν,</em></span> <span class='ocrx_word' id='word_1_322' title='bbox 2406 1682 2613 1735; x_wconf 79' lang='grc' dir='ltr'><strong>ἔπειτα</strong></span> <span class='ocrx_word' id='word_1_323' title='bbox 2639 1665 3113 1741; x_wconf 68' lang='grc' dir='ltr'><strong>κατασκευάζειν</strong></span> <span class='ocrx_word' id='word_1_324' title='bbox 3149 1680 3219 1734; x_wconf 79' lang='grc' dir='ltr'><strong>ἐν</strong></span> <span class='ocrx_word' id='word_1_325' title='bbox 3242 1677 3315 1747; x_wconf 78' lang='grc' dir='ltr'><strong>τῇ</strong></span> <span class='ocrx_word' id='word_1_326' title='bbox 3348 1677 3527 1747; x_wconf 77' lang='grc' dir='ltr'><strong>πρώτῃ</strong></span> <span class='ocrx_word' id='word_1_327' title='bbox 3540 1681 3644 1746; x_wconf 67' lang='lat' dir='ltr'><strong>plo-</strong></span> 
     </span>
    </p>
   </div>
   <div class='ocr_carea' id='block_1_47' title="bbox 2145 1768 3643 1848">
    <p class='ocr_par' dir='ltr' id='par_1_47' title="bbox 2145 1768 3643 1848">
     <span class='ocr_line' id='line_1_47' title="bbox 2145 1768 3643 1848; baseline -0.007 -18"><span class='ocrx_word' id='word_1_328' title='bbox 2145 1777 2204 1848; x_wconf 69' lang='grc' dir='ltr'><strong>γί</strong></span> <span class='ocrx_word' id='word_1_329' title='bbox 2243 1774 2360 1844; x_wconf 84' lang='grc' dir='ltr'><strong>τὴν</strong></span> <span class='ocrx_word' id='word_1_330' title='bbox 2395 1773 2749 1843; x_wconf 77' lang='grc' dir='ltr'><strong>θερμασίαν,</strong></span> <span class='ocrx_word' id='word_1_331' title='bbox 2781 1770 2858 1840; x_wconf 75' lang='grc' dir='ltr'><strong>τῇ</strong></span> <span class='ocrx_word' id='word_1_332' title='bbox 2884 1772 2953 1825; x_wconf 83' lang='grc' dir='ltr'><strong>δὲ</strong></span> <span class='ocrx_word' id='word_1_333' title='bbox 2981 1771 3213 1840; x_wconf 74' lang='grc' dir='ltr'><strong>ἐφεξῆς</strong></span> <span class='ocrx_word' id='word_1_334' title='bbox 3254 1768 3643 1835; x_wconf 76' lang='grc' dir='ltr'><strong>ὑποϐεϐηκέναι,</strong></span> 
     </span>
    </p>
   </div>
   <div class='ocr_carea' id='block_1_48' title="bbox 2146 1858 3646 1935">
    <p class='ocr_par' dir='ltr' id='par_1_48' title="bbox 2146 1858 3646 1935">
     <span class='ocr_line' id='line_1_48' title="bbox 2146 1858 3646 1935; baseline -0.006 -15"><span class='ocrx_word' id='word_1_335' title='bbox 2146 1867 2243 1921; x_wconf 77' lang='grc' dir='ltr'><strong>καί</strong></span> <span class='ocrx_word' id='word_1_336' title='bbox 2271 1865 2423 1935; x_wconf 78' lang='grc' dir='ltr'><strong>πρὸς</strong></span> <span class='ocrx_word' id='word_1_337' title='bbox 2452 1865 2710 1920; x_wconf 77' lang='grc' dir='ltr'><strong>ἔλαττον</strong></span> <span class='ocrx_word' id='word_1_338' title='bbox 2738 1864 2906 1933; x_wconf 74' lang='grc' dir='ltr'><strong>ἔχειν</strong></span> <span class='ocrx_word' id='word_1_339' title='bbox 2930 1862 3050 1931; x_wconf 75' lang='grc' dir='ltr'><strong>τὴν</strong></span> <span class='ocrx_word' id='word_1_340' title='bbox 3102 1859 3507 1931; x_wconf 58' lang='grc' dir='ltr'><strong>παραλλαγήν</strong></span> <span class='ocrx_word' id='word_1_341' title='bbox 3566 1858 3646 1925; x_wconf 73' lang='grc' dir='ltr'><strong>τὴν</strong></span> 
     </span>
    </p>
   </div>
   <div class='ocr_carea' id='block_1_49' title="bbox 2147 1951 3646 2025">
    <p class='ocr_par' dir='ltr' id='par_1_49' title="bbox 2147 1951 3646 2025">
     <span class='ocr_line' id='line_1_49' title="bbox 2147 1951 3646 2025; baseline -0.007 -14"><span class='ocrx_word' id='word_1_342' title='bbox 2147 1956 2215 2011; x_wconf 79' lang='grc' dir='ltr'><strong>δὲ</strong></span> <span class='ocrx_word' id='word_1_343' title='bbox 2254 1957 2469 2025; x_wconf 79' lang='grc' dir='ltr'><strong>τρίτην</strong></span> <span class='ocrx_word' id='word_1_344' title='bbox 2517 1955 2676 2025; x_wconf 78' lang='grc' dir='ltr'><strong>μηδὲ</strong></span> <span class='ocrx_word' id='word_1_345' title='bbox 2729 1955 2851 2023; x_wconf 79' lang='grc' dir='ltr'><strong>πῦρ</strong></span> <span class='ocrx_word' id='word_1_346' title='bbox 2879 1954 2970 2010; x_wconf 80' lang='grc' dir='ltr'><strong>ἐτι</strong></span> <span class='ocrx_word' id='word_1_347' title='bbox 3020 1954 3332 2025; x_wconf 69' lang='grc' dir='ltr'><strong>λέγεσθαι,</strong></span> <span class='ocrx_word' id='word_1_348' title='bbox 3374 1951 3477 2006; x_wconf 80' lang='grc' dir='ltr'><strong>κᾶν</strong></span> <span class='ocrx_word' id='word_1_349' title='bbox 3515 1965 3646 2017; x_wconf 70' lang='lat' dir='ltr'><strong>sapo-</strong></span> 
     </span>
    </p>
   </div>
   <div class='ocr_carea' id='block_1_50' title="bbox 2150 2040 3646 2118">
    <p class='ocr_par' dir='ltr' id='par_1_50' title="bbox 2150 2040 3646 2118">
     <span class='ocr_line' id='line_1_50' title="bbox 2150 2040 3646 2118; baseline -0.004 -15"><span class='ocrx_word' id='word_1_350' title='bbox 2150 2046 2431 2118; x_wconf 66' lang='grc' dir='ltr'><strong>πλησίως</strong></span> <span class='ocrx_word' id='word_1_351' title='bbox 2454 2049 2592 2118; x_wconf 69' lang='lat' dir='ltr'><strong>uuln</strong></span> <span class='ocrx_word' id='word_1_352' title='bbox 2626 2048 2729 2102; x_wconf 79' lang='grc' dir='ltr'><strong>καὶ</strong></span> <span class='ocrx_word' id='word_1_353' title='bbox 2751 2048 2961 2116; x_wconf 74' lang='grc' dir='ltr'><strong>φαίνῃ,</strong></span> <span class='ocrx_word' id='word_1_354' title='bbox 2993 2046 3100 2102; x_wconf 75' lang='grc' dir='ltr'><strong>καί</strong></span> <span class='ocrx_word' id='word_1_355' title='bbox 3144 2047 3339 2101; x_wconf 77' lang='grc' dir='ltr'><strong>πάντα</strong></span> <span class='ocrx_word' id='word_1_356' title='bbox 3366 2044 3465 2099; x_wconf 86' lang='grc' dir='ltr'><strong>τοῦ</strong></span> <span class='ocrx_word' id='word_1_357' title='bbox 3511 2040 3646 2107; x_wconf 72' lang='grc' dir='ltr'><strong>πυρὸς</strong></span> 
     </span>
    </p>
   </div>
   <div class='ocr_carea' id='block_1_51' title="bbox 2150 2131 3650 2209">
    <p class='ocr_par' dir='ltr' id='par_1_51' title="bbox 2150 2131 3650 2209">
     <span class='ocr_line' id='line_1_51' title="bbox 2150 2131 3650 2209; baseline -0.006 -17"><span class='ocrx_word' id='word_1_358' title='bbox 2150 2138 2477 2208; x_wconf 82' lang='grc' dir='ltr'><strong>ἐργάζηται.</strong></span> <span class='ocrx_word' id='word_1_359' title='bbox 2514 2137 2778 2204; x_wconf 79' lang='grc' dir='ltr'><strong>Ἀκούεις,</strong></span> <span class='ocrx_word' id='word_1_360' title='bbox 2829 2137 2906 2200; x_wconf 82' lang='grc' dir='ltr'><strong>ὡς</strong></span> <span class='ocrx_word' id='word_1_361' title='bbox 2979 2138 3171 2209; x_wconf 77' lang='grc' dir='ltr'><strong>μωρὸς</strong></span> <span class='ocrx_word' id='word_1_362' title='bbox 3206 2139 3234 2192; x_wconf 81' lang='grc' dir='ltr'><strong><em>ὁ</em></strong></span> <span class='ocrx_word' id='word_1_363' title='bbox 3286 2136 3489 2198; x_wconf 71' lang='grc' dir='ltr'><strong>ἐλλιπές</strong></span> <span class='ocrx_word' id='word_1_364' title='bbox 3527 2151 3568 2186; x_wconf 87' lang='grc' dir='ltr'><strong>τι</strong></span> <span class='ocrx_word' id='word_1_365' title='bbox 3590 2131 3650 2184; x_wconf 69' lang='grc' dir='ltr'><strong>διὰ</strong></span> 
     </span>
    </p>
   </div>
   <div class='ocr_carea' id='block_1_52' title="bbox 2147 2225 3646 2303">
    <p class='ocr_par' dir='ltr' id='par_1_52' title="bbox 2147 2225 3646 2303">
     <span class='ocr_line' id='line_1_52' title="bbox 2147 2225 3646 2303; baseline -0.005 -17"><span class='ocrx_word' id='word_1_366' title='bbox 2147 2232 2319 2301; x_wconf 80' lang='grc' dir='ltr'><strong>ταῦτα</strong></span> <span class='ocrx_word' id='word_1_367' title='bbox 2343 2232 2627 2303; x_wconf 79' lang='grc' dir='ltr'><strong>προσεῖναι</strong></span> <span class='ocrx_word' id='word_1_368' title='bbox 2666 2230 2906 2300; x_wconf 79' lang='grc' dir='ltr'><strong>νομίζων</strong></span> <span class='ocrx_word' id='word_1_369' title='bbox 2955 2230 3037 2299; x_wconf 82' lang='grc' dir='ltr'><strong>τῷ</strong></span> <span class='ocrx_word' id='word_1_370' title='bbox 3074 2228 3351 2297; x_wconf 78' lang='grc' dir='ltr'><strong>Πνεύματι</strong></span> <span class='ocrx_word' id='word_1_371' title='bbox 3378 2243 3392 2293; x_wconf 88' lang='grc'>;</span> <span class='ocrx_word' id='word_1_372' title='bbox 3419 2226 3484 2280; x_wconf 76' lang='grc' dir='ltr'><strong>Σὺ</strong></span> <span class='ocrx_word' id='word_1_373' title='bbox 3520 2225 3564 2278; x_wconf 79' lang='grc' dir='ltr'><strong>δέ</strong></span> <span class='ocrx_word' id='word_1_374' title='bbox 3586 2239 3646 2294; x_wconf 75' lang='grc' dir='ltr'><strong>μοι</strong></span> 
     </span>
    </p>
   </div>
   <div class='ocr_carea' id='block_1_53' title="bbox 2148 2317 3647 2394">
    <p class='ocr_par' dir='ltr' id='par_1_53' title="bbox 2148 2317 3647 2394">
     <span class='ocr_line' id='line_1_53' title="bbox 2148 2317 3647 2394; baseline -0.007 -15"><span class='ocrx_word' id='word_1_375' title='bbox 2148 2325 2371 2379; x_wconf 80' lang='grc' dir='ltr'><strong>κάκεῖνο</strong></span> <span class='ocrx_word' id='word_1_376' title='bbox 2413 2326 2471 2378; x_wconf 78' lang='grc' dir='ltr'><strong>ὲν</strong></span> <span class='ocrx_word' id='word_1_377' title='bbox 2504 2323 2716 2388; x_wconf 81' lang='grc' dir='ltr'><strong>τούτοις</strong></span> <span class='ocrx_word' id='word_1_378' title='bbox 2767 2323 3024 2394; x_wconf 86' lang='grc' dir='ltr'><strong>σημειοῦ,</strong></span> <span class='ocrx_word' id='word_1_379' title='bbox 3066 2324 3154 2377; x_wconf 81' lang='grc' dir='ltr'><strong>ὅτι</strong></span> <span class='ocrx_word' id='word_1_380' title='bbox 3179 2322 3276 2393; x_wconf 81' lang='grc' dir='ltr'><strong>τὴν</strong></span> <span class='ocrx_word' id='word_1_381' title='bbox 3302 2319 3506 2391; x_wconf 82' lang='grc' dir='ltr'><strong>πρώτην</strong></span> <span class='ocrx_word' id='word_1_382' title='bbox 3526 2317 3647 2386; x_wconf 72' lang='grc' dir='ltr'><strong>φλόγα</strong></span> 
     </span>
    </p>
   </div>
   <div class='ocr_carea' id='block_1_54' title="bbox 2147 2409 3647 2485">
    <p class='ocr_par' dir='ltr' id='par_1_54' title="bbox 2147 2409 3647 2485">
     <span class='ocr_line' id='line_1_54' title="bbox 2147 2409 3647 2485; baseline -0.007 -16"><span class='ocrx_word' id='word_1_383' title='bbox 2147 2416 2209 2469; x_wconf 78' lang='grc' dir='ltr'><strong>τὸ</strong></span> <span class='ocrx_word' id='word_1_384' title='bbox 2233 2416 2403 2485; x_wconf 80' lang='grc' dir='ltr'><strong>άκρον</strong></span> <span class='ocrx_word' id='word_1_385' title='bbox 2439 2414 2718 2484; x_wconf 72' lang='grc' dir='ltr'><strong>ἐξάψασαν</strong></span> <span class='ocrx_word' id='word_1_386' title='bbox 2759 2415 2824 2467; x_wconf 81' lang='grc' dir='ltr'><strong>ἐκ</strong></span> <span class='ocrx_word' id='word_1_387' title='bbox 2849 2414 3151 2477; x_wconf 73' lang='grc' dir='ltr'><strong>διαδόσεως</strong></span> <span class='ocrx_word' id='word_1_388' title='bbox 3182 2415 3272 2467; x_wconf 85' lang='grc' dir='ltr'><strong>διὰ</strong></span> <span class='ocrx_word' id='word_1_389' title='bbox 3308 2412 3394 2466; x_wconf 87' lang='grc' dir='ltr'><strong>τοῦ</strong></span> <span class='ocrx_word' id='word_1_390' title='bbox 3425 2411 3561 2482; x_wconf 82' lang='grc' dir='ltr'><strong>μέσου</strong></span> <span class='ocrx_word' id='word_1_391' title='bbox 3589 2409 3647 2459; x_wconf 81' lang='lat' dir='ltr'><strong>ai-</strong></span> 
     </span>
    </p>
   </div>
   <div class='ocr_carea' id='block_1_55' title="bbox 2152 2499 3647 2575">
    <p class='ocr_par' dir='ltr' id='par_1_55' title="bbox 2152 2499 3647 2575">
     <span class='ocr_line' id='line_1_55' title="bbox 2152 2499 3647 2575; baseline -0.007 -16"><span class='ocrx_word' id='word_1_392' title='bbox 2152 2508 2272 2559; x_wconf 85' lang='grc' dir='ltr'><strong>τίαν</strong></span> <span class='ocrx_word' id='word_1_393' title='bbox 2294 2508 2395 2574; x_wconf 82' lang='grc' dir='ltr'><strong>τῆς</strong></span> <span class='ocrx_word' id='word_1_394' title='bbox 2425 2506 2614 2575; x_wconf 79' lang='grc' dir='ltr'><strong>τρίτης</strong></span> <span class='ocrx_word' id='word_1_395' title='bbox 2637 2503 2808 2572; x_wconf 72' lang='grc' dir='ltr'><strong>λέγει.</strong></span> <span class='ocrx_word' id='word_1_396' title='bbox 2843 2505 2911 2557; x_wconf 81' lang='grc' dir='ltr'><strong>Ἦ</strong></span> <span class='ocrx_word' id='word_1_397' title='bbox 2936 2504 2993 2557; x_wconf 81' lang='grc' dir='ltr'><strong>δὲ</strong></span> <span class='ocrx_word' id='word_1_398' title='bbox 3017 2504 3261 2564; x_wconf 81' lang='grc' dir='ltr'><strong>διάδοσις</strong></span> <span class='ocrx_word' id='word_1_399' title='bbox 3291 2501 3420 2572; x_wconf 77' lang='grc' dir='ltr'><strong>αὕτη</strong></span> <span class='ocrx_word' id='word_1_400' title='bbox 3442 2501 3527 2554; x_wconf 84' lang='grc' dir='ltr'><strong>οὐκ</strong></span> <span class='ocrx_word' id='word_1_401' title='bbox 3546 2499 3647 2549; x_wconf 73' lang='grc' dir='ltr'><strong>ἔστιν</strong></span> 
     </span>
    </p>
   </div>
   <div class='ocr_carea' id='block_1_56' title="bbox 2148 2589 3649 2671">
    <p class='ocr_par' dir='ltr' id='par_1_56' title="bbox 2148 2589 3649 2671">
     <span class='ocr_line' id='line_1_56' title="bbox 2148 2589 3649 2671; baseline -0.007 -21"><span class='ocrx_word' id='word_1_402' title='bbox 2148 2598 2222 2661; x_wconf 77' lang='grc' dir='ltr'><strong>ὡς</strong></span> <span class='ocrx_word' id='word_1_403' title='bbox 2245 2597 2333 2650; x_wconf 79' lang='grc' dir='ltr'><strong>διὰ</strong></span> <span class='ocrx_word' id='word_1_404' title='bbox 2360 2596 2624 2667; x_wconf 72' lang='grc' dir='ltr'><strong>σωλῆνας.</strong></span> <span class='ocrx_word' id='word_1_405' title='bbox 2660 2596 2780 2671; x_wconf 68' lang='grc' dir='ltr'><strong>οὐδε</strong></span> <span class='ocrx_word' id='word_1_406' title='bbox 2809 2595 3034 2667; x_wconf 63' lang='lat' dir='ltr'><strong>somni),</strong></span> <span class='ocrx_word' id='word_1_407' title='bbox 3079 2595 3143 2653; x_wconf 75' lang='lat' dir='ltr'><strong>ob</strong></span> <span class='ocrx_word' id='word_1_408' title='bbox 3176 2595 3281 2665; x_wconf 81' lang='grc' dir='ltr'><strong>μὴν</strong></span> <span class='ocrx_word' id='word_1_409' title='bbox 3305 2594 3413 2647; x_wconf 77' lang='grc' dir='ltr'><strong>ἀλλ’</strong></span> <span class='ocrx_word' id='word_1_410' title='bbox 3436 2590 3539 2645; x_wconf 72' lang='grc' dir='ltr'><strong>οὐδὲ</strong></span> <span class='ocrx_word' id='word_1_411' title='bbox 3568 2589 3649 2648; x_wconf 71' lang='grc' dir='ltr'><strong>ταῖς</strong></span> 
     </span>
    </p>
   </div>
   <div class='ocr_carea' id='block_1_57' title="bbox 2149 2676 3653 2760">
    <p class='ocr_par' dir='ltr' id='par_1_57' title="bbox 2149 2676 3653 2760">
     <span class='ocr_line' id='line_1_57' title="bbox 2149 2676 3653 2760; baseline -0.016 -5"><span class='ocrx_word' id='word_1_412' title='bbox 2149 2690 2330 2760; x_wconf 46' lang='grc' dir='ltr'><strong>φιλεῖς</strong></span> <span class='ocrx_word' id='word_1_413' title='bbox 2359 2689 2658 2758; x_wconf 77' lang='grc' dir='ltr'><strong>ἀναφοραῖς</strong></span> <span class='ocrx_word' id='word_1_414' title='bbox 2687 2688 3027 2759; x_wconf 86' lang='grc' dir='ltr'><strong>δυνήσεταιὸ</strong></span> <span class='ocrx_word' id='word_1_415' title='bbox 3062 2687 3159 2752; x_wconf 83' lang='grc' dir='ltr'><strong>σὸς</strong></span> <span class='ocrx_word' id='word_1_416' title='bbox 3212 2687 3396 2748; x_wconf 76' lang='grc' dir='ltr'><strong>Νεῖλος</strong></span> <span class='ocrx_word' id='word_1_417' title='bbox 3425 2685 3561 2738; x_wconf 80' lang='grc' dir='ltr'><strong>τόπον</strong></span> <span class='ocrx_word' id='word_1_418' title='bbox 3595 2676 3653 2741; x_wconf 75' lang='grc' dir='ltr'><strong>ἐξ·</strong></span> 
     </span>
    </p>
   </div>
   <div class='ocr_carea' id='block_1_58' title="bbox 2151 2770 3651 2855">
    <p class='ocr_par' dir='ltr' id='par_1_58' title="bbox 2151 2770 3651 2855">
     <span class='ocr_line' id='line_1_58' title="bbox 2151 2770 3651 2855; baseline -0.009 -20"><span class='ocrx_word' id='word_1_419' title='bbox 2151 2783 2358 2851; x_wconf 82' lang='grc' dir='ltr'><strong>ευρετν.</strong></span> <span class='ocrx_word' id='word_1_420' title='bbox 2394 2780 2587 2833; x_wconf 83' lang='grc' dir='ltr'><strong>Ἔστιν</strong></span> <span class='ocrx_word' id='word_1_421' title='bbox 2622 2778 2733 2849; x_wconf 79' lang='grc' dir='ltr'><strong>ἄρα</strong></span> <span class='ocrx_word' id='word_1_422' title='bbox 2785 2781 2946 2849; x_wconf 81' lang='grc' dir='ltr'><strong>φύσει</strong></span> <span class='ocrx_word' id='word_1_423' title='bbox 2996 2779 3060 2833; x_wconf 78' lang='grc' dir='ltr'><strong>τὸ</strong></span> <span class='ocrx_word' id='word_1_424' title='bbox 3093 2778 3317 2855; x_wconf 60' lang='grc' dir='ltr'><strong>Πνεῦμα</strong></span> <span class='ocrx_word' id='word_1_425' title='bbox 3350 2775 3413 2831; x_wconf 78' lang='grc' dir='ltr'><strong>δι’</strong></span> <span class='ocrx_word' id='word_1_426' title='bbox 3435 2772 3569 2838; x_wconf 80' lang='grc' dir='ltr'><strong>Υἱοῦ,’</strong></span> <span class='ocrx_word' id='word_1_427' title='bbox 3593 2770 3651 2823; x_wconf 69' lang='grc' dir='ltr'><strong>διὰ</strong></span> 
     </span>
    </p>
   </div>
   <div class='ocr_carea' id='block_1_59' title="bbox 2150 2866 3653 2943">
    <p class='ocr_par' dir='ltr' id='par_1_59' title="bbox 2150 2866 3653 2943">
     <span class='ocr_line' id='line_1_59' title="bbox 2150 2866 3653 2943; baseline -0.003 -16"><span class='ocrx_word' id='word_1_428' title='bbox 2150 2875 2245 2927; x_wconf 90' lang='grc' dir='ltr'><strong>τοῦ</strong></span> <span class='ocrx_word' id='word_1_429' title='bbox 2314 2873 2483 2942; x_wconf 79' lang='grc' dir='ltr'><strong>μέσου</strong></span> <span class='ocrx_word' id='word_1_430' title='bbox 2530 2872 2662 2943; x_wconf 81' lang='grc' dir='ltr'><strong>γάρ,</strong></span> <span class='ocrx_word' id='word_1_431' title='bbox 2719 2871 2838 2941; x_wconf 73' lang='grc' dir='ltr'><strong>ἦτοι</strong></span> <span class='ocrx_word' id='word_1_432' title='bbox 2882 2871 2980 2942; x_wconf 82' lang='grc' dir='ltr'><strong>τῆς</strong></span> <span class='ocrx_word' id='word_1_433' title='bbox 3040 2869 3141 2925; x_wconf 87' lang='grc' dir='ltr'><strong>τοῦ</strong></span> <span class='ocrx_word' id='word_1_434' title='bbox 3194 2871 3324 2925; x_wconf 84' lang='grc' dir='ltr'><strong>Υἱοῦ</strong></span> <span class='ocrx_word' id='word_1_435' title='bbox 3379 2866 3653 2923; x_wconf 71' lang='grc' dir='ltr'><strong>ὑποστάσεως</strong></span> 
     </span>
    </p>
   </div>
   <div class='ocr_carea' id='block_1_60' title="bbox 2154 2956 3652 3035">
    <p class='ocr_par' dir='ltr' id='par_1_60' title="bbox 2154 2956 3652 3035">
     <span class='ocr_line' id='line_1_60' title="bbox 2154 2956 3652 3035; baseline -0.007 -18"><span class='ocrx_word' id='word_1_436' title='bbox 2154 2963 2450 3035; x_wconf 79' lang='grc' dir='ltr'><strong>προϐάλλει</strong></span> <span class='ocrx_word' id='word_1_437' title='bbox 2475 2965 2503 3016; x_wconf 84' lang='grc' dir='ltr'>ὁ</span> <span class='ocrx_word' id='word_1_438' title='bbox 2537 2964 2728 3035; x_wconf 82' lang='grc' dir='ltr'><strong>Πατὴρ</strong></span> <span class='ocrx_word' id='word_1_439' title='bbox 2768 2963 2831 3017; x_wconf 82' lang='grc' dir='ltr'><strong>τὸ</strong></span> <span class='ocrx_word' id='word_1_440' title='bbox 2877 2962 3109 3034; x_wconf 82' lang='grc' dir='ltr'><strong>Πνεῦμα</strong></span> <span class='ocrx_word' id='word_1_441' title='bbox 3164 2964 3226 3018; x_wconf 78' lang='grc' dir='ltr'><strong>τὸ</strong></span> <span class='ocrx_word' id='word_1_442' title='bbox 3262 2963 3429 3031; x_wconf 79' lang='grc' dir='ltr'><strong>ἅγιον,</strong></span> <span class='ocrx_word' id='word_1_443' title='bbox 3472 2959 3551 3012; x_wconf 83' lang='grc' dir='ltr'><strong>καὶ</strong></span> <span class='ocrx_word' id='word_1_444' title='bbox 3586 2956 3652 3009; x_wconf 73' lang='grc' dir='ltr'><strong>οὐκ</strong></span> 
     </span>
    </p>
   </div>
   <div class='ocr_carea' id='block_1_61' title="bbox 479 3048 2051 3134">
    <p class='ocr_par' dir='ltr' id='par_1_61' title="bbox 479 3052 2048 3122">
     <span class='ocr_line' id='line_1_61' title="bbox 479 3052 2048 3122; baseline 0.001 -17"><span class='ocrx_word' id='word_1_445' title='bbox 479 3052 640 3107; x_wconf 86' lang='lat' dir='ltr'><strong>nudis</strong></span> <span class='ocrx_word' id='word_1_446' title='bbox 688 3052 1050 3108; x_wconf 85' lang='lat' dir='ltr'><strong>relationibus</strong></span> <span class='ocrx_word' id='word_1_447' title='bbox 1089 3062 1216 3108; x_wconf 90' lang='lat' dir='ltr'><strong>tuus</strong></span> <span class='ocrx_word' id='word_1_448' title='bbox 1249 3052 1452 3122; x_wconf 89' lang='lat' dir='ltr'><strong>poterit</strong></span> <span class='ocrx_word' id='word_1_449' title='bbox 1482 3053 1640 3108; x_wconf 89' lang='lat' dir='ltr'><strong>Nilus</strong></span> <span class='ocrx_word' id='word_1_450' title='bbox 1690 3054 1871 3108; x_wconf 92' lang='lat' dir='ltr'><strong>locum</strong></span> <span class='ocrx_word' id='word_1_451' title='bbox 1900 3068 2048 3108; x_wconf 89' lang='lat' dir='ltr'><strong>com-</strong></span> 
     </span>
    </p>
   </div>
   <div class='ocr_carea' id='block_1_62' title="bbox 2153 3048 3656 3134">
    <p class='ocr_par' dir='ltr' id='par_1_62' title="bbox 2156 3048 3656 3127">
     <span class='ocr_line' id='line_1_62' title="bbox 2156 3048 3656 3127; baseline -0.005 -18"><span class='ocrx_word' id='word_1_452' title='bbox 2156 3057 2369 3121; x_wconf 77' lang='grc' dir='ltr'><strong>ἐλλιπὲς</strong></span> <span class='ocrx_word' id='word_1_453' title='bbox 2400 3056 2542 3110; x_wconf 89' lang='grc' dir='ltr'><strong>κατά</strong></span> <span class='ocrx_word' id='word_1_454' title='bbox 2569 3072 2623 3108; x_wconf 88' lang='grc' dir='ltr'><strong>τι</strong></span> <span class='ocrx_word' id='word_1_455' title='bbox 2670 3056 2731 3109; x_wconf 84' lang='grc' dir='ltr'><strong>τὸ</strong></span> <span class='ocrx_word' id='word_1_456' title='bbox 2785 3055 3009 3127; x_wconf 80' lang='grc' dir='ltr'><strong>Πνεῦμα</strong></span> <span class='ocrx_word' id='word_1_457' title='bbox 3040 3055 3136 3110; x_wconf 86' lang='grc' dir='ltr'><strong>διὰ</strong></span> <span class='ocrx_word' id='word_1_458' title='bbox 3174 3056 3366 3110; x_wconf 86' lang='grc' dir='ltr'><strong>ταῦτα.</strong></span> <span class='ocrx_word' id='word_1_459' title='bbox 3424 3048 3656 3107; x_wconf 73' lang='grc' dir='ltr'><strong>Πειθέσθωι</strong></span> 
     </span>
    </p>
   </div>
   <div class='ocr_carea' id='block_1_63' title="bbox 478 3143 2053 3214">
    <p class='ocr_par' dir='ltr' id='par_1_63' title="bbox 478 3143 2053 3214">
     <span class='ocr_line' id='line_1_63' title="bbox 478 3143 2053 3214; baseline -0.001 -16"><span class='ocrx_word' id='word_1_460' title='bbox 478 3144 720 3199; x_wconf 87' lang='lat' dir='ltr'><strong>minisci.</strong></span> <span class='ocrx_word' id='word_1_461' title='bbox 754 3146 846 3199; x_wconf 85' lang='lat' dir='ltr'><strong>Est</strong></span> <span class='ocrx_word' id='word_1_462' title='bbox 873 3159 1006 3214; x_wconf 80' lang='lat' dir='ltr'><strong>ergo</strong></span> <span class='ocrx_word' id='word_1_463' title='bbox 1039 3144 1283 3214; x_wconf 85' lang='lat' dir='ltr'><strong>Spiritus</strong></span> <span class='ocrx_word' id='word_1_464' title='bbox 1316 3155 1514 3200; x_wconf 88' lang='lat' dir='ltr'><strong>natura</strong></span> <span class='ocrx_word' id='word_1_465' title='bbox 1545 3159 1643 3214; x_wconf 89' lang='lat' dir='ltr'><strong>per</strong></span> <span class='ocrx_word' id='word_1_466' title='bbox 1688 3143 1922 3211; x_wconf 90' lang='lat' dir='ltr'><strong>Filium;</strong></span> <span class='ocrx_word' id='word_1_467' title='bbox 1954 3158 2053 3214; x_wconf 89' lang='lat' dir='ltr'><strong>per</strong></span> 
     </span>
    </p>
   </div>
   <div class='ocr_carea' id='block_1_64' title="bbox 466 3236 2053 3309">
    <p class='ocr_par' dir='ltr' id='par_1_64' title="bbox 466 3236 2053 3309">
     <span class='ocr_line' id='line_1_64' title="bbox 466 3236 2053 3309; baseline 0.004 -24"><span class='ocrx_word' id='word_1_468' title='bbox 466 3236 720 3291; x_wconf 87' lang='lat' dir='ltr'><strong>.medium</strong></span> <span class='ocrx_word' id='word_1_469' title='bbox 769 3237 941 3303; x_wconf 90' lang='lat' dir='ltr'><strong>enim,</strong></span> <span class='ocrx_word' id='word_1_470' title='bbox 973 3237 1091 3293; x_wconf 87' lang='lat' dir='ltr'><strong>sive</strong></span> <span class='ocrx_word' id='word_1_471' title='bbox 1123 3237 1249 3293; x_wconf 83' lang='lat' dir='ltr'><strong>Filii</strong></span> <span class='ocrx_word' id='word_1_472' title='bbox 1292 3238 1631 3309; x_wconf 81' lang='lat' dir='ltr'><strong>hypostasim</strong></span> <span class='ocrx_word' id='word_1_473' title='bbox 1664 3237 1829 3293; x_wconf 79' lang='lat' dir='ltr'><strong>Pater</strong></span> <span class='ocrx_word' id='word_1_474' title='bbox 1851 3237 2053 3306; x_wconf 85' lang='lat' dir='ltr'><strong>produ-</strong></span> 
     </span>
    </p>
   </div>
   <div class='ocr_carea' id='block_1_65' title="bbox 480 3327 2051 3399">
    <p class='ocr_par' dir='ltr' id='par_1_65' title="bbox 480 3327 2051 3399">
     <span class='ocr_line' id='line_1_65' title="bbox 480 3327 2051 3399; baseline -0.001 -15"><span class='ocrx_word' id='word_1_475' title='bbox 480 3329 558 3384; x_wconf 85' lang='lat' dir='ltr'><strong>cit</strong></span> <span class='ocrx_word' id='word_1_476' title='bbox 585 3327 851 3398; x_wconf 90' lang='lat' dir='ltr'><strong>Spiritum</strong></span> <span class='ocrx_word' id='word_1_477' title='bbox 888 3336 1139 3384; x_wconf 89' lang='lat' dir='ltr'><strong>sanctum</strong></span> <span class='ocrx_word' id='word_1_478' title='bbox 1163 3368 1179 3395; x_wconf 93' lang='lat'><strong>,</strong></span> <span class='ocrx_word' id='word_1_479' title='bbox 1210 3344 1394 3399; x_wconf 88' lang='lat' dir='ltr'><strong>neque</strong></span> <span class='ocrx_word' id='word_1_480' title='bbox 1448 3328 1570 3383; x_wconf 84' lang='lat' dir='ltr'><strong>ideo</strong></span> <span class='ocrx_word' id='word_1_481' title='bbox 1616 3344 1848 3384; x_wconf 88' lang='lat' dir='ltr'><strong>mancus</strong></span> <span class='ocrx_word' id='word_1_482' title='bbox 1876 3327 2051 3398; x_wconf 80' lang='lat' dir='ltr'><strong>Spiri-</strong></span> 
     </span>
    </p>
   </div>
   <div class='ocr_carea' id='block_1_66' title="bbox 483 3420 2056 3490">
    <p class='ocr_par' dir='ltr' id='par_1_66' title="bbox 483 3420 2056 3490">
     <span class='ocr_line' id='line_1_66' title="bbox 483 3420 2056 3490; baseline 0.003 -16"><span class='ocrx_word' id='word_1_483' title='bbox 483 3430 568 3475; x_wconf 80' lang='lat' dir='ltr'><strong>tus</strong></span> <span class='ocrx_word' id='word_1_484' title='bbox 594 3420 782 3475; x_wconf 84' lang='lat' dir='ltr'><strong>fuerit.</strong></span> <span class='ocrx_word' id='word_1_485' title='bbox 813 3420 1054 3475; x_wconf 90' lang='lat' dir='ltr'><strong>Crcdant</strong></span> <span class='ocrx_word' id='word_1_486' title='bbox 1091 3421 1276 3490; x_wconf 87' lang='lat' dir='ltr'><strong>itaque</strong></span> <span class='ocrx_word' id='word_1_487' title='bbox 1304 3420 1478 3476; x_wconf 71' lang='lat' dir='ltr'><strong>Graeci</strong></span> <span class='ocrx_word' id='word_1_488' title='bbox 1510 3420 1607 3475; x_wconf 91' lang='lat' dir='ltr'><strong>Dei</strong></span> <span class='ocrx_word' id='word_1_489' title='bbox 1642 3421 1926 3485; x_wconf 78' lang='lat' dir='ltr'><strong>Ecclesiae,</strong></span> <span class='ocrx_word' id='word_1_490' title='bbox 1952 3437 2056 3478; x_wconf 85' lang='lat' dir='ltr'><strong>nec</strong></span> 
     </span>
    </p>
   </div>
   <div class='ocr_carea' id='block_1_67' title="bbox 481 3504 2058 3594">
    <p class='ocr_par' dir='ltr' id='par_1_67' title="bbox 481 3504 2058 3594">
     <span class='ocr_line' id='line_1_67' title="bbox 481 3504 2058 3594; baseline 0.001 -26"><span class='ocrx_word' id='word_1_491' title='bbox 481 3513 712 3570; x_wconf 87' lang='lat' dir='ltr'><strong>audiant</strong></span> <span class='ocrx_word' id='word_1_492' title='bbox 744 3514 928 3568; x_wconf 90' lang='lat' dir='ltr'><strong>Nilum</strong></span> <span class='ocrx_word' id='word_1_493' title='bbox 960 3512 1235 3594; x_wconf 64' lang='lat' dir='ltr'><strong>dicentem</strong></span> <span class='ocrx_word' id='word_1_494' title='bbox 1271 3530 1284 3566; x_wconf 91' lang='lat'>:</span> <span class='ocrx_word' id='word_1_495' title='bbox 1317 3510 1671 3582; x_wconf 70' lang='lat' dir='ltr'><strong>Prwintelligi</strong></span> <span class='ocrx_word' id='word_1_496' title='bbox 1705 3510 1906 3566; x_wconf 85' lang='lat' dir='ltr'><strong>Filium</strong></span> <span class='ocrx_word' id='word_1_497' title='bbox 1926 3504 2058 3582; x_wconf 78' lang='grc' dir='ltr'><strong>’8ρὶ-</strong></span> 
     </span>
    </p>
   </div>
   <div class='ocr_carea' id='block_1_68' title="bbox 482 3605 2058 3675">
    <p class='ocr_par' dir='ltr' id='par_1_68' title="bbox 482 3605 2058 3675">
     <span class='ocr_line' id='line_1_68' title="bbox 482 3605 2058 3675; baseline 0 -15"><span class='ocrx_word' id='word_1_498' title='bbox 482 3610 629 3672; x_wconf 81' lang='lat' dir='ltr'><strong>ritui,</strong></span> <span class='ocrx_word' id='word_1_499' title='bbox 673 3609 718 3662; x_wconf 88' lang='lat' dir='ltr'><strong>si</strong></span> <span class='ocrx_word' id='word_1_500' title='bbox 759 3607 980 3661; x_wconf 81' lang='lat' dir='ltr'><strong>Patrem</strong></span> <span class='ocrx_word' id='word_1_501' title='bbox 1031 3605 1260 3674; x_wconf 88' lang='lat' dir='ltr'><strong>primum</strong></span> <span class='ocrx_word' id='word_1_502' title='bbox 1309 3605 1666 3659; x_wconf 82' lang='lat' dir='ltr'><strong>nominaveris</strong></span> <span class='ocrx_word' id='word_1_503' title='bbox 1695 3645 1710 3671; x_wconf 95' lang='lat'><strong>,</strong></span> <span class='ocrx_word' id='word_1_504' title='bbox 1738 3622 2058 3675; x_wconf 84' lang='lat' dir='ltr'><strong>rursumque</strong></span> 
     </span>
    </p>
   </div>
   <div class='ocr_carea' id='block_1_69' title="bbox 483 3695 2054 3769">
    <p class='ocr_par' dir='ltr' id='par_1_69' title="bbox 483 3695 2054 3769">
     <span class='ocr_line' id='line_1_69' title="bbox 483 3695 2054 3769; baseline -0.001 -15"><span class='ocrx_word' id='word_1_505' title='bbox 483 3699 742 3769; x_wconf 83' lang='lat' dir='ltr'><strong>Spiritum</strong></span> <span class='ocrx_word' id='word_1_506' title='bbox 789 3695 978 3764; x_wconf 82' lang='lat' dir='ltr'><strong>Filio,</strong></span> <span class='ocrx_word' id='word_1_507' title='bbox 1029 3696 1076 3751; x_wconf 85' lang='lat' dir='ltr'><strong>si</strong></span> <span class='ocrx_word' id='word_1_508' title='bbox 1129 3695 1502 3765; x_wconf 88' lang='lat' dir='ltr'><strong>productorem</strong></span> <span class='ocrx_word' id='word_1_509' title='bbox 1538 3705 1697 3751; x_wconf 89' lang='lat' dir='ltr'><strong>antea</strong></span> <span class='ocrx_word' id='word_1_510' title='bbox 1748 3698 2054 3767; x_wconf 85' lang='lat' dir='ltr'><strong>protuleris.</strong></span> 
     </span>
    </p>
   </div>
   <div class='ocr_carea' id='block_1_70' title="bbox 482 3787 2061 3858">
    <p class='ocr_par' dir='ltr' id='par_1_70' title="bbox 482 3787 2061 3858">
     <span class='ocr_line' id='line_1_70' title="bbox 482 3787 2061 3858; baseline 0 -14"><span class='ocrx_word' id='word_1_511' title='bbox 482 3791 553 3844; x_wconf 83' lang='lat' dir='ltr'><strong>Mi</strong></span> <span class='ocrx_word' id='word_1_512' title='bbox 603 3790 790 3853; x_wconf 84' lang='lat' dir='ltr'><strong>homo,</strong></span> <span class='ocrx_word' id='word_1_513' title='bbox 822 3790 867 3844; x_wconf 91' lang='lat' dir='ltr'><strong>si</strong></span> <span class='ocrx_word' id='word_1_514' title='bbox 917 3788 969 3843; x_wconf 90' lang='lat' dir='ltr'><strong>id</strong></span> <span class='ocrx_word' id='word_1_515' title='bbox 1018 3795 1187 3853; x_wconf 86' lang='lat' dir='ltr'><strong>esset,</strong></span> <span class='ocrx_word' id='word_1_516' title='bbox 1236 3787 1464 3858; x_wconf 90' lang='lat' dir='ltr'><strong>impium</strong></span> <span class='ocrx_word' id='word_1_517' title='bbox 1494 3803 1604 3841; x_wconf 90' lang='lat' dir='ltr'><strong>non</strong></span> <span class='ocrx_word' id='word_1_518' title='bbox 1634 3799 1814 3853; x_wconf 89' lang='lat' dir='ltr'><strong>esset,</strong></span> <span class='ocrx_word' id='word_1_519' title='bbox 1850 3787 1974 3843; x_wconf 88' lang='lat' dir='ltr'><strong>Filii</strong></span> <span class='ocrx_word' id='word_1_520' title='bbox 2003 3796 2061 3844; x_wconf 91' lang='lat' dir='ltr'><strong>et</strong></span> 
     </span>
    </p>
   </div>
   <div class='ocr_carea' id='block_1_71' title="bbox 491 3878 2062 3951">
    <p class='ocr_par' dir='ltr' id='par_1_71' title="bbox 491 3878 2062 3951">
     <span class='ocr_line' id='line_1_71' title="bbox 491 3878 2062 3951; baseline -0.001 -15"><span class='ocrx_word' id='word_1_521' title='bbox 491 3881 732 3951; x_wconf 85' lang='lat' dir='ltr'><strong>Spiritus</strong></span> <span class='ocrx_word' id='word_1_522' title='bbox 782 3879 1030 3934; x_wconf 89' lang='lat' dir='ltr'><strong>ordinem</strong></span> <span class='ocrx_word' id='word_1_523' title='bbox 1084 3878 1401 3943; x_wconf 86' lang='lat' dir='ltr'><strong>immutare,</strong></span> <span class='ocrx_word' id='word_1_524' title='bbox 1430 3880 1700 3950; x_wconf 83' lang='lat' dir='ltr'><strong>planeque</strong></span> <span class='ocrx_word' id='word_1_525' title='bbox 1729 3880 2062 3936; x_wconf 86' lang='lat' dir='ltr'><strong>mentiretur</strong></span> 
     </span>
    </p>
   </div>
   <div class='ocr_carea' id='block_1_72' title="bbox 486 3970 2059 4042">
    <p class='ocr_par' dir='ltr' id='par_1_72' title="bbox 486 3970 2059 4042">
     <span class='ocr_line' id='line_1_72' title="bbox 486 3970 2059 4042; baseline -0.002 -14"><span class='ocrx_word' id='word_1_526' title='bbox 486 3971 762 4035; x_wconf 80' lang='lat' dir='ltr'><strong>Basilius,</strong></span> <span class='ocrx_word' id='word_1_527' title='bbox 804 3984 982 4042; x_wconf 88' lang='lat' dir='ltr'><strong>neque</strong></span> <span class='ocrx_word' id='word_1_528' title='bbox 1026 3972 1343 4027; x_wconf 86' lang='lat' dir='ltr'><strong>adnecteret</strong></span> <span class='ocrx_word' id='word_1_529' title='bbox 1385 3971 1627 4041; x_wconf 83' lang='lat' dir='ltr'><strong>primum</strong></span> <span class='ocrx_word' id='word_1_530' title='bbox 1657 3987 1769 4042; x_wconf 86' lang='lat' dir='ltr'><strong>per</strong></span> <span class='ocrx_word' id='word_1_531' title='bbox 1816 3970 2059 4027; x_wconf 89' lang='lat' dir='ltr'><strong>medium</strong></span> 
     </span>
    </p>
   </div>
   <div class='ocr_carea' id='block_1_73' title="bbox 487 4058 2057 4119">
    <p class='ocr_par' dir='ltr' id='par_1_73' title="bbox 487 4058 2057 4119">
     <span class='ocr_line' id='line_1_73' title="bbox 487 4058 2057 4119; baseline -0.001 -2"><span class='ocrx_word' id='word_1_532' title='bbox 487 4063 717 4117; x_wconf 70' lang='lat' dir='ltr'><strong>llammre</strong></span> <span class='ocrx_word' id='word_1_533' title='bbox 765 4064 938 4118; x_wconf 65' lang='lat' dir='ltr'><strong>tertiae</strong></span> <span class='ocrx_word' id='word_1_534' title='bbox 971 4078 1038 4118; x_wconf 78' lang='lat' dir='ltr'><strong>ex</strong></span> <span class='ocrx_word' id='word_1_535' title='bbox 1088 4058 1611 4119; x_wconf 77' lang='lat' dir='ltr'><strong>communicatione.</strong></span> <span class='ocrx_word' id='word_1_536' title='bbox 1646 4061 1730 4118; x_wconf 80' lang='lat' dir='ltr'><strong>Tu</strong></span> <span class='ocrx_word' id='word_1_537' title='bbox 1764 4071 1946 4117; x_wconf 89' lang='lat' dir='ltr'><strong>autem</strong></span> <span class='ocrx_word' id='word_1_538' title='bbox 1981 4061 2057 4116; x_wconf 87' lang='lat' dir='ltr'><strong>si-</strong></span> 
     </span>
    </p>
   </div>
   <div class='ocr_carea' id='block_1_74' title="bbox 490 4153 2061 4224">
    <p class='ocr_par' dir='ltr' id='par_1_74' title="bbox 490 4153 2061 4224">
     <span class='ocr_line' id='line_1_74' title="bbox 490 4153 2061 4224; baseline 0.001 -15"><span class='ocrx_word' id='word_1_539' title='bbox 490 4155 642 4210; x_wconf 79' lang='lat' dir='ltr'><strong>nt;lia</strong></span> <span class='ocrx_word' id='word_1_540' title='bbox 680 4170 1025 4221; x_wconf 82' lang='lat' dir='ltr'><strong>asseverans,</strong></span> <span class='ocrx_word' id='word_1_541' title='bbox 1056 4156 1244 4210; x_wconf 87' lang='lat' dir='ltr'><strong>omnia</strong></span> <span class='ocrx_word' id='word_1_542' title='bbox 1286 4154 1455 4224; x_wconf 88' lang='lat' dir='ltr'><strong>impie</strong></span> <span class='ocrx_word' id='word_1_543' title='bbox 1483 4153 1802 4210; x_wconf 81' lang='lat' dir='ltr'><strong>confundis.</strong></span> <span class='ocrx_word' id='word_1_544' title='bbox 1834 4153 1904 4210; x_wconf 82' lang='lat' dir='ltr'><strong>Et</strong></span> <span class='ocrx_word' id='word_1_545' title='bbox 1946 4153 2061 4210; x_wconf 69' lang='lat' dir='ltr'><strong>haec</strong></span> 
     </span>
    </p>
   </div>
   <div class='ocr_carea' id='block_1_75' title="bbox 490 4244 2061 4317">
    <p class='ocr_par' dir='ltr' id='par_1_75' title="bbox 490 4244 2061 4317">
     <span class='ocr_line' id='line_1_75' title="bbox 490 4244 2061 4317; baseline 0 -16"><span class='ocrx_word' id='word_1_546' title='bbox 490 4247 713 4317; x_wconf 86' lang='lat' dir='ltr'><strong>quidem</strong></span> <span class='ocrx_word' id='word_1_547' title='bbox 742 4245 811 4302; x_wconf 88' lang='lat' dir='ltr'><strong>de</strong></span> <span class='ocrx_word' id='word_1_548' title='bbox 842 4246 946 4301; x_wconf 89' lang='lat' dir='ltr'><strong>ltoc</strong></span> <span class='ocrx_word' id='word_1_549' title='bbox 974 4247 1109 4300; x_wconf 87' lang='lat' dir='ltr'><strong>satis</strong></span> <span class='ocrx_word' id='word_1_550' title='bbox 1151 4246 1284 4301; x_wconf 89' lang='lat' dir='ltr'><strong>sint.</strong></span> <span class='ocrx_word' id='word_1_551' title='bbox 1321 4245 1603 4316; x_wconf 85' lang='lat' dir='ltr'><strong>Multaque</strong></span> <span class='ocrx_word' id='word_1_552' title='bbox 1624 4252 1700 4299; x_wconf 62' lang='grc' dir='ltr'><strong>κω</strong></span> <span class='ocrx_word' id='word_1_553' title='bbox 1738 4244 1962 4301; x_wconf 83' lang='lat' dir='ltr'><strong>interim</strong></span> <span class='ocrx_word' id='word_1_554' title='bbox 1992 4260 2061 4301; x_wconf 82' lang='lat' dir='ltr'><strong>ex</strong></span> 
     </span>
    </p>
   </div>
   <div class='ocr_carea' id='block_1_76' title="bbox 492 4338 1140 4409">
    <p class='ocr_par' dir='ltr' id='par_1_76' title="bbox 492 4338 1140 4409">
     <span class='ocr_line' id='line_1_76' title="bbox 492 4338 1140 4409; baseline 0 -16"><span class='ocrx_word' id='word_1_555' title='bbox 492 4340 579 4394; x_wconf 78' lang='lat' dir='ltr'><strong>liis</strong></span> <span class='ocrx_word' id='word_1_556' title='bbox 609 4339 899 4409; x_wconf 88' lang='lat' dir='ltr'><strong>principiis</strong></span> <span class='ocrx_word' id='word_1_557' title='bbox 931 4338 1140 4394; x_wconf 89' lang='lat' dir='ltr'><strong>elicies.</strong></span> 
     </span>
    </p>
   </div>
   <div class='ocr_carea' id='block_1_77' title="bbox 2157 3136 3651 3218">
    <p class='ocr_par' dir='ltr' id='par_1_77' title="bbox 2157 3136 3651 3218">
     <span class='ocr_line' id='line_1_77' title="bbox 2157 3136 3651 3218; baseline -0.007 -18"><span class='ocrx_word' id='word_1_558' title='bbox 2157 3165 2254 3201; x_wconf 89' lang='grc' dir='ltr'><strong>σαν</strong></span> <span class='ocrx_word' id='word_1_559' title='bbox 2282 3149 2572 3218; x_wconf 81' lang='grc' dir='ltr'><strong>τοιγαροῦν</strong></span> <span class='ocrx_word' id='word_1_560' title='bbox 2598 3149 2655 3200; x_wconf 89' lang='lat' dir='ltr'><strong>ol</strong></span> <span class='ocrx_word' id='word_1_561' title='bbox 2689 3146 2919 3217; x_wconf 75' lang='grc' dir='ltr'><strong>Γραικοὶ</strong></span> <span class='ocrx_word' id='word_1_562' title='bbox 2968 3150 3034 3218; x_wconf 76' lang='grc' dir='ltr'><strong>τῇ</strong></span> <span class='ocrx_word' id='word_1_563' title='bbox 3082 3148 3379 3218; x_wconf 73' lang='grc' dir='ltr'><strong>Ἐκκλησία</strong></span> <span class='ocrx_word' id='word_1_564' title='bbox 3433 3143 3514 3197; x_wconf 87' lang='grc' dir='ltr'><strong>τοῦ</strong></span> <span class='ocrx_word' id='word_1_565' title='bbox 3538 3136 3651 3201; x_wconf 75' lang='grc' dir='ltr'><strong>Θεοῦ,</strong></span> 
     </span>
    </p>
   </div>
   <div class='ocr_carea' id='block_1_78' title="bbox 2158 3226 3655 3307">
    <p class='ocr_par' dir='ltr' id='par_1_78' title="bbox 2158 3226 3655 3307">
     <span class='ocr_line' id='line_1_78' title="bbox 2158 3226 3655 3307; baseline -0.002 -17"><span class='ocrx_word' id='word_1_566' title='bbox 2158 3236 2252 3290; x_wconf 77' lang='grc' dir='ltr'><strong>καὶ</strong></span> <span class='ocrx_word' id='word_1_567' title='bbox 2286 3236 2364 3307; x_wconf 80' lang='grc' dir='ltr'><strong>μὴ</strong></span> <span class='ocrx_word' id='word_1_568' title='bbox 2402 3237 2754 3290; x_wconf 78' lang='grc' dir='ltr'><strong>ἀκουέτωσαν</strong></span> <span class='ocrx_word' id='word_1_569' title='bbox 2779 3239 2978 3291; x_wconf 81' lang='grc' dir='ltr'><strong>Νείλου</strong></span> <span class='ocrx_word' id='word_1_570' title='bbox 3032 3238 3315 3307; x_wconf 82' lang='grc' dir='ltr'><strong>λέγοντος,</strong></span> <span class='ocrx_word' id='word_1_571' title='bbox 3371 3226 3655 3304; x_wconf 73' lang='grc' dir='ltr'><strong>Προθεωρεῖ’</strong></span> 
     </span>
    </p>
   </div>
   <div class='ocr_carea' id='block_1_79' title="bbox 2156 3318 3652 3398">
    <p class='ocr_par' dir='ltr' id='par_1_79' title="bbox 2156 3318 3652 3398">
     <span class='ocr_line' id='line_1_79' title="bbox 2156 3318 3652 3398; baseline -0.005 -16"><span class='ocrx_word' id='word_1_572' title='bbox 2156 3329 2298 3383; x_wconf 88' lang='grc' dir='ltr'><strong>σθαι</strong></span> <span class='ocrx_word' id='word_1_573' title='bbox 2324 3327 2432 3381; x_wconf 82' lang='grc' dir='ltr'><strong>τὸν</strong></span> <span class='ocrx_word' id='word_1_574' title='bbox 2455 3328 2591 3382; x_wconf 83' lang='grc' dir='ltr'><strong>Υίὸν</strong></span> <span class='ocrx_word' id='word_1_575' title='bbox 2611 3326 2717 3388; x_wconf 83' lang='grc' dir='ltr'><strong>τοῦ</strong></span> <span class='ocrx_word' id='word_1_576' title='bbox 2754 3329 3129 3398; x_wconf 83' lang='grc' dir='ltr'><strong>Πνεύματος,</strong></span> <span class='ocrx_word' id='word_1_577' title='bbox 3152 3332 3209 3384; x_wconf 83' lang='grc' dir='ltr'><strong>ει</strong></span> <span class='ocrx_word' id='word_1_578' title='bbox 3227 3328 3445 3397; x_wconf 82' lang='grc' dir='ltr'><strong>Πατέρα</strong></span> <span class='ocrx_word' id='word_1_579' title='bbox 3468 3325 3522 3380; x_wconf 83' lang='grc' dir='ltr'><strong>τὸ</strong></span> <span class='ocrx_word' id='word_1_580' title='bbox 3540 3318 3652 3390; x_wconf 68' lang='lat' dir='ltr'><strong>apti-</strong></span> 
     </span>
    </p>
   </div>
   <div class='ocr_carea' id='block_1_80' title="bbox 2158 3408 3653 3491">
    <p class='ocr_par' dir='ltr' id='par_1_80' title="bbox 2158 3408 3653 3491">
     <span class='ocr_line' id='line_1_80' title="bbox 2158 3408 3653 3491; baseline 0 -19"><span class='ocrx_word' id='word_1_581' title='bbox 2158 3434 2265 3473; x_wconf 82' lang='grc' dir='ltr'><strong>τον</strong></span> <span class='ocrx_word' id='word_1_582' title='bbox 2296 3418 2641 3485; x_wconf 77' lang='grc' dir='ltr'><strong>καλέσειας,</strong></span> <span class='ocrx_word' id='word_1_583' title='bbox 2681 3419 2782 3472; x_wconf 82' lang='grc' dir='ltr'><strong>καὶ</strong></span> <span class='ocrx_word' id='word_1_584' title='bbox 2818 3420 3008 3475; x_wconf 74' lang='grc' dir='ltr'><strong>πάλιν</strong></span> <span class='ocrx_word' id='word_1_585' title='bbox 3063 3423 3135 3476; x_wconf 84' lang='grc' dir='ltr'><strong>τὸ</strong></span> <span class='ocrx_word' id='word_1_586' title='bbox 3166 3419 3399 3491; x_wconf 82' lang='grc' dir='ltr'><strong>Πνεῦμα</strong></span> <span class='ocrx_word' id='word_1_587' title='bbox 3425 3416 3516 3473; x_wconf 80' lang='grc' dir='ltr'><strong>τοῦ</strong></span> <span class='ocrx_word' id='word_1_588' title='bbox 3544 3408 3653 3472; x_wconf 75' lang='grc' dir='ltr'><strong>Υίοῦι</strong></span> 
     </span>
    </p>
   </div>
   <div class='ocr_carea' id='block_1_81' title="bbox 2156 3502 3654 3583">
    <p class='ocr_par' dir='ltr' id='par_1_81' title="bbox 2156 3502 3654 3583">
     <span class='ocr_line' id='line_1_81' title="bbox 2156 3502 3654 3583; baseline 0 -18"><span class='ocrx_word' id='word_1_589' title='bbox 2156 3514 2208 3566; x_wconf 85' lang='grc' dir='ltr'><strong>εί</strong></span> <span class='ocrx_word' id='word_1_590' title='bbox 2241 3515 2538 3581; x_wconf 79' lang='grc' dir='ltr'><strong>προϐολέα</strong></span> <span class='ocrx_word' id='word_1_591' title='bbox 2571 3512 2886 3583; x_wconf 75' lang='grc' dir='ltr'><strong>ὀνομὰσῃς</strong></span> <span class='ocrx_word' id='word_1_592' title='bbox 2925 3513 2992 3567; x_wconf 83' lang='grc' dir='ltr'><strong>τὸ</strong></span> <span class='ocrx_word' id='word_1_593' title='bbox 3045 3513 3304 3583; x_wconf 77' lang='grc' dir='ltr'><strong>πρῶτον.</strong></span> <span class='ocrx_word' id='word_1_594' title='bbox 3342 3502 3654 3581; x_wconf 67' lang='grc' dir='ltr'><strong>Ἄνθρωπενά</strong></span> 
     </span>
    </p>
   </div>
   <div class='ocr_carea' id='block_1_82' title="bbox 2159 3592 3650 3676">
    <p class='ocr_par' dir='ltr' id='par_1_82' title="bbox 2159 3592 3650 3676">
     <span class='ocr_line' id='line_1_82' title="bbox 2159 3592 3650 3676; baseline -0.005 -18"><span class='ocrx_word' id='word_1_595' title='bbox 2159 3604 2319 3659; x_wconf 81' lang='grc' dir='ltr'><strong>τοῦτο</strong></span> <span class='ocrx_word' id='word_1_596' title='bbox 2344 3600 2433 3676; x_wconf 80' lang='grc' dir='ltr'><strong>ἦν,</strong></span> <span class='ocrx_word' id='word_1_597' title='bbox 2476 3606 2575 3663; x_wconf 72' lang='grc' dir='ltr'><strong>οὐκ</strong></span> <span class='ocrx_word' id='word_1_598' title='bbox 2609 3605 2676 3660; x_wconf 84' lang='grc' dir='ltr'><strong>ἂν</strong></span> <span class='ocrx_word' id='word_1_599' title='bbox 2728 3600 2797 3675; x_wconf 78' lang='grc' dir='ltr'><strong>ἦν</strong></span> <span class='ocrx_word' id='word_1_600' title='bbox 2826 3604 3021 3667; x_wconf 73' lang='grc' dir='ltr'><strong>ἀσεϐὲς</strong></span> <span class='ocrx_word' id='word_1_601' title='bbox 3071 3606 3412 3661; x_wconf 78' lang='grc' dir='ltr'><strong>ἐναλλάττειν</strong></span> <span class='ocrx_word' id='word_1_602' title='bbox 3450 3601 3533 3670; x_wconf 78' lang='grc' dir='ltr'><strong>τὴν</strong></span> <span class='ocrx_word' id='word_1_603' title='bbox 3561 3592 3650 3649; x_wconf 76' lang='grc' dir='ltr'><strong>Υιοῦ</strong></span> 
     </span>
    </p>
   </div>
   <div class='ocr_carea' id='block_1_83' title="bbox 2164 3687 3654 3768">
    <p class='ocr_par' dir='ltr' id='par_1_83' title="bbox 2164 3687 3654 3768">
     <span class='ocr_line' id='line_1_83' title="bbox 2164 3687 3654 3768; baseline -0.005 -17"><span class='ocrx_word' id='word_1_604' title='bbox 2164 3698 2258 3751; x_wconf 81' lang='grc' dir='ltr'><strong>καὶ</strong></span> <span class='ocrx_word' id='word_1_605' title='bbox 2290 3696 2611 3766; x_wconf 78' lang='grc' dir='ltr'><strong>Πνεὺματος</strong></span> <span class='ocrx_word' id='word_1_606' title='bbox 2647 3695 2825 3761; x_wconf 82' lang='grc' dir='ltr'><strong>τάξιν,</strong></span> <span class='ocrx_word' id='word_1_607' title='bbox 2859 3697 2954 3750; x_wconf 72' lang='grc' dir='ltr'><strong>καὶ</strong></span> <span class='ocrx_word' id='word_1_608' title='bbox 2982 3692 3049 3768; x_wconf 80' lang='grc' dir='ltr'><strong>ἦν</strong></span> <span class='ocrx_word' id='word_1_609' title='bbox 3075 3697 3145 3751; x_wconf 78' lang='grc' dir='ltr'><strong>ἂν</strong></span> <span class='ocrx_word' id='word_1_610' title='bbox 3206 3697 3314 3750; x_wconf 85' lang='grc' dir='ltr'><strong>τῶν</strong></span> <span class='ocrx_word' id='word_1_611' title='bbox 3372 3687 3654 3765; x_wconf 75' lang='grc' dir='ltr'><strong>ψευδομένων</strong></span> 
     </span>
    </p>
   </div>
   <div class='ocr_carea' id='block_1_84' title="bbox 2162 3777 3658 3859">
    <p class='ocr_par' dir='ltr' id='par_1_84' title="bbox 2162 3777 3658 3859">
     <span class='ocr_line' id='line_1_84' title="bbox 2162 3777 3658 3859; baseline -0.005 -18"><span class='ocrx_word' id='word_1_612' title='bbox 2162 3782 2463 3856; x_wconf 81' lang='grc' dir='ltr'><strong>Βασίλειος,</strong></span> <span class='ocrx_word' id='word_1_613' title='bbox 2494 3788 2606 3842; x_wconf 75' lang='grc' dir='ltr'><strong>οὐδ’</strong></span> <span class='ocrx_word' id='word_1_614' title='bbox 2646 3788 2848 3857; x_wconf 77' lang='grc' dir='ltr'><strong>ἐξῆπτε</strong></span> <span class='ocrx_word' id='word_1_615' title='bbox 2915 3789 3003 3844; x_wconf 82' lang='grc' dir='ltr'><strong>διὰ</strong></span> <span class='ocrx_word' id='word_1_616' title='bbox 3041 3790 3142 3843; x_wconf 79' lang='grc' dir='ltr'><strong>τοῦ</strong></span> <span class='ocrx_word' id='word_1_617' title='bbox 3180 3788 3344 3859; x_wconf 67' lang='grc' dir='ltr'><strong>μέσου</strong></span> <span class='ocrx_word' id='word_1_618' title='bbox 3394 3785 3450 3838; x_wconf 76' lang='grc' dir='ltr'><strong>τὸ</strong></span> <span class='ocrx_word' id='word_1_619' title='bbox 3501 3777 3658 3853; x_wconf 75' lang='grc' dir='ltr'><strong>πρῶτον</strong></span> 
     </span>
    </p>
   </div>
   <div class='ocr_carea' id='block_1_85' title="bbox 2160 3871 3657 3952">
    <p class='ocr_par' dir='ltr' id='par_1_85' title="bbox 2160 3871 3657 3952">
     <span class='ocr_line' id='line_1_85' title="bbox 2160 3871 3657 3952; baseline -0.004 -19"><span class='ocrx_word' id='word_1_620' title='bbox 2160 3881 2261 3952; x_wconf 77' lang='grc' dir='ltr'><strong>τὴν</strong></span> <span class='ocrx_word' id='word_1_621' title='bbox 2303 3881 2496 3952; x_wconf 85' lang='grc' dir='ltr'><strong>τρίτην</strong></span> <span class='ocrx_word' id='word_1_622' title='bbox 2521 3879 2698 3951; x_wconf 76' lang='grc' dir='ltr'><strong>φλόγα</strong></span> <span class='ocrx_word' id='word_1_623' title='bbox 2723 3882 2787 3932; x_wconf 75' lang='grc' dir='ltr'><strong>ἐκ</strong></span> <span class='ocrx_word' id='word_1_624' title='bbox 2806 3879 3124 3945; x_wconf 84' lang='grc' dir='ltr'><strong>διαδόσεως.</strong></span> <span class='ocrx_word' id='word_1_625' title='bbox 3161 3880 3232 3933; x_wconf 77' lang='grc' dir='ltr'><strong>Σὺ</strong></span> <span class='ocrx_word' id='word_1_626' title='bbox 3261 3879 3316 3933; x_wconf 77' lang='grc' dir='ltr'><strong>δὲ</strong></span> <span class='ocrx_word' id='word_1_627' title='bbox 3344 3876 3496 3932; x_wconf 84' lang='grc' dir='ltr'><strong>ταῦτα</strong></span> <span class='ocrx_word' id='word_1_628' title='bbox 3514 3871 3657 3937; x_wconf 70' lang='grc' dir='ltr'><strong>λέγων»</strong></span> 
     </span>
    </p>
   </div>
   <div class='ocr_carea' id='block_1_86' title="bbox 2162 3958 3658 4042">
    <p class='ocr_par' dir='ltr' id='par_1_86' title="bbox 2162 3958 3658 4042">
     <span class='ocr_line' id='line_1_86' title="bbox 2162 3958 3658 4042; baseline -0.001 -16"><span class='ocrx_word' id='word_1_629' title='bbox 2162 3974 2341 4026; x_wconf 84' lang='grc' dir='ltr'><strong>πάντα</strong></span> <span class='ocrx_word' id='word_1_630' title='bbox 2412 3971 2688 4042; x_wconf 79' lang='grc' dir='ltr'><strong>συγχέεις,</strong></span> <span class='ocrx_word' id='word_1_631' title='bbox 2733 3971 2829 4026; x_wconf 83' lang='grc' dir='ltr'><strong>καὶ</strong></span> <span class='ocrx_word' id='word_1_632' title='bbox 2863 3970 3102 4036; x_wconf 72' lang='grc' dir='ltr'><strong>ἀσεϐεῖς.</strong></span> <span class='ocrx_word' id='word_1_633' title='bbox 3132 3972 3241 4026; x_wconf 77' lang='grc' dir='ltr'><strong>Καὶ</strong></span> <span class='ocrx_word' id='word_1_634' title='bbox 3265 3969 3427 4023; x_wconf 86' lang='grc' dir='ltr'><strong>ταῦτα</strong></span> <span class='ocrx_word' id='word_1_635' title='bbox 3449 3964 3533 4035; x_wconf 69' lang='grc' dir='ltr'><strong>μὲν</strong></span> <span class='ocrx_word' id='word_1_636' title='bbox 3567 3958 3658 4025; x_wconf 60' lang='grc' dir='ltr'><strong>περὶ</strong></span> 
     </span>
    </p>
   </div>
   <div class='ocr_carea' id='block_1_87' title="bbox 2161 4045 3659 4132">
    <p class='ocr_par' dir='ltr' id='par_1_87' title="bbox 2161 4045 3659 4132">
     <span class='ocr_line' id='line_1_87' title="bbox 2161 4045 3659 4132; baseline -0.009 -15"><span class='ocrx_word' id='word_1_637' title='bbox 2161 4062 2376 4117; x_wconf 87' lang='grc' dir='ltr'><strong>τούτου·</strong></span> <span class='ocrx_word' id='word_1_638' title='bbox 2442 4061 2617 4116; x_wconf 82' lang='grc' dir='ltr'><strong>πολλὰ</strong></span> <span class='ocrx_word' id='word_1_639' title='bbox 2652 4059 2784 4115; x_wconf 77' lang='grc' dir='ltr'><strong>δ’άν</strong></span> <span class='ocrx_word' id='word_1_640' title='bbox 2855 4061 3116 4132; x_wconf 69' lang='grc' dir='ltr'><strong>εὑρήσοις</strong></span> <span class='ocrx_word' id='word_1_641' title='bbox 3168 4059 3232 4114; x_wconf 82' lang='grc' dir='ltr'><strong>σὺ</strong></span> <span class='ocrx_word' id='word_1_642' title='bbox 3282 4059 3346 4112; x_wconf 78' lang='grc' dir='ltr'><strong>ἐκ</strong></span> <span class='ocrx_word' id='word_1_643' title='bbox 3392 4045 3659 4109; x_wconf 64' lang='lat' dir='ltr'><strong>sobri-niti&quot;</strong></span> 
     </span>
    </p>
   </div>
   <div class='ocr_carea' id='block_1_88' title="bbox 2167 4171 2377 4226">
    <p class='ocr_par' dir='ltr' id='par_1_88' title="bbox 2167 4171 2377 4226">
     <span class='ocr_line' id='line_1_88' title="bbox 2167 4171 2377 4226; baseline -0.005 -17"><span class='ocrx_word' id='word_1_644' title='bbox 2167 4171 2377 4226; x_wconf 80' lang='grc' dir='ltr'><strong>αρχων.</strong></span> 
     </span>
    </p>
   </div>
   <div class='ocr_carea' id='block_1_89' title="bbox 558 4386 2051 4490">
    <p class='ocr_par' dir='ltr' id='par_1_89' title="bbox 558 4386 2051 4485">
     <span class='ocr_line' id='line_1_89' title="bbox 558 4386 1861 4409; baseline -0.002 -10"><span class='ocrx_word' id='word_1_645' title='bbox 558 4386 579 4394; x_wconf 79' lang='grc'><strong>-</strong></span> <span class='ocrx_word' id='word_1_646' title='bbox 611 4386 897 4409; x_wconf 53' lang='grc' dir='ltr'><strong>τηατ.--</strong></span> <span class='ocrx_word' id='word_1_647' title='bbox 935 4386 1140 4394; x_wconf 61' lang='grc' dir='ltr'><strong>---ν----</strong></span> <span class='ocrx_word' id='word_1_648' title='bbox 1850 4386 1861 4397; x_wconf 88' lang='grc'><strong>.</strong></span> 
     </span>
     <span class='ocr_line' id='line_1_90' title="bbox 558 4426 2051 4485; baseline 0.001 -2"><span class='ocrx_word' id='word_1_649' title='bbox 558 4429 652 4483; x_wconf 73' lang='lat'><strong>29.</strong></span> <span class='ocrx_word' id='word_1_650' title='bbox 685 4428 971 4484; x_wconf 87' lang='lat' dir='ltr'><strong>Undenam</strong></span> <span class='ocrx_word' id='word_1_651' title='bbox 1007 4443 1141 4483; x_wconf 83' lang='lat' dir='ltr'><strong>vero</strong></span> <span class='ocrx_word' id='word_1_652' title='bbox 1180 4426 1389 4484; x_wconf 60' lang='lat' dir='ltr'><strong>Grecis</strong></span> <span class='ocrx_word' id='word_1_653' title='bbox 1431 4428 1486 4482; x_wconf 95' lang='lat' dir='ltr'><strong>in</strong></span> <span class='ocrx_word' id='word_1_654' title='bbox 1514 4439 1762 4485; x_wconf 78' lang='lat' dir='ltr'><strong>mentem</strong></span> <span class='ocrx_word' id='word_1_655' title='bbox 1797 4428 1951 4484; x_wconf 80' lang='lat' dir='ltr'><strong>venit</strong></span> <span class='ocrx_word' id='word_1_656' title='bbox 1983 4446 2051 4484; x_wconf 91' lang='lat' dir='ltr'><strong>ar-</strong></span> 
     </span>
    </p>
   </div>
   <div class='ocr_carea' id='block_1_90' title="bbox 2153 4386 3657 4490">
    <p class='ocr_par' dir='ltr' id='par_1_90' title="bbox 2240 4402 3657 4490">
     <span class='ocr_line' id='line_1_91' title="bbox 2240 4402 3657 4490; baseline -0.01 -16"><span class='ocrx_word' id='word_1_657' title='bbox 2240 4419 2342 4477; x_wconf 87' lang='grc' dir='ltr'><strong>κθ⁹.</strong></span> <span class='ocrx_word' id='word_1_658' title='bbox 2388 4421 2597 4475; x_wconf 78' lang='grc' dir='ltr'><strong>Ἐκεῖνο</strong></span> <span class='ocrx_word' id='word_1_659' title='bbox 2631 4420 2689 4475; x_wconf 80' lang='grc' dir='ltr'><strong>δὲ</strong></span> <span class='ocrx_word' id='word_1_660' title='bbox 2724 4420 2892 4475; x_wconf 81' lang='grc' dir='ltr'><strong>πόθεν</strong></span> <span class='ocrx_word' id='word_1_661' title='bbox 2919 4420 3126 4490; x_wconf 69' lang='grc' dir='ltr'><strong>ἐπῆλθε</strong></span> <span class='ocrx_word' id='word_1_662' title='bbox 3192 4410 3557 4486; x_wconf 74' lang='grc' dir='ltr'><strong>συλλογίζεσθαι</strong></span> <span class='ocrx_word' id='word_1_663' title='bbox 3582 4402 3657 4461; x_wconf 75' lang='grc' dir='ltr'><strong>τοῖς</strong></span> 
     </span>
    </p>
   </div>
   <div class='ocr_carea' id='block_1_91' title="bbox 491 4516 2059 4588">
    <p class='ocr_par' dir='ltr' id='par_1_91' title="bbox 491 4516 2059 4588">
     <span class='ocr_line' id='line_1_92' title="bbox 491 4516 2059 4588; baseline 0.003 -19"><span class='ocrx_word' id='word_1_664' title='bbox 491 4517 822 4588; x_wconf 76' lang='lat' dir='ltr'><strong>gnmenlnri,</strong></span> <span class='ocrx_word' id='word_1_665' title='bbox 854 4519 964 4571; x_wconf 93' lang='lat' dir='ltr'><strong>duo</strong></span> <span class='ocrx_word' id='word_1_666' title='bbox 994 4516 1160 4571; x_wconf 81' lang='lat' dir='ltr'><strong>italos</strong></span> <span class='ocrx_word' id='word_1_667' title='bbox 1200 4517 1471 4587; x_wconf 89' lang='lat' dir='ltr'><strong>principia</strong></span> <span class='ocrx_word' id='word_1_668' title='bbox 1504 4518 1906 4573; x_wconf 79' lang='lat' dir='ltr'><strong>introducere?</strong></span> <span class='ocrx_word' id='word_1_669' title='bbox 1933 4534 2059 4574; x_wconf 89' lang='lat' dir='ltr'><strong>cum</strong></span> 
     </span>
    </p>
   </div>
   <div class='ocr_carea' id='block_1_92' title="bbox 492 4606 2063 4681">
    <p class='ocr_par' dir='ltr' id='par_1_92' title="bbox 492 4606 2063 4681">
     <span class='ocr_line' id='line_1_93' title="bbox 492 4606 2063 4681; baseline 0.002 -20"><span class='ocrx_word' id='word_1_670' title='bbox 492 4607 730 4663; x_wconf 76' lang='lat' dir='ltr'><strong>Basilius</strong></span> <span class='ocrx_word' id='word_1_671' title='bbox 754 4606 1011 4674; x_wconf 81' lang='lat' dir='ltr'><strong>fateatur;</strong></span> <span class='ocrx_word' id='word_1_672' title='bbox 1047 4606 1203 4673; x_wconf 82' lang='lat' dir='ltr'><strong>Quod</strong></span> <span class='ocrx_word' id='word_1_673' title='bbox 1238 4624 1332 4679; x_wconf 85' lang='lat' dir='ltr'><strong>per</strong></span> <span class='ocrx_word' id='word_1_674' title='bbox 1368 4607 1573 4663; x_wconf 84' lang='lat' dir='ltr'><strong>Filium</strong></span> <span class='ocrx_word' id='word_1_675' title='bbox 1602 4618 1697 4675; x_wconf 85' lang='lat' dir='ltr'><strong>est,</strong></span> <span class='ocrx_word' id='word_1_676' title='bbox 1739 4610 1793 4664; x_wconf 90' lang='lat' dir='ltr'><strong>in</strong></span> <span class='ocrx_word' id='word_1_677' title='bbox 1832 4610 2063 4681; x_wconf 83' lang='lat' dir='ltr'><strong>primam</strong></span> 
     </span>
    </p>
   </div>
   <div class='ocr_carea' id='block_1_93' title="bbox 493 4699 2064 4772">
    <p class='ocr_par' dir='ltr' id='par_1_93' title="bbox 493 4699 2064 4772">
     <span class='ocr_line' id='line_1_94' title="bbox 493 4699 2064 4772; baseline 0.001 -18"><span class='ocrx_word' id='word_1_678' title='bbox 493 4715 709 4754; x_wconf 72' lang='lat' dir='ltr'><strong>causam</strong></span> <span class='ocrx_word' id='word_1_679' title='bbox 742 4699 993 4769; x_wconf 78' lang='lat' dir='ltr'><strong>refertur.</strong></span> <span class='ocrx_word' id='word_1_680' title='bbox 1032 4700 1323 4765; x_wconf 83' lang='lat' dir='ltr'><strong>Quomodo</strong></span> <span class='ocrx_word' id='word_1_681' title='bbox 1351 4715 1485 4770; x_wconf 79' lang='lat' dir='ltr'><strong>ergo</strong></span> <span class='ocrx_word' id='word_1_682' title='bbox 1511 4700 1620 4756; x_wconf 89' lang='lat' dir='ltr'><strong>duo</strong></span> <span class='ocrx_word' id='word_1_683' title='bbox 1650 4700 1892 4772; x_wconf 87' lang='lat' dir='ltr'><strong>Spiritus</strong></span> <span class='ocrx_word' id='word_1_684' title='bbox 1912 4702 2064 4771; x_wconf 91' lang='lat' dir='ltr'><strong>prin-</strong></span> 
     </span>
    </p>
   </div>
   <div class='ocr_carea' id='block_1_94' title="bbox 494 4789 2063 4860">
    <p class='ocr_par' dir='ltr' id='par_1_94' title="bbox 494 4789 2063 4860">
     <span class='ocr_line' id='line_1_95' title="bbox 494 4789 2063 4860; baseline 0.001 -15"><span class='ocrx_word' id='word_1_685' title='bbox 494 4789 639 4859; x_wconf 77' lang='lat' dir='ltr'><strong>cipia</strong></span> <span class='ocrx_word' id='word_1_686' title='bbox 668 4790 843 4845; x_wconf 84' lang='lat' dir='ltr'><strong>sunt?</strong></span> <span class='ocrx_word' id='word_1_687' title='bbox 869 4789 1098 4856; x_wconf 81' lang='lat' dir='ltr'><strong>Quando</strong></span> <span class='ocrx_word' id='word_1_688' title='bbox 1139 4805 1273 4845; x_wconf 80' lang='lat' dir='ltr'><strong>vero</strong></span> <span class='ocrx_word' id='word_1_689' title='bbox 1306 4806 1400 4860; x_wconf 89' lang='lat' dir='ltr'><strong>per</strong></span> <span class='ocrx_word' id='word_1_690' title='bbox 1435 4791 1635 4846; x_wconf 89' lang='lat' dir='ltr'><strong>Filium</strong></span> <span class='ocrx_word' id='word_1_691' title='bbox 1661 4792 1844 4847; x_wconf 82' lang='lat' dir='ltr'><strong>omnia</strong></span> <span class='ocrx_word' id='word_1_692' title='bbox 1879 4801 2063 4848; x_wconf 85' lang='lat' dir='ltr'><strong>creata</strong></span> 
     </span>
    </p>
   </div>
   <div class='ocr_carea' id='block_1_95' title="bbox 496 4881 2064 4954">
    <p class='ocr_par' dir='ltr' id='par_1_95' title="bbox 496 4881 2064 4954">
     <span class='ocr_line' id='line_1_96' title="bbox 496 4881 2064 4954; baseline 0.003 -19"><span class='ocrx_word' id='word_1_693' title='bbox 496 4898 617 4936; x_wconf 85' lang='lat' dir='ltr'><strong>esse</strong></span> <span class='ocrx_word' id='word_1_694' title='bbox 646 4882 930 4946; x_wconf 71' lang='lat' dir='ltr'><strong>dicuntur,</strong></span> <span class='ocrx_word' id='word_1_695' title='bbox 952 4891 1008 4935; x_wconf 93' lang='lat' dir='ltr'><strong>et</strong></span> <span class='ocrx_word' id='word_1_696' title='bbox 1035 4881 1087 4934; x_wconf 92' lang='lat' dir='ltr'><strong>in</strong></span> <span class='ocrx_word' id='word_1_697' title='bbox 1114 4881 1347 4951; x_wconf 87' lang='lat' dir='ltr'><strong>Spiritu,</strong></span> <span class='ocrx_word' id='word_1_698' title='bbox 1375 4882 1702 4954; x_wconf 82' lang='lat' dir='ltr'><strong>objiciamus</strong></span> <span class='ocrx_word' id='word_1_699' title='bbox 1730 4897 1831 4938; x_wconf 87' lang='lat' dir='ltr'><strong>nos</strong></span> <span class='ocrx_word' id='word_1_700' title='bbox 1844 4899 2064 4954; x_wconf 86' lang='lat' dir='ltr'><strong>quoque</strong></span> 
     </span>
    </p>
   </div>
   <div class='ocr_carea' id='block_1_96' title="bbox 496 4971 2064 5039">
    <p class='ocr_par' dir='ltr' id='par_1_96' title="bbox 496 4971 2064 5039">
     <span class='ocr_line' id='line_1_97' title="bbox 496 4971 2064 5039; baseline 0.001 -12"><span class='ocrx_word' id='word_1_701' title='bbox 496 4972 703 5027; x_wconf 69' lang='lat' dir='ltr'><strong>Graecis</strong></span> <span class='ocrx_word' id='word_1_702' title='bbox 750 4971 972 5036; x_wconf 88' lang='lat' dir='ltr'><strong>similia,</strong></span> <span class='ocrx_word' id='word_1_703' title='bbox 1012 4982 1107 5027; x_wconf 89' lang='lat' dir='ltr'><strong>aut</strong></span> <span class='ocrx_word' id='word_1_704' title='bbox 1163 4988 1191 5027; x_wconf 91' lang='lat' dir='ltr'><strong>a</strong></span> <span class='ocrx_word' id='word_1_705' title='bbox 1230 4974 1405 5030; x_wconf 82' lang='lat' dir='ltr'><strong>tribus</strong></span> <span class='ocrx_word' id='word_1_706' title='bbox 1438 4976 1621 5030; x_wconf 88' lang='lat' dir='ltr'><strong>omnia</strong></span> <span class='ocrx_word' id='word_1_707' title='bbox 1673 4986 1854 5031; x_wconf 87' lang='lat' dir='ltr'><strong>creata</strong></span> <span class='ocrx_word' id='word_1_708' title='bbox 1900 4985 2064 5039; x_wconf 88' lang='lat' dir='ltr'><strong>sunt,</strong></span> 
     </span>
    </p>
   </div>
   <div class='ocr_carea' id='block_1_97' title="bbox 500 5061 2070 5121">
    <p class='ocr_par' dir='ltr' id='par_1_97' title="bbox 500 5061 2070 5121">
     <span class='ocr_line' id='line_1_98' title="bbox 500 5061 2070 5121; baseline 0.001 -4"><span class='ocrx_word' id='word_1_709' title='bbox 500 5069 599 5117; x_wconf 90' lang='lat' dir='ltr'><strong>aut</strong></span> <span class='ocrx_word' id='word_1_710' title='bbox 630 5062 698 5117; x_wconf 88' lang='lat' dir='ltr'><strong>ab</strong></span> <span class='ocrx_word' id='word_1_711' title='bbox 730 5061 880 5116; x_wconf 87' lang='lat' dir='ltr'><strong>uno?</strong></span> <span class='ocrx_word' id='word_1_712' title='bbox 910 5061 981 5118; x_wconf 91' lang='lat' dir='ltr'><strong>Ut</strong></span> <span class='ocrx_word' id='word_1_713' title='bbox 1010 5063 1077 5118; x_wconf 89' lang='lat' dir='ltr'><strong>ab</strong></span> <span class='ocrx_word' id='word_1_714' title='bbox 1104 5078 1214 5118; x_wconf 92' lang='lat' dir='ltr'><strong>uno</strong></span> <span class='ocrx_word' id='word_1_715' title='bbox 1237 5064 1425 5120; x_wconf 90' lang='lat' dir='ltr'><strong>dicent</strong></span> <span class='ocrx_word' id='word_1_716' title='bbox 1458 5065 1592 5121; x_wconf 88' lang='lat' dir='ltr'><strong>Deo.</strong></span> <span class='ocrx_word' id='word_1_717' title='bbox 1618 5064 1735 5120; x_wconf 84' lang='lat' dir='ltr'><strong>Non</strong></span> <span class='ocrx_word' id='word_1_718' title='bbox 1769 5066 1879 5119; x_wconf 90' lang='lat' dir='ltr'><strong>alio</strong></span> <span class='ocrx_word' id='word_1_719' title='bbox 1905 5064 2070 5120; x_wconf 91' lang='lat' dir='ltr'><strong>modo</strong></span> 
     </span>
    </p>
   </div>
   <div class='ocr_carea' id='block_1_98' title="bbox 504 5146 2072 5225">
    <p class='ocr_par' dir='ltr' id='par_1_98' title="bbox 504 5146 2072 5225">
     <span class='ocr_line' id='line_1_99' title="bbox 504 5146 2072 5225; baseline 0 -14"><span class='ocrx_word' id='word_1_720' title='bbox 504 5155 605 5211; x_wconf 83' lang='lat' dir='ltr'><strong>tibi</strong></span> <span class='ocrx_word' id='word_1_721' title='bbox 639 5165 695 5210; x_wconf 85' lang='lat' dir='ltr'><strong>et</strong></span> <span class='ocrx_word' id='word_1_722' title='bbox 740 5155 860 5224; x_wconf 88' lang='lat' dir='ltr'><strong>ipse</strong></span> <span class='ocrx_word' id='word_1_723' title='bbox 908 5156 1255 5225; x_wconf 87' lang='lat' dir='ltr'><strong>respondeo,</strong></span> <span class='ocrx_word' id='word_1_724' title='bbox 1306 5146 1577 5213; x_wconf 23' lang='lat' dir='ltr'><strong>veluti’ab</strong></span> <span class='ocrx_word' id='word_1_725' title='bbox 1609 5172 1721 5212; x_wconf 93' lang='lat' dir='ltr'><strong>uno</strong></span> <span class='ocrx_word' id='word_1_726' title='bbox 1766 5158 1878 5212; x_wconf 90' lang='lat' dir='ltr'><strong>Deo</strong></span> <span class='ocrx_word' id='word_1_727' title='bbox 1910 5158 2072 5213; x_wconf 85' lang='lat' dir='ltr'><strong>Patre</strong></span> 
     </span>
    </p>
   </div>
   <div class='ocr_carea' id='block_1_99' title="bbox 501 5246 2076 5317">
    <p class='ocr_par' dir='ltr' id='par_1_99' title="bbox 501 5246 2076 5317">
     <span class='ocr_line' id='line_1_100' title="bbox 501 5246 2076 5317; baseline 0 -16"><span class='ocrx_word' id='word_1_728' title='bbox 501 5255 558 5301; x_wconf 90' lang='lat' dir='ltr'><strong>et</strong></span> <span class='ocrx_word' id='word_1_729' title='bbox 593 5246 733 5301; x_wconf 83' lang='lat' dir='ltr'><strong>Filio</strong></span> <span class='ocrx_word' id='word_1_730' title='bbox 762 5246 1030 5317; x_wconf 86' lang='lat' dir='ltr'><strong>Spiritum</strong></span> <span class='ocrx_word' id='word_1_731' title='bbox 1064 5258 1315 5302; x_wconf 86' lang='lat' dir='ltr'><strong>sanctum</strong></span> <span class='ocrx_word' id='word_1_732' title='bbox 1358 5263 1499 5304; x_wconf 89' lang='lat' dir='ltr'><strong>esse.</strong></span> <span class='ocrx_word' id='word_1_733' title='bbox 1530 5248 1640 5304; x_wconf 85' lang='lat' dir='ltr'><strong>Sed</strong></span> <span class='ocrx_word' id='word_1_734' title='bbox 1675 5249 1880 5304; x_wconf 85' lang='lat' dir='ltr'><strong>inlcres</strong></span> <span class='ocrx_word' id='word_1_735' title='bbox 1909 5267 1922 5304; x_wconf 89' lang='lat'><strong>:</strong></span> <span class='ocrx_word' id='word_1_736' title='bbox 1954 5248 2076 5303; x_wconf 86' lang='lat' dir='ltr'><strong>Erit</strong></span> 
     </span>
    </p>
   </div>
   <div class='ocr_carea' id='block_1_100' title="bbox 505 5339 2074 5410">
    <p class='ocr_par' dir='ltr' id='par_1_100' title="bbox 505 5339 2074 5410">
     <span class='ocr_line' id='line_1_101' title="bbox 505 5339 2074 5410; baseline -0.001 -16"><span class='ocrx_word' id='word_1_737' title='bbox 505 5354 636 5410; x_wconf 77' lang='lat' dir='ltr'><strong>ergo</strong></span> <span class='ocrx_word' id='word_1_738' title='bbox 678 5347 735 5393; x_wconf 90' lang='lat' dir='ltr'><strong>et</strong></span> <span class='ocrx_word' id='word_1_739' title='bbox 762 5355 829 5392; x_wconf 81' lang='lat' dir='ltr'><strong>ex</strong></span> <span class='ocrx_word' id='word_1_740' title='bbox 860 5339 1072 5409; x_wconf 88' lang='lat' dir='ltr'><strong>seipso,</strong></span> <span class='ocrx_word' id='word_1_741' title='bbox 1105 5355 1228 5394; x_wconf 88' lang='lat' dir='ltr'><strong>cum</strong></span> <span class='ocrx_word' id='word_1_742' title='bbox 1261 5340 1428 5395; x_wconf 91' lang='lat' dir='ltr'><strong>etiam</strong></span> <span class='ocrx_word' id='word_1_743' title='bbox 1460 5339 1608 5396; x_wconf 88' lang='lat' dir='ltr'><strong>Deus</strong></span> <span class='ocrx_word' id='word_1_744' title='bbox 1638 5343 1707 5395; x_wconf 90' lang='lat' dir='ltr'><strong>sit</strong></span> <span class='ocrx_word' id='word_1_745' title='bbox 1744 5340 1860 5410; x_wconf 85' lang='lat' dir='ltr'><strong>ipse</strong></span> <span class='ocrx_word' id='word_1_746' title='bbox 1894 5339 2074 5410; x_wconf 86' lang='lat' dir='ltr'><strong>Spiri-</strong></span> 
     </span>
    </p>
   </div>
   <div class='ocr_carea' id='block_1_101' title="bbox 505 5431 2076 5501">
    <p class='ocr_par' dir='ltr' id='par_1_101' title="bbox 505 5431 2076 5501">
     <span class='ocr_line' id='line_1_102' title="bbox 505 5431 2076 5501; baseline 0 -16"><span class='ocrx_word' id='word_1_747' title='bbox 505 5439 615 5487; x_wconf 89' lang='lat' dir='ltr'><strong>tus.</strong></span> <span class='ocrx_word' id='word_1_748' title='bbox 650 5432 794 5498; x_wconf 86' lang='lat' dir='ltr'><strong>Quid</strong></span> <span class='ocrx_word' id='word_1_749' title='bbox 826 5433 1033 5501; x_wconf 83' lang='lat' dir='ltr'><strong>porro?</strong></span> <span class='ocrx_word' id='word_1_750' title='bbox 1066 5435 1261 5486; x_wconf 87' lang='lat' dir='ltr'><strong>Annon</strong></span> <span class='ocrx_word' id='word_1_751' title='bbox 1300 5432 1795 5500; x_wconf 78' lang='lat' dir='ltr'><strong>generatur~Filius</strong></span> <span class='ocrx_word' id='word_1_752' title='bbox 1823 5449 1888 5486; x_wconf 85' lang='lat' dir='ltr'><strong>ex</strong></span> <span class='ocrx_word' id='word_1_753' title='bbox 1919 5431 2076 5485; x_wconf 83' lang='lat' dir='ltr'><strong>Patre</strong></span> 
     </span>
    </p>
   </div>
   <div class='ocr_carea' id='block_1_102' title="bbox 508 5521 2079 5593">
    <p class='ocr_par' dir='ltr' id='par_1_102' title="bbox 508 5521 2079 5593">
     <span class='ocr_line' id='line_1_103' title="bbox 508 5521 2079 5593; baseline 0.001 -17"><span class='ocrx_word' id='word_1_754' title='bbox 508 5531 768 5593; x_wconf 86' lang='lat' dir='ltr'><strong>tanquam</strong></span> <span class='ocrx_word' id='word_1_755' title='bbox 798 5524 867 5577; x_wconf 89' lang='lat' dir='ltr'><strong>ab</strong></span> <span class='ocrx_word' id='word_1_756' title='bbox 899 5539 1011 5578; x_wconf 90' lang='lat' dir='ltr'><strong>uno</strong></span> <span class='ocrx_word' id='word_1_757' title='bbox 1042 5523 1175 5587; x_wconf 88' lang='lat' dir='ltr'><strong>Deo,</strong></span> <span class='ocrx_word' id='word_1_758' title='bbox 1209 5524 1356 5578; x_wconf 86' lang='lat' dir='ltr'><strong>Deus</strong></span> <span class='ocrx_word' id='word_1_759' title='bbox 1388 5532 1445 5578; x_wconf 90' lang='lat' dir='ltr'><strong>et</strong></span> <span class='ocrx_word' id='word_1_760' title='bbox 1476 5524 1593 5591; x_wconf 86' lang='lat' dir='ltr'><strong>ipse</strong></span> <span class='ocrx_word' id='word_1_761' title='bbox 1641 5523 1950 5578; x_wconf 80' lang='lat' dir='ltr'><strong>exsistens?</strong></span> <span class='ocrx_word' id='word_1_762' title='bbox 1971 5521 2079 5577; x_wconf 87' lang='lat' dir='ltr'><strong>Ge-</strong></span> 
     </span>
    </p>
   </div>
   <div class='ocr_carea' id='block_1_103' title="bbox 510 5615 2077 5685">
    <p class='ocr_par' dir='ltr' id='par_1_103' title="bbox 510 5615 2077 5685">
     <span class='ocr_line' id='line_1_104' title="bbox 510 5615 2077 5685; baseline 0.003 -20"><span class='ocrx_word' id='word_1_763' title='bbox 510 5623 734 5667; x_wconf 87' lang='lat' dir='ltr'><strong>neratur</strong></span> <span class='ocrx_word' id='word_1_764' title='bbox 762 5631 915 5685; x_wconf 83' lang='lat' dir='ltr'><strong>ergo,</strong></span> <span class='ocrx_word' id='word_1_765' title='bbox 950 5626 1010 5669; x_wconf 88' lang='lat' dir='ltr'><strong>ut</strong></span> <span class='ocrx_word' id='word_1_766' title='bbox 1057 5626 1146 5670; x_wconf 85' lang='lat' dir='ltr'><strong>tua</strong></span> <span class='ocrx_word' id='word_1_767' title='bbox 1178 5617 1357 5671; x_wconf 88' lang='lat' dir='ltr'><strong>oratio</strong></span> <span class='ocrx_word' id='word_1_768' title='bbox 1389 5616 1600 5671; x_wconf 88' lang='lat' dir='ltr'><strong>dictare</strong></span> <span class='ocrx_word' id='word_1_769' title='bbox 1633 5615 1870 5680; x_wconf 82' lang='lat' dir='ltr'><strong>videtur,</strong></span> <span class='ocrx_word' id='word_1_770' title='bbox 1904 5624 1962 5670; x_wconf 88' lang='lat' dir='ltr'><strong>et</strong></span> <span class='ocrx_word' id='word_1_771' title='bbox 2011 5631 2077 5669; x_wconf 79' lang='lat' dir='ltr'><strong>ex</strong></span> 
     </span>
    </p>
   </div>
   <div class='ocr_carea' id='block_1_104' title="bbox 513 5709 2074 5781">
    <p class='ocr_par' dir='ltr' id='par_1_104' title="bbox 513 5709 2074 5781">
     <span class='ocr_line' id='line_1_105' title="bbox 513 5709 2074 5781; baseline 0.004 -24"><span class='ocrx_word' id='word_1_772' title='bbox 513 5709 696 5764; x_wconf 84' lang='lat' dir='ltr'><strong>seiuso</strong></span> <span class='ocrx_word' id='word_1_773' title='bbox 748 5709 907 5762; x_wconf 72' lang='lat' dir='ltr'><strong>Nullo</strong></span> <span class='ocrx_word' id='word_1_774' title='bbox 930 5709 1091 5763; x_wconf 88' lang='lat' dir='ltr'><strong>modo</strong></span> <span class='ocrx_word' id='word_1_775' title='bbox 1111 5710 1163 5763; x_wconf 88' lang='lat' dir='ltr'><strong>id</strong></span> <span class='ocrx_word' id='word_1_776' title='bbox 1188 5710 1362 5778; x_wconf 76' lang='lat' dir='ltr'><strong>dices,</strong></span> <span class='ocrx_word' id='word_1_777' title='bbox 1386 5719 1471 5764; x_wconf 86' lang='lat' dir='ltr'><strong>sat</strong></span> <span class='ocrx_word' id='word_1_778' title='bbox 1493 5711 1628 5767; x_wconf 86' lang='lat' dir='ltr'><strong>scio.</strong></span> <span class='ocrx_word' id='word_1_779' title='bbox 1653 5711 1883 5781; x_wconf 85' lang='lat' dir='ltr'><strong>Propter</strong></span> <span class='ocrx_word' id='word_1_780' title='bbox 1908 5711 2074 5781; x_wconf 84' lang='lat' dir='ltr'><strong>quid?</strong></span> 
     </span>
    </p>
   </div>
   <div class='ocr_carea' id='block_1_105' title="bbox 2171 4495 3656 4584">
    <p class='ocr_par' dir='ltr' id='par_1_105' title="bbox 2171 4495 3656 4584">
     <span class='ocr_line' id='line_1_106' title="bbox 2171 4495 3656 4584; baseline -0.004 -18"><span class='ocrx_word' id='word_1_781' title='bbox 2171 4514 2448 4584; x_wconf 76' lang='grc' dir='ltr'><strong>Γραικοῖς,</strong></span> <span class='ocrx_word' id='word_1_782' title='bbox 2486 4513 2568 4566; x_wconf 85' lang='grc' dir='ltr'><strong>δτι</strong></span> <span class='ocrx_word' id='word_1_783' title='bbox 2601 4512 2825 4583; x_wconf 86' lang='grc' dir='ltr'><strong>διαρχία</strong></span> <span class='ocrx_word' id='word_1_784' title='bbox 2860 4509 3479 4583; x_wconf 53' lang='grc' dir='ltr'><strong>πρεσϐεύεταιἹταλοῖῃ</strong></span> <span class='ocrx_word' id='word_1_785' title='bbox 3513 4500 3565 4555; x_wconf 79' lang='grc' dir='ltr'><strong>Τὸ</strong></span> <span class='ocrx_word' id='word_1_786' title='bbox 3583 4495 3656 4560; x_wconf 69' lang='grc' dir='ltr'><strong>γὰρ</strong></span> 
     </span>
    </p>
   </div>
   <div class='ocr_carea' id='block_1_106' title="bbox 2172 4584 3658 4686">
    <p class='ocr_par' dir='ltr' id='par_1_106' title="bbox 2172 4584 3658 4686">
     <span class='ocr_line' id='line_1_107' title="bbox 2172 4584 3658 4686; baseline 0.011 -30"><span class='ocrx_word' id='word_1_787' title='bbox 2172 4603 2250 4658; x_wconf 82' lang='grc' dir='ltr'><strong>δι’</strong></span> <span class='ocrx_word' id='word_1_788' title='bbox 2289 4602 2449 4667; x_wconf 85' lang='grc' dir='ltr'><strong>Υίοῦ,</strong></span> <span class='ocrx_word' id='word_1_789' title='bbox 2483 4603 2619 4674; x_wconf 73' lang='grc' dir='ltr'><strong>φησὶ</strong></span> <span class='ocrx_word' id='word_1_790' title='bbox 2648 4602 2952 4669; x_wconf 82' lang='grc' dir='ltr'><strong>Βασίλειος,</strong></span> <span class='ocrx_word' id='word_1_791' title='bbox 3002 4605 3092 4671; x_wconf 74' lang='grc' dir='ltr'><strong>είς</strong></span> <span class='ocrx_word' id='word_1_792' title='bbox 3126 4601 3241 4670; x_wconf 79' lang='grc' dir='ltr'><strong>τὴν</strong></span> <span class='ocrx_word' id='word_1_793' title='bbox 3271 4584 3658 4686; x_wconf 29' lang='grc' dir='ltr'><strong>πρώτηνλαζτίίξν</strong></span> 
     </span>
    </p>
   </div>
   <div class='ocr_carea' id='block_1_107' title="bbox 2173 4681 3654 4767">
    <p class='ocr_par' dir='ltr' id='par_1_107' title="bbox 2173 4681 3654 4767">
     <span class='ocr_line' id='line_1_108' title="bbox 2173 4681 3654 4767; baseline -0.024 0"><span class='ocrx_word' id='word_1_794' title='bbox 2173 4696 2290 4765; x_wconf 80' lang='grc' dir='ltr'><strong>τὴν</strong></span> <span class='ocrx_word' id='word_1_795' title='bbox 2313 4696 2633 4765; x_wconf 75' lang='grc' dir='ltr'><strong>ἀναφορὰν</strong></span> <span class='ocrx_word' id='word_1_796' title='bbox 2647 4694 2795 4765; x_wconf 72' lang='grc' dir='ltr'><strong>ἔχει.</strong></span> <span class='ocrx_word' id='word_1_797' title='bbox 2831 4696 2954 4760; x_wconf 83' lang='grc' dir='ltr'><strong>Πῶς</strong></span> <span class='ocrx_word' id='word_1_798' title='bbox 2983 4696 3080 4751; x_wconf 82' lang='grc' dir='ltr'><strong>οῦν</strong></span> <span class='ocrx_word' id='word_1_799' title='bbox 3109 4695 3277 4767; x_wconf 79' lang='grc' dir='ltr'><strong>ἀρχαὶ</strong></span> <span class='ocrx_word' id='word_1_800' title='bbox 3317 4691 3403 4746; x_wconf 78' lang='grc' dir='ltr'><strong>δύο</strong></span> <span class='ocrx_word' id='word_1_801' title='bbox 3428 4684 3510 4741; x_wconf 86' lang='grc' dir='ltr'><strong>τοῦ</strong></span> <span class='ocrx_word' id='word_1_802' title='bbox 3536 4681 3654 4767; x_wconf 56' lang='lat' dir='ltr'><strong>avgu-</strong></span> 
     </span>
    </p>
   </div>
   <div class='ocr_carea' id='block_1_108' title="bbox 2180 4766 3652 4860">
    <p class='ocr_par' dir='ltr' id='par_1_108' title="bbox 2180 4766 3652 4860">
     <span class='ocr_line' id='line_1_109' title="bbox 2180 4766 3652 4860; baseline -0.023 -2"><span class='ocrx_word' id='word_1_803' title='bbox 2180 4805 2384 4860; x_wconf 85' lang='grc' dir='ltr'><strong>ματος;</strong></span> <span class='ocrx_word' id='word_1_804' title='bbox 2422 4787 2578 4843; x_wconf 80' lang='grc' dir='ltr'><strong>Ἐπεὶ</strong></span> <span class='ocrx_word' id='word_1_805' title='bbox 2602 4788 2658 4843; x_wconf 76' lang='grc' dir='ltr'><strong>δὲ</strong></span> <span class='ocrx_word' id='word_1_806' title='bbox 2689 4789 2757 4843; x_wconf 88' lang='grc' dir='ltr'><strong>δι’</strong></span> <span class='ocrx_word' id='word_1_807' title='bbox 2784 4788 2915 4842; x_wconf 88' lang='grc' dir='ltr'><strong>Υίοῦ</strong></span> <span class='ocrx_word' id='word_1_808' title='bbox 2937 4788 3007 4843; x_wconf 84' lang='grc' dir='ltr'><strong>τά</strong></span> <span class='ocrx_word' id='word_1_809' title='bbox 3038 4766 3214 4844; x_wconf 82' lang='grc' dir='ltr'><strong>πάντα</strong></span> <span class='ocrx_word' id='word_1_810' title='bbox 3246 4783 3467 4839; x_wconf 72' lang='grc' dir='ltr'><strong>ἐκτίσθαι</strong></span> <span class='ocrx_word' id='word_1_811' title='bbox 3510 4766 3652 4860; x_wconf 53' lang='grc' dir='ltr'><strong>φαμὲν.</strong></span> 
     </span>
    </p>
   </div>
   <div class='ocr_carea' id='block_1_109' title="bbox 2175 4859 3653 4962">
    <p class='ocr_par' dir='ltr' id='par_1_109' title="bbox 2175 4859 3653 4962">
     <span class='ocr_line' id='line_1_110' title="bbox 2175 4859 3653 4962; baseline -0.009 -26"><span class='ocrx_word' id='word_1_812' title='bbox 2175 4859 2312 4936; x_wconf 75' lang='grc' dir='ltr'><strong>ἀλλὰ</strong></span> <span class='ocrx_word' id='word_1_813' title='bbox 2344 4880 2436 4936; x_wconf 79' lang='grc' dir='ltr'><strong>καὶ</strong></span> <span class='ocrx_word' id='word_1_814' title='bbox 2465 4883 2522 4935; x_wconf 74' lang='grc' dir='ltr'><strong>ὲν</strong></span> <span class='ocrx_word' id='word_1_815' title='bbox 2544 4882 2847 4951; x_wconf 77' lang='grc' dir='ltr'><strong>Πνεῦματι,</strong></span> <span class='ocrx_word' id='word_1_816' title='bbox 2876 4881 3118 4950; x_wconf 76' lang='grc' dir='ltr'><strong>λεγέσθω</strong></span> <span class='ocrx_word' id='word_1_817' title='bbox 3142 4880 3232 4933; x_wconf 71' lang='grc' dir='ltr'><strong>καὶ</strong></span> <span class='ocrx_word' id='word_1_818' title='bbox 3261 4878 3383 4948; x_wconf 74' lang='grc' dir='ltr'><strong>ἡμῖν</strong></span> <span class='ocrx_word' id='word_1_819' title='bbox 3426 4869 3535 4962; x_wconf 54' lang='grc' dir='ltr'><strong>πρὸς</strong></span> <span class='ocrx_word' id='word_1_820' title='bbox 3565 4859 3653 4962; x_wconf 31' lang='lat' dir='ltr'><strong>&quot;tibi</strong></span> 
     </span>
    </p>
   </div>
   <div class='ocr_carea' id='block_1_110' title="bbox 2176 4956 3654 5043">
    <p class='ocr_par' dir='ltr' id='par_1_110' title="bbox 2176 4956 3654 5043">
     <span class='ocr_line' id='line_1_111' title="bbox 2176 4956 3654 5043; baseline -0.015 -18"><span class='ocrx_word' id='word_1_821' title='bbox 2176 4973 2445 5042; x_wconf 79' lang='grc' dir='ltr'><strong>Γραικοὺς</strong></span> <span class='ocrx_word' id='word_1_822' title='bbox 2469 4970 2536 5024; x_wconf 79' lang='grc' dir='ltr'><strong>τά</strong></span> <span class='ocrx_word' id='word_1_823' title='bbox 2566 4970 2752 5041; x_wconf 82' lang='grc' dir='ltr'><strong>ὅμοια,</strong></span> <span class='ocrx_word' id='word_1_824' title='bbox 2788 4971 2821 5041; x_wconf 76' lang='grc' dir='ltr'>ἦ</span> <span class='ocrx_word' id='word_1_825' title='bbox 2852 4970 2931 5034; x_wconf 82' lang='grc' dir='ltr'><strong>ὡς</strong></span> <span class='ocrx_word' id='word_1_826' title='bbox 2958 4970 3067 5024; x_wconf 72' lang='grc' dir='ltr'><strong>ἀπὸ</strong></span> <span class='ocrx_word' id='word_1_827' title='bbox 3093 4969 3262 5040; x_wconf 86' lang='grc' dir='ltr'><strong>τριῶν</strong></span> <span class='ocrx_word' id='word_1_828' title='bbox 3291 4967 3453 5019; x_wconf 77' lang='grc' dir='ltr'><strong>ἔκτισε</strong></span> <span class='ocrx_word' id='word_1_829' title='bbox 3481 4956 3654 5043; x_wconf 31' lang='grc' dir='ltr'><strong>τὰᾼσύιέο</strong></span> 
     </span>
    </p>
   </div>
   <div class='ocr_carea' id='block_1_111' title="bbox 2177 5040 3650 5131">
    <p class='ocr_par' dir='ltr' id='par_1_111' title="bbox 2177 5040 3650 5131">
     <span class='ocr_line' id='line_1_112' title="bbox 2177 5040 3650 5131; baseline -0.016 -16"><span class='ocrx_word' id='word_1_830' title='bbox 2177 5040 2377 5128; x_wconf 79' lang='grc' dir='ltr'><strong>παντα,</strong></span> <span class='ocrx_word' id='word_1_831' title='bbox 2408 5061 2442 5131; x_wconf 84' lang='grc' dir='ltr'>ἢ</span> <span class='ocrx_word' id='word_1_832' title='bbox 2475 5063 2551 5123; x_wconf 84' lang='grc' dir='ltr'><strong>ὼς</strong></span> <span class='ocrx_word' id='word_1_833' title='bbox 2581 5061 2690 5114; x_wconf 76' lang='grc' dir='ltr'><strong>ἀπὸ</strong></span> <span class='ocrx_word' id='word_1_834' title='bbox 2726 5040 2885 5129; x_wconf 78' lang='grc' dir='ltr'><strong>ενδς;</strong></span> <span class='ocrx_word' id='word_1_835' title='bbox 2938 5061 3028 5124; x_wconf 81' lang='grc' dir='ltr'><strong>Ὠς</strong></span> <span class='ocrx_word' id='word_1_836' title='bbox 3080 5061 3186 5113; x_wconf 77' lang='grc' dir='ltr'>ἀπὸ</span> <span class='ocrx_word' id='word_1_837' title='bbox 3215 5057 3326 5118; x_wconf 79' lang='grc' dir='ltr'><strong>ἑνός</strong></span> <span class='ocrx_word' id='word_1_838' title='bbox 3378 5063 3494 5118; x_wconf 82' lang='grc' dir='ltr'><strong>φησι</strong></span> <span class='ocrx_word' id='word_1_839' title='bbox 3537 5040 3650 5131; x_wconf 53' lang='grc' dir='ltr'><strong>Θεοξ-</strong></span> 
     </span>
    </p>
   </div>
   <div class='ocr_carea' id='block_1_112' title="bbox 2175 5125 3651 5233">
    <p class='ocr_par' dir='ltr' id='par_1_112' title="bbox 2175 5125 3651 5233">
     <span class='ocr_line' id='line_1_113' title="bbox 2175 5125 3651 5233; baseline 0.012 -24"><span class='ocrx_word' id='word_1_840' title='bbox 2175 5154 2333 5209; x_wconf 72' lang='grc' dir='ltr'><strong>οοτω</strong></span> <span class='ocrx_word' id='word_1_841' title='bbox 2364 5125 2444 5207; x_wconf 65' lang='lat' dir='ltr'><strong>.o;</strong></span> <span class='ocrx_word' id='word_1_842' title='bbox 2473 5152 2629 5227; x_wconf 77' lang='grc' dir='ltr'><strong>κάγῲ</strong></span> <span class='ocrx_word' id='word_1_843' title='bbox 2661 5154 2826 5221; x_wconf 82' lang='grc' dir='ltr'><strong>λέγω,</strong></span> <span class='ocrx_word' id='word_1_844' title='bbox 2862 5125 2942 5207; x_wconf 66' lang='grc' dir='ltr'><strong>ἑτι</strong></span> <span class='ocrx_word' id='word_1_845' title='bbox 2967 5155 3042 5216; x_wconf 81' lang='grc' dir='ltr'><strong>ὡς</strong></span> <span class='ocrx_word' id='word_1_846' title='bbox 3075 5153 3181 5206; x_wconf 82' lang='grc' dir='ltr'><strong>ἀπδ</strong></span> <span class='ocrx_word' id='word_1_847' title='bbox 3222 5149 3333 5210; x_wconf 65' lang='grc' dir='ltr'><strong>ἑνὸς</strong></span> <span class='ocrx_word' id='word_1_848' title='bbox 3359 5138 3477 5197; x_wconf 69' lang='grc' dir='ltr'><strong>θεοθ</strong></span> <span class='ocrx_word' id='word_1_849' title='bbox 3498 5125 3651 5233; x_wconf 49' lang='lat' dir='ltr'><strong>“mli?</strong></span> 
     </span>
    </p>
   </div>
   <div class='ocr_carea' id='block_1_113' title="bbox 2176 5228 3649 5323">
    <p class='ocr_par' dir='ltr' id='par_1_113' title="bbox 2176 5228 3649 5323">
     <span class='ocr_line' id='line_1_114' title="bbox 2176 5228 3649 5323; baseline -0.015 -21"><span class='ocrx_word' id='word_1_850' title='bbox 2176 5248 2271 5302; x_wconf 73' lang='grc' dir='ltr'><strong>καὶ</strong></span> <span class='ocrx_word' id='word_1_851' title='bbox 2326 5247 2457 5301; x_wconf 81' lang='grc' dir='ltr'><strong>Υἱοῦ</strong></span> <span class='ocrx_word' id='word_1_852' title='bbox 2515 5247 2578 5301; x_wconf 84' lang='grc' dir='ltr'><strong>τὸ</strong></span> <span class='ocrx_word' id='word_1_853' title='bbox 2641 5247 2861 5317; x_wconf 78' lang='grc' dir='ltr'><strong>Πνεῦμα</strong></span> <span class='ocrx_word' id='word_1_854' title='bbox 2905 5247 2965 5300; x_wconf 80' lang='grc' dir='ltr'><strong>τὸ</strong></span> <span class='ocrx_word' id='word_1_855' title='bbox 3020 5247 3191 5315; x_wconf 73' lang='grc' dir='ltr'><strong>ἆγιον.</strong></span> <span class='ocrx_word' id='word_1_856' title='bbox 3245 5234 3559 5295; x_wconf 76' lang='grc' dir='ltr'><strong>Ἀλλ⁹είποις,</strong></span> 
     </span>
    </p>
   </div>
   <div class='ocr_carea' id='block_1_114' title="bbox 2178 5303 3645 5410">
    <p class='ocr_par' dir='ltr' id='par_1_114' title="bbox 2178 5303 3645 5410">
     <span class='ocr_line' id='line_1_115' title="bbox 2178 5303 3645 5410; baseline -0.005 -16"><span class='ocrx_word' id='word_1_857' title='bbox 2178 5342 2334 5395; x_wconf 76' lang='grc' dir='ltr'><strong>ἔσται</strong></span> <span class='ocrx_word' id='word_1_858' title='bbox 2369 5341 2476 5410; x_wconf 81' lang='grc' dir='ltr'><strong>ἄρα</strong></span> <span class='ocrx_word' id='word_1_859' title='bbox 2502 5340 2597 5394; x_wconf 74' lang='grc' dir='ltr'><strong>καὶ</strong></span> <span class='ocrx_word' id='word_1_860' title='bbox 2635 5339 2694 5404; x_wconf 82' lang='grc' dir='ltr'><strong>ἐξ</strong></span> <span class='ocrx_word' id='word_1_861' title='bbox 2749 5303 2948 5393; x_wconf 71' lang='grc' dir='ltr'><strong>ἑαυτοῦ</strong></span> <span class='ocrx_word' id='word_1_862' title='bbox 2978 5303 3111 5401; x_wconf 71' lang='grc' dir='ltr'><strong>Θεδς</strong></span> <span class='ocrx_word' id='word_1_863' title='bbox 3167 5335 3226 5388; x_wconf 76' lang='grc' dir='ltr'><strong>ὃν</strong></span> <span class='ocrx_word' id='word_1_864' title='bbox 3258 5332 3314 5386; x_wconf 84' lang='grc' dir='ltr'><strong>τὸ</strong></span> <span class='ocrx_word' id='word_1_865' title='bbox 3360 5303 3645 5410; x_wconf 41' lang='grc' dir='ltr'><strong>[Μῶμε-’Ψ</strong></span> 
     </span>
    </p>
   </div>
   <div class='ocr_carea' id='block_1_115' title="bbox 2177 5395 3645 5499">
    <p class='ocr_par' dir='ltr' id='par_1_115' title="bbox 2177 5395 3645 5499">
     <span class='ocr_line' id='line_1_116' title="bbox 2177 5395 3645 5499; baseline -0.003 -17"><span class='ocrx_word' id='word_1_866' title='bbox 2177 5431 2264 5484; x_wconf 87' lang='grc' dir='ltr'><strong>δαί</strong></span> <span class='ocrx_word' id='word_1_867' title='bbox 2284 5448 2301 5498; x_wconf 81' lang='lat'><strong>;</strong></span> <span class='ocrx_word' id='word_1_868' title='bbox 2333 5395 2422 5484; x_wconf 46' lang='lat' dir='ltr'><strong>Ob.</strong></span> <span class='ocrx_word' id='word_1_869' title='bbox 2448 5395 2766 5499; x_wconf 72' lang='grc' dir='ltr'><strong>γεννᾶταιό</strong></span> <span class='ocrx_word' id='word_1_870' title='bbox 2799 5430 2926 5491; x_wconf 77' lang='grc' dir='ltr'><strong>Υἱὸς</strong></span> <span class='ocrx_word' id='word_1_871' title='bbox 2958 5429 3024 5482; x_wconf 84' lang='grc' dir='ltr'><strong>ὲκ</strong></span> <span class='ocrx_word' id='word_1_872' title='bbox 3084 5395 3177 5482; x_wconf 72' lang='grc' dir='ltr'><strong>τοῦ</strong></span> <span class='ocrx_word' id='word_1_873' title='bbox 3232 5418 3423 5489; x_wconf 82' lang='grc' dir='ltr'><strong>Πατρὸς</strong></span> <span class='ocrx_word' id='word_1_874' title='bbox 3463 5411 3523 5469; x_wconf 69' lang='grc' dir='ltr'>ὡς</span> <span class='ocrx_word' id='word_1_875' title='bbox 3568 5395 3645 5499; x_wconf 49' lang='lat'><strong>‘7‘?</strong></span> 
     </span>
    </p>
   </div>
   <div class='ocr_carea' id='block_1_116' title="bbox 2181 5484 3645 5588">
    <p class='ocr_par' dir='ltr' id='par_1_116' title="bbox 2181 5484 3645 5588">
     <span class='ocr_line' id='line_1_117' title="bbox 2181 5484 3645 5588; baseline -0.024 1"><span class='ocrx_word' id='word_1_876' title='bbox 2181 5484 2300 5586; x_wconf 65' lang='grc' dir='ltr'><strong>ἔνδὲ</strong></span> <span class='ocrx_word' id='word_1_877' title='bbox 2326 5484 2485 5587; x_wconf 57' lang='lat'><strong>9805&#39;,</strong></span> <span class='ocrx_word' id='word_1_878' title='bbox 2513 5521 2645 5584; x_wconf 79' lang='grc' dir='ltr'><strong>Θεὸς</strong></span> <span class='ocrx_word' id='word_1_879' title='bbox 2671 5484 2728 5574; x_wconf 82' lang='grc' dir='ltr'><strong>δὲ</strong></span> <span class='ocrx_word' id='word_1_880' title='bbox 2755 5521 2850 5576; x_wconf 77' lang='grc' dir='ltr'><strong>καὶ</strong></span> <span class='ocrx_word' id='word_1_881' title='bbox 2875 5484 3035 5585; x_wconf 65' lang='grc' dir='ltr'><strong>αῦτός</strong></span> <span class='ocrx_word' id='word_1_882' title='bbox 3058 5538 3072 5588; x_wconf 82' lang='grc'><strong>;</strong></span> <span class='ocrx_word' id='word_1_883' title='bbox 3117 5484 3362 5571; x_wconf 75' lang='grc' dir='ltr'><strong>Γεννᾶται</strong></span> <span class='ocrx_word' id='word_1_884' title='bbox 3406 5506 3495 5573; x_wconf 74' lang='grc' dir='ltr'><strong>ἄρα</strong></span> <span class='ocrx_word' id='word_1_885' title='bbox 3544 5484 3645 5547; x_wconf 71' lang='grc' dir='ltr'><strong>κατά</strong></span> 
     </span>
    </p>
   </div>
   <div class='ocr_carea' id='block_1_117' title="bbox 2164 5588 3640 5683">
    <p class='ocr_par' dir='ltr' id='par_1_117' title="bbox 2164 5588 3640 5683">
     <span class='ocr_line' id='line_1_118' title="bbox 2164 5588 3640 5683; baseline -0.001 -20"><span class='ocrx_word' id='word_1_886' title='bbox 2164 5632 2248 5683; x_wconf 81' lang='grc' dir='ltr'><strong>,γε</strong></span> <span class='ocrx_word' id='word_1_887' title='bbox 2282 5615 2373 5667; x_wconf 81' lang='grc' dir='ltr'><strong>τὸν</strong></span> <span class='ocrx_word' id='word_1_888' title='bbox 2401 5614 2491 5666; x_wconf 69' lang='grc' dir='ltr'><strong>σὶν</strong></span> <span class='ocrx_word' id='word_1_889' title='bbox 2526 5613 2680 5681; x_wconf 81' lang='grc' dir='ltr'><strong>λόγον</strong></span> <span class='ocrx_word' id='word_1_890' title='bbox 2736 5613 2830 5668; x_wconf 74' lang='grc' dir='ltr'><strong>καὶ</strong></span> <span class='ocrx_word' id='word_1_891' title='bbox 2859 5612 2918 5676; x_wconf 78' lang='grc' dir='ltr'><strong>ἐξ</strong></span> <span class='ocrx_word' id='word_1_892' title='bbox 2952 5609 3161 5666; x_wconf 80' lang='grc' dir='ltr'><strong>ἑαυτοῦ.</strong></span> <span class='ocrx_word' id='word_1_893' title='bbox 3197 5599 3433 5672; x_wconf 79' lang='grc' dir='ltr'><strong>Οὐδαμῶς</strong></span> <span class='ocrx_word' id='word_1_894' title='bbox 3479 5588 3640 5683; x_wconf 55' lang='grc' dir='ltr'><strong>φή⁰¹¹ξξ</strong></span> 
     </span>
    </p>
   </div>
   <div class='ocr_carea' id='block_1_118' title="bbox 2189 5664 3643 5778">
    <p class='ocr_par' dir='ltr' id='par_1_118' title="bbox 2189 5664 3643 5778">
     <span class='ocr_line' id='line_1_119' title="bbox 2189 5664 3643 5778; baseline -0.008 -15"><span class='ocrx_word' id='word_1_895' title='bbox 2189 5664 2307 5764; x_wconf 56' lang='lat' dir='ltr'><strong>aibat</strong></span> <span class='ocrx_word' id='word_1_896' title='bbox 2324 5664 2525 5772; x_wconf 70' lang='grc' dir='ltr'><strong>καλῶς.</strong></span> <span class='ocrx_word' id='word_1_897' title='bbox 2559 5664 2709 5763; x_wconf 60' lang='grc' dir='ltr'><strong>Δίᾆτε</strong></span> <span class='ocrx_word' id='word_1_898' title='bbox 2732 5664 2927 5777; x_wconf 53' lang='grc' dir='ltr'><strong>ξλιάτί</strong></span> <span class='ocrx_word' id='word_1_899' title='bbox 2947 5664 3068 5778; x_wconf 42' lang='lat' dir='ltr'><strong>ipsi;</strong></span> <span class='ocrx_word' id='word_1_900' title='bbox 3095 5701 3169 5774; x_wconf 81' lang='grc' dir='ltr'><strong>τῷ</strong></span> <span class='ocrx_word' id='word_1_901' title='bbox 3198 5664 3353 5768; x_wconf 43' lang='grc' dir='ltr'><strong>Πατρξὶ</strong></span> <span class='ocrx_word' id='word_1_902' title='bbox 3375 5686 3549 5752; x_wconf 74' lang='grc' dir='ltr'><strong>θεὸτηςν</strong></span> <span class='ocrx_word' id='word_1_903' title='bbox 3569 5664 3643 5739; x_wconf 60' lang='grc' dir='ltr'><strong>οὐχ</strong></span> 
     </span>
    </p>
   </div>
  </div>
