3902 6208
232 297 337 357 8Ξ5

1173 305 1270 363 DE
1316 303 1833 364 PROCESSIONE
1872 301 2228 362 SPlRlTUS
2271 300 2561 360 SANC’I‘l.

3394 305 3501 370 826

233 406 268 486 ᾖ
310 409 525 480 Θεότης,
563 412 752 484 Πατήρ
807 416 978 478 ἐστιν,
1035 413 1122 466 ἵνα
1181 417 1418 486 γεννήσῃ
1470 418 1563 468 καί
1596 417 1622 468 ὁ
1662 415 1812 478 Υἱὸς,

1930 413 2073 478 Quoi
2109 413 2303 476 duitas.
2335 427 2456 482 qua:
2486 412 2538 465 in
2574 411 2731 466 Patre
2756 422 2858 478 est,
2913 431 3021 468 non
3055 432 3160 485 qua
3194 418 3371 474 deitas
3395 434 3500 477 est.

237 502 351 558 ἀλλ’
439 507 625 572 γεννᾷ,
653 504 770 557 ἐστι
813 505 1026 573 Πατήρ.
1062 504 1294 575 Ὁμοίως
1324 519 1420 556 και
1447 509 1473 558 ὁ
1511 504 1699 574 Πατὴρ
1730 508 1821 558 καὶ

234 597 263 649 ὀ
291 597 440 662 Υἱὸς,
471 597 570 665 οὐχ
667 596 798 653 Θεὸς
838 596 1158 666 προϐάλλει,
1214 597 1303 649 ἵνα
1340 597 1594 669 προϐάλῃ
1625 600 1718 650 καὶ
1761 599 1822 650 τὸ

239 690 465 759 Πνεῦμα
499 691 662 742 ἑαυτὸ
694 689 824 751 Θεὸς
860 690 946 754 ὂν,
999 690 1114 744 ἀλλ’
1156 693 1202 742 εἰ
1258 691 1556 759 προϐάλλει
1616 692 1820 760 προϐο-

235 782 360 844 λεὺς
384 776 490 844 εἷς.
533 781 792 849 Λεγέσθω
827 782 883 835 δὲ
921 783 1014 835 καὶ
1053 769 1223 835 τοῦτο
1267 783 1688 854 ἐναργέστερον.
1747 784 1821 836 Τὸ

238 872 465 942 Πνεῦμα
491 874 834 942 διακρξνεται
867 876 1080 944 Πατρὸς
1111 877 1204 929 καὶ
1247 876 1378 929 Υἱοῦ
1436 877 1516 942 τῷ
1559 877 1824 947 ἐκπορευ-

235 965 344 1028 τῶς
386 959 550 1018 εἶναι.
583 965 736 1033 Ἔχει
762 965 818 1017 δὲ
850 965 950 1036 τὴν
984 966 1221 1038 ὕπαρξιν
1253 970 1318 1021 ὲκ
1338 969 1550 1038 Πατρὸς
1578 968 1646 1021 δι’
1668 969 1820 1035 Υἱοῦ,

235 1059 310 1118 ὼς
335 1057 447 1118 τοῖς
486 1055 660 1124 ἁγίοις
708 1057 1134 1126 τεοεολόγηται,
1187 1061 1285 1129 τῆς
1344 1060 1440 1114 διὰ
1482 1060 1669 1132 ὥσπερ
1727 1062 1822 1114 καὶ

237 1151 330 1201 ἐπὶ
355 1151 454 1216 τῆς
488 1147 744 1212 κτίσεως,
773 1153 868 1203 καὶ
907 1151 1006 1220 τὴν
1036 1152 1219 1204 αἰτίαν
1268 1153 1670 1224 σημαινούσης,
1723 1155 1821 1208 καὶ

235 1244 320 1304 εἰς
353 1241 415 1293 τὸ
462 1240 680 1310 πρῶτον
741 1242 1206 1312 ἁποπεμπούσης,
1231 1244 1306 1309 ὡς
1348 1246 1587 1315 εἴρηται.
1645 1247 1734 1316 Τῷ
1762 1247 1819 1300 δὲ

238 1330 458 1401 τρεπτῷ
485 1331 581 1382 καὶ
607 1329 886 1402 ἀλλοιωτῷ
922 1333 1291 1405 διαφερούσης
1345 1335 1455 1389 ἀπὸ
1507 1337 1602 1390 τοῦ
1638 1337 1816 1391 Πνεύ-

238 1439 409 1490 ματος
430 1422 527 1490 τῆς
563 1421 835 1502 ριτῐσεως,
893 1424 988 1476 καὶ
1046 1425 1193 1493 ὅμως
1226 1427 1288 1479 ού
1343 1425 1438 1481 δύο
1505 1428 1671 1498 ἁρχαὶ
1723 1429 1821 1482 τοῦ

238 1512 559 1583 Πνεύματος
584 1553 597 1575 ,
619 1513 775 1566 τοῦτο
813 1514 912 1584 μὲν
946 1515 1028 1568 ὅτι
1061 1518 1140 1578 et;
1175 1519 1266 1570 τὸν
1301 1517 1522 1588 Πατέρα
1551 1520 1820 1588 ἀναφέρε-

233 1624 326 1659 ται
363 1608 470 1659 πᾶν
499 1607 560 1659 τὸ
594 1605 687 1659 τοῦ
717 1608 1084 1673 Μονογενοῦς,
1142 1609 1306 1664 τοῦτο
1337 1610 1395 1664 δὲ
1423 1613 1506 1666 ὅτι
1568 1612 1598 1665 δ
1627 1609 1815 1682 Πατὴρ

235 1698 384 1750 καὶὸ
419 1696 544 1760 Υἱὸς
577 1697 638 1750 ού
663 1697 1034 1766 διακρίνονται
1077 1702 1145 1769 τῇ
1199 1701 1548 1771 ἐκπορεύσει.
1599 1703 1675 1756 οὐ
1722 1701 1816 1756 δύο

234 1788 347 1858 ἄρα
389 1790 533 1843 κατὰ
563 1789 622 1842 τὸ
654 1790 1008 1858 προϐάλλειν,
1069 1792 1184 1844 ἀλλ’
1210 1789 1312 1856 εἷς.
1392 1794 1482 1859 Ἐξ
1534 1788 1609 1850 ὧν
1653 1792 1820 1849 πάλιν

233 1879 430 1932 ἕπεται
460 1881 521 1932 τὸ
551 1880 641 1933 καὶ
672 1882 736 1933 ὲκ
762 1880 859 1934 τοῦ
889 1881 1021 1934 Υἱοῦ
1049 1877 1190 1936 εἷναι
1217 1887 1278 1935 τὸ
1305 1884 1550 1951 Πνεῦμα.
1585 1881 1683 1949 Ol;
1713 1885 1820 1955 γάρ

232 1986 359 2024 τινα
419 1973 478 2024 ὲν
537 1973 604 2041 τῇ
669 1971 861 2042 Τριάδι
914 1973 974 2026 οὐ
1007 1973 1372 2044 διακρίνεται,
1404 1975 1604 2038 ταῦτα,
1653 1979 1701 2031 εἰ
1743 1980 1820 2047 μὴ

236 2062 503 2131 σύγχυσιν
529 2061 766 2128 εἰσάγει,
795 2064 955 2117 κοινὰ
986 2066 1098 2124 τοῖς
1142 2064 1217 2135 μὴ
1240 2066 1702 2137 διακρινομένοις.
1743 2068 1819 2120 Οὐ

232 2155 610 2224 διακρίνονται
665 2155 720 2208 δὲ
751 2159 778 2210 ὁ
834 2159 1022 2229 Πατὴρ
1056 2161 1149 2211 καὶ
1193 2163 1220 2212 ὁ
1252 2159 1379 2222 Υἱὸς
1427 2165 1492 2231 τῇ
1551 2161 1820 2231 ἐκπορεύ-

238 2261 341 2296 σει.
394 2247 588 2298 Κοινδν
611 2247 719 2316 ἄρα
749 2249 826 2318 τῷ
864 2251 1041 2318 Πατρὶ
1073 2251 1167 2304 καὶ
1199 2252 1277 2320 τῷ
1330 2253 1442 2322 fit}:
1486 2256 1519 2322 ἠ
1552 2254 1824 2322 ἐκπορευ-

237 2352 348 2400 σις,
377 2337 452 2398 ὡς
482 2338 646 2408 ἁρχὴ,
680 2339 726 2391 εἰ
760 2341 836 2410 μὴ
873 2343 1086 2410 εἰσάγει
1131 2343 1414 2412 σύγχυσιν.
1443 2345 1560 2397 Οὐκ
1610 2345 1822 2411 εἰσάγει

236 2429 317 2493 δὲ,
365 2428 509 2481 ἀλλὰ
527 2431 727 2498 μᾶλλον
755 2433 848 2484 καὶ
899 2433 1105 2497 τάξεως
1153 2434 1568 2503 συντηρητικὸν.
1630 2435 1824 2487 Kmva

237 2520 366 2588 ἄρα.
412 2519 659 2589 Ἀληθεῐς
704 2522 762 2575 δὲ
794 2523 851 2575 αἱ
903 2525 1218 2592 προτάσεις.
1300 2525 1388 2577 Ἐν
1415 2524 1526 2595 γὰρ
1579 2528 1646 2594 τῇ
1702 2525 1823 2595 Θείᾳ

240 2610 404 2679 φύσει
439 2612 626 2680 ἑνότης
651 2613 873 2667 πάντων
931 2615 1184 2684 ἁνωτέρι
1236 2615 1542 2686 Θεωρείται,
1595 2618 1662 2686 ἦν
1709 2615 1824 2669 δια-

241 2705 426 2774 κρῖναι
449 2705 510 2756 ού
539 2706 783 2775 θεμιτὸν,
820 2710 868 2758 εἰ
913 2708 988 2776 μὴ
1020 2711 1132 2772 τοῖς
1165 2710 1488 2771 ὑποστάσεις
1525 2709 1824 2778 διακρίνειν

239 2797 722 2866 παραδεδομένας.
792 2797 850 2850 Ὀ
876 2799 1007 2866 γοῦν
1043 2799 1230 2870 Πατὴρ
1272 2802 1361 2852 καὶ
1415 2803 1442 2853 ὁ
1490 2801 1614 2862 Υἱὸς
1645 2803 1827 2852 ἓνείσι

243 2886 390 2937 κατὰ
435 2889 608 2938 πάντα
645 2887 884 2958 Θεότητι,
922 2889 1173 2953 δυνάμει,
1229 2890 1515 2961 ἁγιασμῷ,
1575 2884 1727 2958 ᾧτινι
1761 2891 1826 2942 ἂν

237 2975 442 3038 εἴποις.
475 2981 858 3049 Διακρίνονται
911 2981 991 3048 δὲ,
1031 2983 1112 3034 ὅτι
1168 2985 1196 3035 ὁ
1253 2987 1353 3052 μὲν
1388 2983 1680 3052 ἁγέννητος
1732 2981 1827 3036 καὶ

1930 507 2092 560 Pater
2122 515 2226 568 est,
2281 514 2338 557 ut
2371 515 2426 558 et
2459 505 2633 560 Filius
2669 515 2918 574 generet,
2969 511 3064 562 sed
3121 525 3227 578 qua
3278 523 3506 580 generat

1928 597 2090 652 Pater
2120 608 2226 651 est.
2263 597 2384 652 Pari
2427 597 2587 651 modo
2634 607 2688 652 et
2722 599 2881 651 Pater
2915 609 2970 652 et
3001 600 3173 654 Filius
3203 642 3215 663 ,
3253 618 3360 656 non
3397 619 3505 672 qua

1930 690 2074 744 Deus
2105 689 2438 757 producunt,
2474 698 2534 742 ut
2563 692 2835 758 producat
2875 699 2930 744 et
2960 690 3204 759 Spiritus
3234 695 3503 764 seipsum,

1927 797 2052 836 cum
2091 782 2236 834 Deus
2268 781 2362 843 sit,
2411 781 2506 835 sed
2545 796 2654 849 qua
2685 782 3004 849 producunt
3032 784 3335 852 productor
3363 801 3506 840 unus

1925 885 2030 929 est.
2061 872 2167 927 Sed
2200 873 2511 942 explicetur
2540 873 2592 926 id
2624 873 2995 928 manifestius.
3027 874 3272 943 Spiritus
3298 876 3506 932 discer-

1925 965 2078 1018 nitur
2104 978 2133 1016 a
2170 963 2330 1018 Patre
2365 972 2421 1016 et
2455 962 2619 1026 Filio,
2646 963 2793 1031 quod
2831 979 2929 1033 per
2954 966 3366 1032 processionem
3397 977 3502 1022 est.

1927 1051 2098 1107 liabet
2127 1068 2258 1107 vero
2284 1069 2437 1107 suam
2463 1054 2850 1109 exsistentiam
2880 1070 2945 1110 ex
2973 1055 3134 1110 Patre
3160 1072 3256 1124 per
3283 1057 3504 1123 Filium,

1925 1144 2398 1214 quemadmodum
2449 1161 2478 1199 a
2529 1147 2742 1200 sanctis
2773 1146 3032 1200 Patribus
3087 1150 3506 1216 pronuntiatur,

1925 1253 2019 1305 per
2051 1237 2437 1308 praepositione
2477 1237 2946 1306 quemadmodum
2979 1239 3032 1292 in
3083 1240 3366 1294 creatione
3389 1282 3404 1305 ,
3452 1253 3509 1296 et

1925 1344 2144 1384 causam
2181 1339 2540 1393 connotante,
2570 1339 2629 1384 et
2658 1330 2724 1383 ad
2771 1331 3013 1400 primum
3050 1331 3387 1400 principium
3423 1349 3507 1386 re-

1925 1420 2200 1483 mittente,
2231 1429 2290 1472 ut
2319 1434 2486 1488 supra
2521 1419 2729 1473 dictum
2763 1429 2870 1474 est.
2906 1419 3012 1475 Sed
3052 1421 3305 1474 mutabili
3343 1431 3508 1491 atque

1925 1510 2262 1565 incnnstanti
2295 1519 2547 1565 creatura
2576 1512 2760 1566 dill‘ert
2802 1528 2831 1565 a
2860 1511 3097 1581 Spiritu.
3128 1514 3194 1567 Et
3224 1514 3505 1567 nihilomi-

1926 1616 2030 1655 nus
2059 1616 2166 1654 non
2200 1612 2328 1654 sunt
2360 1601 2471 1653 duo
2507 1601 2778 1670 principia
2811 1601 3077 1671 Spiritus,
3106 1613 3220 1656 tum
3258 1607 3404 1673 quod
3437 1604 3506 1658 ad

1926 1689 2140 1745 Patrem
2197 1691 2500 1757 referatur,
2557 1691 2829 1761 quidquid
2887 1693 3165 1762 Unigeniti
3225 1704 3331 1759 est,
3390 1704 3504 1750 tum

1854 1782 1892 1836 Β
1923 1781 2069 1850 quod
2099 1780 2261 1836 Pater
2286 1795 2337 1836 et
2366 1782 2541 1837 Filius
2564 1782 2924 1851 processione
2955 1800 3065 1838 non
3093 1785 3504 1841 discernantur.

1923 1874 2044 1929 Non
2078 1885 2208 1929 sunt
2238 1890 2368 1945 ergo
2408 1873 2519 1928 duo
2575 1874 2628 1927 in
2665 1874 3028 1943 producendo
3051 1914 3068 1940 ,
3101 1878 3196 1930 sed
3229 1894 3406 1942 unus;
3436 1880 3508 1932 ob

1923 1981 2045 2036 quae
2074 1967 2274 2021 iterum
2311 1966 2605 2035 sequitur,
2651 1976 2706 2018 et
2733 1981 2810 2020 ex.
2849 1965 2988 2021 Filio
3040 1981 3163 2022 esse
3213 1968 3506 2038 Spiritum.

1923 2058 2138 2123 Quibus
2165 2061 2312 2113 enim
2348 2059 2535 2128 aliqua
2562 2059 2614 2110 in
2644 2058 2920 2113 Trinitate
2947 2062 3055 2113 non
3083 2059 3506 2125 discernuntur,

1923 2166 1986 2206 ea
2031 2151 2078 2204 si
2131 2151 2513 2205 confusionem
2545 2167 2654 2204 non
2696 2150 2961 2216 inferunt,
3009 2153 3322 2207 communia
3378 2163 3511 2206 sunt

1925 2244 1995 2296 iis
2024 2258 2146 2311 qua:
2181 2259 2289 2296 non
2319 2243 2742 2296 discernuntur.
2789 2242 2908 2296 Non
2946 2242 3342 2296 discernuntur
3374 2257 3507 2296 vero

1927 2335 2088 2389 Pater
2112 2344 2166 2388 et
2203 2335 2378 2388 Filius
2426 2337 2801 2402 proccssione.
2855 2334 3180 2389 Communis
3229 2347 3362 2402 ergo
3417 2343 3508 2386 est

1927 2425 2077 2480 Patri
2111 2433 2166 2479 et
2196 2424 2334 2478 Filio
2371 2425 2653 2493 processio
2694 2425 2864 2477 veluti
2903 2423 3271 2493 principium,
3304 2424 3349 2476 si
3377 2439 3512 2477 con-

1927 2516 2198 2569 fusionem
2234 2531 2340 2568 nun
2375 2514 2578 2578 infert;
2627 2526 2681 2568 at
2714 2532 2821 2568 non
2857 2515 3068 2580 infert,
3102 2517 3212 2569 imo
3247 2526 3300 2570 et
3351 2517 3513 2570 ordi-

1930 2622 2056 2661 nem
2102 2609 2282 2677 ipsnm
2323 2614 2643 2662 conservat.
2699 2607 2871 2674 Igitur
2926 2608 3239 2664 communis
3282 2618 3386 2664 est.
3441 2610 3510 2664 Et

1931 2714 2073 2753 verat
2103 2708 2232 2752 sunt
2259 2698 2702 2768 propositiones;
2755 2699 2808 2751 in
2840 2698 3028 2752 divina
3081 2699 3353 2765 siquidem
3408 2716 3507 2754 na-

1930 2801 2054 2843 tura
2088 2790 2271 2843 unitas
2304 2789 2550 2842 omnium
2583 2805 2843 2857 suprema
2889 2789 3300 2854 consideratur,
3335 2807 3500 2860 quam

1930 2882 2252 2936 discernere
2290 2880 2445 2934 nefas
2477 2892 2561 2935 est
2587 2921 2599 2940 .
2639 2881 2742 2934 nisi
2780 2880 2831 2934 id
2867 2891 3030 2951 agant
3073 2897 3134 2935 ea
3175 2884 3377 2950 quibus
3415 2883 3509 2953 hy-

1933 2981 2185 3044 pustases
2212 2973 2532 3028 discernere
2563 2972 2754 3025 datum
2782 2981 2883 3026 est.
2919 2973 3082 3026 Pater
3124 2976 3271 3028 enim
3319 2983 3374 3028 et
3421 2975 3510 3029 Fi-

239 3069 454 3136 γεννῶν
498 3071 588 3122 τὸν
627 3071 779 3134 rem,
807 3075 832 3126 ὁ
863 3071 920 3128 δὲ
958 3075 1212 3141 γεννητος
1265 3075 1413 3144 παρὰ
1447 3075 1536 3127 τοῦ
1594 3076 1823 3144 Πατρδς.

1933 3067 2042 3120 lius
2075 3081 2245 3118 unum
2277 3075 2403 3116 sunt
2434 3064 2739 3118 secundum
2771 3065 2978 3127 omnia,
3006 3064 3236 3128 deitate,
3265 3075 3507 3135 potesta-

252 3161 616 3231 Ἐκπορεύσει
651 3163 708 3215 δὲ
757 3164 878 3233 ἦτοι
911 3165 988 3235 τῷ
1012 3169 1220 3235 τρόπῳ,
1248 3160 1291 3234 ᾧ
1326 3168 1384 3219 τὸ
1425 3166 1650 3235 Πνεῦμα
1712 3168 1822 3237 ἔχει

237 3254 295 3306 τὸ
331 3249 492 3318 εἶναι,
523 3254 698 3318 οὐδεὶς
730 3251 850 3307 εἶπέ
886 3273 1038 3308 ποτε.
1073 3257 1206 3309 Οὐδὲ
1241 3262 1348 3327 γὰρ
1377 3259 1552 3309 εἰπεῖν
1579 3258 1822 3327 θεμιτὸν,

236 3344 312 3409 ὡς
349 3348 520 3417 ταύτῃ
544 3346 608 3416 δὴ
656 3350 720 3417 τῇ
756 3346 1080 3414 ὲκπορεύσει
1125 3349 1153 3400 ὁ
1182 3347 1368 3416 Πατὴρ
1421 3346 1518 3400 τοῦ
1553 3347 1702 3411 Υἱοῦ,
1732 3349 1766 3416 ἦ
1797 3348 1824 3398 ὁ

239 3437 370 3498 Υἱὸς
398 3437 490 3488 τοῦ
527 3438 741 3506 [ἰατρὸς
790 3437 1150 3506 διακρίνεται.
1215 3431 1309 3500 Οἷς
1364 3438 1419 3491 δέ
1463 3454 1584 3490 τινα
1643 3439 1700 3488 ὲν
1756 3437 1824 3506 τῇ

239 3530 439 3598 Τριάδι
500 3529 560 3580 ού
595 3529 958 3596 διακρίνεται,
1015 3529 1225 3592 τούτοις
1282 3529 1520 3582 ἑνοῦται.
1583 3527 1824 3598 Ἀνάγκη

239 3621 357 3690 ἄρα.
386 3621 536 3673 πᾶσα
562 3622 617 3671 ὲν
647 3620 725 3688 τῷ
762 3619 1094 3690 προϐάλλειν
1149 3620 1207 3671 ἓν
1254 3615 1393 3672 εἶναι
1451 3620 1543 3672 τὸν
1580 3617 1822 3688 Πατέρα,

241 3713 341 3765 καὶ
370 3712 459 3764 τὸν
504 3712 648 3777 Υἱὸν,
675 3714 764 3764 καὶ
799 3711 941 3764 οὕτω
974 3712 1294 3782 προϐάλλων
1323 3705 1426 3777 εἷς,
1459 3711 1551 3762 καὶ
1585 3708 1826 3779 προϐολὴ

244 3805 348 3871 μία
375 3803 465 3856 διὰ
495 3803 677 3870 τοῦτο,
709 3806 805 3856 καὶ
838 3805 1136 3875 προϐολεὺς
1170 3799 1272 3866 εἷς,
1314 3804 1407 3857 καὶ
1446 3801 1739 3872 πρόϐλημα
1771 3800 1828 3852 ἓν

241 3894 299 3946 τὸ
346 3894 568 3962 Πνεῦμα
592 3895 652 3946 τὸ
691 3894 853 3963 ἆγιεον
898 3894 957 3958 ἐξ
988 3895 1210 3964 ἀμφοῖν,
1262 3893 1335 3956 ὡς
1391 3893 1500 3948 ἀπὸ
1531 3893 1672 3956 ἑνὸς,
1731 3893 1828 3961 μιᾷ

244 3986 511 4056 προϐολῇ.
559 3986 741 4055 Ὅπερ
774 3986 831 4038 ἓν
872 3985 932 4038 ὃν
963 3987 1041 4056 τῷ
1100 3986 1279 4056 Πατρὶ
1326 3985 1420 4037 καὶ
1468 3984 1546 4054 τῷ
1603 3982 1716 4047 Υξῷ
1760 3984 1826 4052 τῇ

245 4078 486 4148 Θεὸτητι,
516 4078 929 4147 διακρινόμενον
962 4081 1020 4132 δὲ
1050 4081 1114 4148 τῇ
1148 4077 1412 4148 προϐολῇ,
1472 4075 1535 4128 οὐ
1567 4073 1829 4145 προϐαλεῖ

247 4170 433 4223 ἑαυτό.
492 4163 564 4241 ⁷ῼ
589 4171 698 4241 γάρ
753 4187 898 4234 τινος
950 4171 1311 4240 διακρίνεται,
1353 4171 1496 4222 κατὰ
1546 4168 1707 4220 τοῦτο
1769 4167 1828 4220 ἒν

244 4258 388 4316 εἶναι
417 4263 536 4332 μετ’
565 4263 730 4316 αὐτοῦ
759 4263 1042 4318 ἀδύνατον.
1115 4263 1348 4330 Συνάγει
1386 4261 1492 4331 γὰρ
1546 4260 1648 4330 τὴν
1683 4260 1832 4312 ἀντίη

243 4372 432 4424 φασιν.
469 4354 608 4409 Οὔτε
641 4357 746 4426 μὴν
778 4357 907 4410 ἄλλο
960 4356 1226 4426 προϐαλεῖ
1295 4354 1522 4423 Πνεῦμα
1575 4352 1828 4423 προθεως

1938 3168 2027 3221 te,
2087 3155 2568 3218 sanctificatione,
2622 3165 2678 3206 et
2739 3155 3008 3224 quidquid
3063 3156 3210 3209 aliud
3263 3157 3504 3211 dixeris.

1928 3247 2331 3301 Discernuntm
2369 3260 2521 3306 vero,
2561 3243 2706 3311 quod
2753 3243 2799 3297 is
2845 3245 3065 3312 quidem
3107 3244 3417 3314 ingenitus,
3451 3254 3508 3300 et

1927 3350 2197 3406 generans
2245 3333 2466 3395 Filium,
2524 3333 2613 3386 hic
2645 3348 2776 3386 vero
2824 3335 3070 3402 genitus,
3101 3346 3156 3389 et
3205 3336 3426 3404 genitus
3477 3353 3506 3391 a

1927 3427 2112 3480 Patre.
2152 3425 2352 3478 Verum
2394 3423 2787 3492 processione,
2823 3427 2940 3481 sive
2978 3428 3139 3481 modo
3184 3443 3294 3495 quo
3325 3428 3508 3502 Spiri-~

1930 3526 2019 3571 tus
2051 3517 2234 3577 habet,
2268 3517 2415 3585 quod
2451 3516 2544 3582 sit,
2586 3533 2752 3570 nemo
2786 3534 3028 3587 unquam
3062 3518 3374 3573 affirmavit.
3408 3519 3508 3572 Ne-

1929 3623 2034 3678 que
2069 3612 2216 3663 enim
2249 3609 2331 3664 fas
2360 3619 2445 3664 est
2496 3609 2704 3674 dicere,
2748 3610 2850 3664 hac
2899 3612 3252 3678 processione
3288 3611 3369 3664 vel
3406 3610 3508 3663 Pa-

1931 3712 2068 3756 trem
2102 3718 2130 3755 a
2164 3702 2324 3764 Filio,
2362 3703 2445 3757 vel
2487 3703 2685 3757 Filium
2719 3721 2748 3756 a
2777 3705 2943 3758 Patre
2987 3704 3257 3758 discerni.
3291 3704 3510 3770 Quibus

1929 3809 2062 3850 vero
2098 3793 2281 3863 aliqua
2327 3793 2383 3847 in
2432 3794 2708 3848 'l‘rinitate
2758 3810 2869 3849 non
2923 3794 3343 3862 discernuntur,
3396 3796 3510 3851 illis

1930 3887 2224 3942 uniuntur.
2253 3886 2434 3953 Quare
2463 3887 2690 3941 omnino
2727 3887 3103 3942 necessarium
3139 3886 3347 3953 fuerit,
3381 3904 3508 3943 cum

1933 3979 2267 4050 producunt,
2305 3994 2473 4032 unum
2501 3993 2623 4031 esse
2653 3979 2871 4032 Patrem
2919 3990 2975 4033 et
3023 3979 3246 4042 Filium,
3310 3991 3367 4036 et
3427 3981 3509 4036 sic

1915 4086 2077 4150 unus
2113 4069 2448 4140 producens,
2504 4079 2558 4122 et
2613 4079 2904 4138 propterea
2940 4071 3234 4140 productio
3301 4088 3406 4125 una
3454 4082 3511 4127 et

1933 4175 2078 4214 unus
2108 4160 2441 4229 productor,
2476 4168 2532 4212 et
2580 4159 2886 4228 productus
2925 4176 3066 4214 unus
3103 4160 3349 4230 Spiritus
3378 4177 3507 4216 san-

1931 4259 2053 4306 ctus
2079 4259 2146 4304 ab
2181 4261 2416 4320 utroque
2455 4261 2713 4318 tanquam
2746 4250 2816 4304 ab
2869 4266 2978 4304 uno
3004 4291 3019 4314 ,
3072 4252 3234 4306 unica
3303 4255 3510 4322 produ-

1933 4343 2140 4408 ctione,
2173 4343 2268 4412 qui
2307 4357 2449 4396 unus
2473 4357 2598 4396 cum
2630 4343 2703 4397 sit
2753 4359 2878 4398 cum
2923 4342 3086 4398 Patre
3131 4354 3188 4399 et
3221 4345 3362 4400 Filio
3397 4347 3514 4401 dei-

245 4449 515 4519 ρουμένης
544 4449 641 4518 τῆς
665 4448 937 4521 προϐολῆς
969 4451 1026 4501 ἐν
1059 4447 1234 4518 Πατρὶ
1259 4446 1351 4498 καὶ
1405 4445 1540 4515 Υῐῷ.
1561 4444 1678 4498 Ούκ
1724 4444 1823 4512 ἄρα

1943 4443 2051 4490 tate
2079 4474 2093 4498 ,
2136 4434 2436 4489 discretum
2485 4449 2623 4489 vero
2668 4435 3032 4504 productione
3075 4451 3184 4491 non
3242 4437 3514 4506 producet

240 4539 484 4611 διαρχία,
513 4540 640 4594 οὔτε
675 4541 784 4611 μὴν
815 4541 1123 4612 πολυαρχία
1149 4537 1518 4610 πρεσϐεύεται
1571 4536 1818 4600 Ἰταλοῖς,

241 4631 350 4684 οὐδ’
387 4631 581 4686 ἕπεται
638 4633 796 4686 τοῦτο
857 4635 970 4696 τοῖς
1019 4634 1196 4700 λόγοις
1252 4631 1456 4693 αὐτῶν,
1510 4629 1826 4684 τούναντίον

241 4720 286 4772 δ’
320 4722 471 4776 ἆπαν
500 4723 877 4788 ἁποσοϐεἷται,
915 4724 1009 4777 καὶ
1039 4723 1090 4776 εἰ
1122 4740 1174 4776 τι
1201 4723 1405 4777 ἄτοπον
1435 4723 1544 4784 τοῖς
1575 4719 1826 4791 Γραικῶν

243 4807 425 4875 λόγοις
456 4813 872 4883 ὲπεισφέρεται.

1932 4527 2196 4597 seipsum.
2245 4526 2365 4592 Quo
2405 4526 2554 4581 enim
2601 4526 2671 4579 ab
2720 4526 2906 4596 aliquo
2957 4527 3343 4594 discernitur,
3393 4530 3513 4585 fieri

1935 4634 2046 4673 non
2075 4627 2276 4687 potest,
2307 4626 2366 4672 ut
2398 4617 2454 4671 in
2485 4617 2592 4672 hoc
2619 4633 2789 4671 unum
2841 4633 2966 4672 cum
2995 4634 3064 4673 eo
3092 4621 3189 4674 sit.
3221 4620 3515 4691 Colligitur

1935 4712 2084 4767 enim
2109 4727 2178 4767 ex
2204 4710 2661 4765 contradictione.
2682 4711 2873 4780 Neque
2895 4721 3164 4781 praeterea
3196 4714 3365 4768 alium
3393 4715 3518 4784 Spi-

1938 4806 2106 4859 ritum
2140 4806 2427 4874 producet,
2460 4817 2586 4858 cum
2638 4805 2931 4873 productio
2963 4805 3423 4876 praeintelligatur
3458 4808 3517 4862 in

245 4905 404 4959 Patre
429 4912 483 4958 et
510 4905 671 4962 Filio.
703 4906 825 4961 Non
862 4921 996 4977 ergo
1025 4905 1138 4961 duo
1169 4903 1464 4977 principia,
1502 4919 1606 4960 nec
1652 4902 1826 4958 multa
1867 4899 1937 4956 ab
2007 4898 2160 4952 italis
2203 4898 2608 4968 importantur,
2646 4913 2827 4967 neque
2861 4898 2916 4953 id
2951 4914 3019 4954 ex
3084 4900 3397 4981 rationibus
3420 4915 3518 4955 eo-

245 5015 364 5054 rum
393 4999 772 5070 subsequitur,
809 5001 922 5054 imo
957 5009 1130 5055 totum
1171 5000 1489 5070 oppositum
1557 4997 1854 5061 refellitur,
1898 5003 1955 5049 et
1983 4993 2252 5064 quidquid
2319 4989 2547 5045 absurdi
2579 5007 2647 5046 ex
2680 4991 2997 5047 Grazcorum
3036 4993 3352 5049 rationibus
3381 5009 3516 5050 con-

243 5093 509 5148 cluditur.

312 5188 376 5241 λ’.
402 5190 502 5242 Διὰ
515 5187 670 5242 τοῦτο
693 5187 852 5258 ἡμεῖς
891 5186 989 5257 μὲν
1017 5188 1127 5249 τοῖς
1161 5185 1346 5254 ἁγίοις
1385 5184 1820 5254 ἁκολουθοῦμεν,

244 5281 395 5344 τάξιν
418 5282 558 5337 εἷναι
588 5283 646 5334 ὲν
675 5285 743 5351 τῇ
768 5281 966 5351 Τριάδι
1004 5279 1351 5342 πιστεύουσι,
1386 5282 1482 5331 καὶ
1526 5277 1824 5347 σύνδεσμον

247 5374 458 5444 Πατρδς
488 5376 581 5427 καὶ
614 5373 935 5444 Πνεύματος
957 5373 1050 5425 τὺν
1081 5371 1232 5436 Υἰον,
1283 5372 1380 5425 καὶ
1412 5370 1480 5423 δι’
1505 5365 1565 5424 οὗ
1589 5365 1734 5422 εἶναι
1768 5371 1826 5421 τι)

249 5465 489 5535 Πνεῦμα⁶
523 5466 680 5534 ὑμεῖς
707 5465 786 5529 δὲ,
815 5464 860 5516 ὣ
889 5463 988 5532 τῆς
1045 5464 1284 5534 ζημίαςῐ
1343 5463 1697 5530 ἀποστερεῖτε
1729 5460 1828 5528 τῆς

246 5558 445 5622 τάξ;ω;
480 5560 576 5630 τὴν
609 5560 839 5628 Τριάδιο
881 5563 978 5612 καὶ
1012 5557 1118 5611 νῦν
1142 5557 1240 5626 μὲν
1276 5555 1490 5625 Πατρὸς
1517 5556 1611 5608 καὶ
1646 5553 1822 5606 Πιθεύ-

249 5669 410 5718 ματο,
438 5654 527 5706 τὸν
559 5653 688 5705 Υἰὺν
726 5653 1046 5722 σύνδεσμον,
1108 5651 1202 5703 νῦν
1231 5651 1286 5702 δὲ
1324 5650 1385 5701 τὸ
1421 5648 1647 5711 Πνεῦμα
1714 5646 1824 5697 Πα-

248 5745 368 5811 τρδς
403 5749 495 5799 καὶ
534 5745 661 5798 Υἱοῦ
701 5745 978 5817 νομίζετε,
1028 5744 1168 5797 ὥστε
1233 5739 1370 5796 εἶναι
1424 5740 1553 5795 ποτὲ
1617 5739 1716 5810 μὲν
1765 5738 1826 5790 τὸ

2013 5183 2100 5237 50.
2147 5184 2444 5252 Propterea
2477 5197 2576 5236 nos
2609 5182 2860 5252 vestigiis
2905 5179 3127 5235 Patrum
3185 5180 3518 5245 insistimus.

1935 5279 2284 5333 credentium
2313 5279 2565 5334 ordinem
2605 5293 2747 5341 esse,
2769 5290 2824 5333 et
2857 5279 3058 5334 Filium
3092 5280 3272 5333 Patris
3304 5290 3359 5333 et
3392 5279 3516 5348 Spi-

1941 5373 2083 5425 ritus
2118 5372 2590 5442 conjunctionem,
2630 5387 2728 5441 per
2759 5387 2921 5440 quem
2953 5382 3009 5426 et
3037 5373 3282 5442 Spiritus
3314 5383 3420 5429 est.
3445 5375 3516 5426 At

1940 5480 2072 5526 vos.
2125 5465 2233 5519 beu
2277 5464 2511 5518 damna!
2559 5464 2892 5518 Trinitatem
2925 5465 3122 5520 ordine
3177 5465 3516 5521 denudatis:

1925 5565 1980 5611 et
2004 5571 2154 5611 nunc
2188 5555 2412 5626 quidem
2449 5555 2629 5610 Patris
2659 5564 2714 5610 et
2748 5553 2991 5625 Spiritus
3026 5556 3226 5610 Filium
3283 5558 3518 5628 conjun-

1926 5650 2170 5704 ctionem
2199 5688 2214 5715 ,
2267 5663 2414 5702 nunc
2443 5663 2572 5702 vero
2610 5647 2882 5717 Spiritum
2921 5650 3096 5703 Patris
3133 5657 3190 5703 et
3244 5649 3368 5702 Filii
3399 5649 3521 5718 opi-

1929 5738 2169 5807 namini;
2204 5737 2342 5795 adeo
2378 5747 2437 5794 ut
2484 5738 2784 5808 aliquando
2830 5740 2902 5794 sit
2951 5739 3193 5810 Spiritus
3235 5756 3300 5794 ex
3358 5742 3519 5796 Patre
