3902 6208
1212 291 1308 351 DE
1355 287 1514 348 UNA
1555 290 1651 348 ΕΤ
1687 291 2113 351 CATHOLICA
2154 293 2542 354 ECCLESIA.

238 437 704 450 —~..———-
722 436 1856 451 Μ*-

3378 296 3486 361 830

1355 600 1704 733 ΤΟΥ
1745 597 2356 733 ἈΥΤΟΥ

222 835 401 890 ΠΕΡΙ
442 837 578 888 ΤΗΣ
610 839 1124 892 ΕΚΙΙΟΡΕΥΣΕΩΣ
1150 835 1284 889 ΤΟΥ
1308 837 1521 889 ΑΓΙΟΥ
1543 835 2003 899 ΠΝΕΥΜΑΤΟΣ,
2037 823 2164 890 ΚΑΙ
2199 837 2372 895 ΠΕΡΙ
2407 840 2540 891 ΤΗΣ
2570 839 2766 903 ΜΙΑΣ,
2797 842 3044 901 ΑΓΙΑΣ,
3074 844 3493 896 ΚΛΘΟΛΙΚΗΣ

1625 926 2001 980 ΕΚΚΛΗΣῙΑ
2013 930 2076 980 Σ.

1807 1115 1870 1126 ..-

1527 1265 2168 1379 EIUSDEM

305 1454 414 1514 DE
443 1453 1033 1516 PROCESSIONE
1063 1450 1461 1514 SPIRITUS
1497 1450 1563 1510 S.
1598 1450 1715 1509 ET
1739 1450 1854 1509 DE
1889 1449 2456 1527 UNA,SANCTA,
2493 1450 2966 1515 CATIIOLICA
3003 1433 3445 1514 ECCLES!.-l.

303 1776 424 1838 Τοῖς
453 1777 506 1826 ἐν
537 1776 572 1827 ις
592 1777 728 1844 ρήτῃ
757 1774 924 1836 Θείοις
945 1774 1172 1843 ἀνδράσι
1205 1775 1583 1844 ίερομονάχοίς
1608 1792 1666 1827 τε
1696 1776 1792 1826 καὶ

1968 1767 2180 1823 Divinis
2199 1768 2538 1835 hominibus,
2565 1771 2658 1839 qui
2680 1770 2731 1823 in
2755 1769 2914 1825 Creta
2935 1771 3109 1825 insula
3135 1783 3278 1835 sunt.
3305 1774 3487 1827 biero-

226 1865 429 1936 ίερεῦσ;
459 1867 731 1935 Γεώργιος
756 1865 1192 1935 Τραπεζούντιος
1219 1863 1276 1920 εὖ
1305 1867 1567 1936 πράττειν
1602 1869 1660 1920 ὲν
1685 1868 1796 1919 Κυ-

224 1976 348 2028 ρῐῳο

291 2048 360 2104 α’.
400 2051 605 2117 Σίμων,
635 2048 990 2118 ίερομόναχος
1020 2048 1117 2117 τῆς
1146 2048 1252 2100 τῶν
1281 2051 1538 2118 κηρύκων
1566 2052 1792 2118 τάξεως,

220 2142 468 2208 ζηὶωῖὴς
491 2139 566 2192 ὢν
591 2141 698 2191 τῶν
726 2139 884 2193 θείων
909 2140 1217 2207 δογμάτων,
1238 2136 1402 2210 ἦλθεν
1435 2143 1514 2204 είς
1548 2141 1793 2212 Ῥώμην,

224 2232 290 2284 ἵν’
318 2233 440 2283 ὅσον
472 2231 726 2300 δυνηθείη
767 2233 821 2282 ὲν
857 2231 1043 2299 Κυρίῳ
1075 2232 1199 2293 τοὺς
1235 2231 1478 2301 Κρῆτας,
1519 2233 1641 2286 ὅθεν
1680 2233 1798 2284 ἐστὶ

220 2321 316 2374 καὶ
339 2321 523 2384 αὐτὸς,
557 2320 883 2387 ὠφελήσειε.
915 2321 1024 2374 Καὶ
1052 2323 1268 2389 πρῶτον
1300 2324 1400 2389 μὲν
1428 2323 1526 2390 τὴν
1567 2324 1799 2393 ἔρευναν

220 2431 280 2466 τε
310 2415 399 2465 καὶ
425 2412 608 2480 κρίσιν
635 2410 744 2464 τῶν
776 2415 832 2465 ἐν
879 2412 1090 2465 Ἑλλάδι
1128 2413 1424 2481 αίρετικῶν
1458 2414 1614 2465 ἔλαϐε
1648 2415 1798 2482 παρὰ

221 2507 317 2558 τιιῦ
369 2507 540 2576 ἄκρου
599 2508 924 2575 ἀρχιερέως·
985 2506 1180 2558 ἔπειτα
1230 2506 1288 2558 δὲ
1347 2506 1440 2559 καὶ
1493 2507 1799 2576 γράμματα

221 2599 378 2664 ἐδόοη
428 2597 578 2664 αὑτῴ
625 2598 775 2667 παρᾶ
808 2598 904 2649 τοῦ
947 2597 1110 2650 αὐτοῦ
1140 2598 1445 2668 ἀρχιερέοιις
1487 2600 1796 2669 διαλαμϐά-

221 2702 402 2749 νοντα,
438 2684 549 2736 δεῖν
595 2684 805 2747 πάντας
835 2687 960 2747 τοὺς
993 2686 1247 2754 Γραικῶν
1289 2689 1569 2758 ἀρχιερεῖς
1600 2707 1655 2742 τε
1703 2693 1796 2745 καὶ

222 2778 387 2847 ἱερεῖς
416 2777 640 2846 μνήμην
676 2777 949 2830 ποιεῖσθαι
989 2775 1082 2829 τοῦ
1120 2778 1318 2831 πάππα
1367 2782 1425 2832 ὲν
1469 2782 1590 2842 ταῖς
1624 2781 1797 2845 θείαις

218 2867 604 2937 λειτουργίαις,
644 2869 740 2920 καὶ
783 2868 846 2920 τὸ
891 2868 1048 2934 ᾰγιον
1085 2869 1362 2934 Σύμϐολον
1389 2871 1700 2936 ἀκολούθως
1729 2875 1793 2942 τῇ

231 2959 518 3027 Ῥωμαίων
557 2959 860 3028 Ἐκκλησία
907 2961 1176 3027 ὲκφωνείν
1214 2961 1357 3015 οὕτω
1383 2977 1394 2990 ⁸
1428 2961 1541 3015 Καὶ
1588 2966 1678 3028 εἰς
1729 2964 1794 3016 τὸ

217 3051 468 3120 Πνεῦμα
503 3051 569 3104 τό
604 3050 796 3117 ἅγιον,
834 3052 899 3103 τό
931 3052 1161 3120 κύριον,
1195 3055 1258 3105 τό
1295 3051 1599 3121 ζωοποιέν,
1634 3057 1699 3109 τὸ
1727 3056 1795 3110 ἐκ

216 3146 452 3212 Πατρός
478 3145 577 3198 καὶ
619 3142 754 3198 Υίοῦ
780 3145 1287 3215 ἐκπορευόμενον.
1329 3146 1470 3213 Ἐγὼ
1513 3147 1604 3200 οὖν
1640 3149 1794 3218 Κρὴς

209 3238 296 3292 ὢν
328 3240 422 3292 καὶ
465 3240 624 3302 αὐτὸς
655 3238 857 3306 ἀγαπῶ
891 3239 1036 3306 ὑμᾶς
1083 3239 1177 3291 καὶ
1223 3239 1447 3306 ἐφίεμαι
1481 3240 1580 3305 τῆς
1619 3257 1793 3310 σωτη·

214 3331 341 3400 pia;
371 3331 526 3402 ὑμῶν
555 3332 628 3394 ὡς
669 3330 814 3383 ἰδίων
844 3329 1028 3400 πολλῷ
1062 3330 1268 3398 μᾶλλον
1329 3331 1439 3382 τῶν
1464 3330 1663 3384 ἄλλων.
1694 3332 1794 3384 Διά

211 3422 376 3476 τοῦτο
417 3407 646 3493 ⁴γράψαι
695 3425 833 3494 πρὸς
870 3424 1015 3492 ὑμᾶς
1047 3424 1235 3494 ᾠήθην
1263 3424 1374 3476 δεῖν
1405 3425 1506 3476 οὐκ
1537 3425 1593 3475 ὲν
1629 3426 1794 3494 σοφίᾳ

214 3515 396 3581 λόγων
444 3506 829 3584 ἀνθρωπίνολν,
861 3514 976 3566 ἀλλ’
1005 3517 1065 3566 ἐν
1112 3514 1376 3584 ἁπλότητι
1411 3513 1670 3582 ἀληθείας
1700 3514 1794 3567 καὶ

213 3608 503 3678 ἀκριϐείας
557 3609 869 3676 δογμάτων,
936 3609 1064 3661 ὅσον
1111 3609 1234 3678 ἐμοὶ
1282 3607 1522 3676 ἐφικτόν.
1571 3608 1794 3678 Πρῶτον

213 3699 312 3754 οὖν
357 3703 482 3770 περὶ
509 3701 606 3771 τῆς
633 3701 730 3755 τοῦ
781 3703 941 3770 ἁγίου
978 3701 1294 3769 Πνεύματος
1332 3699 1481 3762 Θείας
1523 3697 1793 3768 ἐκπορεύ-

215 3812 356 3856 σεως
382 3795 538 3862 ὀλίγα
573 3794 793 3864 ῥητέον,
827 3789 946 3847 εἶτα
977 3793 1069 3848 καὶ
1115 3797 1239 3864 περὶ
1293 3790 1390 3844 τοῦ
1443 3789 1790 3864 μνημοσύνου

213 3883 313 3935 τοῦ
345 3884 519 3955 ἄκρου
549 3885 876 3955 ἀρχιερέως.

293 4148 356 4218 β’.
403 4150 474 4202 Τὸ
511 4149 637 4217 περὶ
666 4148 765 4216 τῆς
803 4147 1184 4217 ὲκπορεὺοεως
1213 4147 1310 4200 τοῦ
1349 4148 1508 4216 ἁγίου
1539 4148 1791 4217 Πνεῦμα-

214 4256 307 4302 τος
355 4237 577 4307 ζήτημα
609 4238 767 4308 δῆλόν
797 4238 945 4289 ἐστιν
993 4237 1220 4300 ἅπασιν,
1252 4236 1326 4298 ὡς
1371 4235 1605 4305 ὥρισται
1639 4235 1793 4304 παρά

130 4335 136 4340 ’
218 4331 319 4399 τῆς
349 4332 404 4383 ὲν
431 4331 742 4400 Φλωρεντία
775 4330 926 4400 ἱερᾶς
962 4328 1057 4381 καὶ
1087 4328 1382 4398 καθολικῆς
1423 4327 1667 4391 συνόδου,
1697 4326 1793 4379 καὶ

1823 3101 1870 3160 Β

1905 1859 2191 1914 monachis
2246 1869 2303 1913 et
2343 1861 2725 1916 sacerdotibus
2764 1859 3031 1930 Georgius
3085 1861 3488 1933 Trapezuutius

1904 1952 2043 2006 bene
2078 1968 2240 2022 agere
2273 1953 2327 2005 in
2362 1954 2612 2008 Domino.

1977 2045 2030 2098 l.
2075 2045 2266 2099 Simon
2317 2046 2787 2102 hieromonaebus
2818 2064 2886 2103 ex
2934 2049 3357 2118 praedicatorum
3392 2063 3484 2102 or-

1902 2135 2226 2200 dine,cum
2276 2137 2582 2206 impensius
2635 2141 2755 2194 zelo
2803 2140 3120 2194 divinorum
3163 2139 3481 2209 dogmatum

1901 2226 2310 2292 exardesceret,
2342 2228 2571 2282 Romam
2605 2231 2761 2294 adiit,
2811 2239 2870 2283 ut
2917 2246 3017 2298 pro
3048 2231 3258 2284 viribus
3287 2231 3339 2284 in
3380 2232 3486 2284 Do-

1903 2319 2054 2371 mino
2087 2317 2407 2381 Cretenses,
2440 2320 2724 2374 Cretensis
2755 2322 2902 2390 ipse,
2931 2322 3236 2390 adiuvaret.
3278 2322 3341 2374 Et
3371 2323 3484 2390 pri-

1904 2423 2052 2462 mum
2085 2408 2308 2477 quidem
2353 2411 2645 2478 inquisitio
2679 2420 2735 2465 ct
2788 2411 3058 2480 judicium
3090 2411 3156 2463 de
3186 2411 3479 2475 ltzereticis,

1901 2501 1994 2570 qui
2030 2501 2083 2554 in
2121 2499 2330 2554 Graecia
2367 2501 2592 2571 degunt,
2629 2502 2705 2556 illi
2747 2519 2776 2556 a
2807 2517 3024 2556 summo
3055 2502 3314 2569 pontiiice
3347 2517 3483 2555 con-

1901 2594 2111 2647 credita
2150 2603 2301 2647 sunt.
2342 2593 2487 2647 Data:
2513 2593 2714 2648 deinde
2762 2595 2962 2649 litterae
2991 2595 3060 2648 ab
3109 2594 3300 2648 eodem
3345 2609 3482 2664 pon-

1902 2683 2067 2746 tilice,
2099 2683 2304 2752 quibus
2336 2684 2791 2753 prteeipiebatur,
2833 2695 2892 2739 ut
2927 2685 3099 2740 Graeci
3129 2702 3320 2739 omnes
3365 2697 3478 2740 tum

1899 2776 2177 2828 antistites
2200 2816 2212 2838 ,
2241 2787 2356 2830 tum
2382 2776 2698 2832 sacerdotes
2725 2779 3307 2833 commemorationem
3332 2795 3483 2848 papa:

1900 2862 2045 2915 inter
2076 2865 2367 2918 missarum
2413 2881 2566 2920 sacra
2597 2867 2859 2920 solemnia
2895 2868 3071 2921 modis
3122 2868 3376 2922 omnibus
3406 2868 3484 2922 fa-

1898 2967 2080 3008 cerent
2110 2972 2124 3018 ;
2161 2963 2216 3009 et
2251 2972 2468 3011 sacrum
2495 2957 2843 3027 Symbolum,
2865 2975 3021 3026 teque
3043 2968 3208 3029 atque
3236 2960 3480 3013 Romana

1899 3044 2146 3098 Ecclesia
2169 3087 2183 3109 ,
2223 3047 2370 3101 hunc
2406 3048 2459 3101 in
2514 3047 2752 3103 moduur
2778 3051 3075 3104 recitarent
3111 3067 3126 3104 :
3166 3050 3232 3103 Et
3266 3052 3321 3103 in
3358 3051 3481 3119 Spi-

1899 3138 2060 3190 ritum
2092 3149 2338 3192 sanctum
2373 3140 2657 3194 Dominum
2687 3181 2701 3201 ,
2758 3151 2808 3195 et
2849 3142 3226 3209 viviﬁcantem,
3285 3145 3375 3212 qui
3417 3160 3481 3196 ex

1901 3227 2064 3283 Patre
2113 3232 2358 3302 Filioque
2391 3236 2645 3303 procedit.
2684 3235 2798 3304 Ego
2855 3235 3041 3304 itaque
3092 3235 3378 3292 Cretensis
3425 3248 3481 3291 et

1897 3320 2034 3390 ipse,
2088 3322 2258 3394 diligo
2315 3339 2447 3391 vos,
2522 3336 2875 3395 vestramque
2927 3328 3160 3381 salutem
3217 3339 3478 3396 tanquam

1896 3413 2290 3482 propriorum,
2347 3416 2471 3469 aliis
2529 3417 2746 3472 avidius
2808 3419 3224 3488 impensiusque
3293 3421 3474 3488 cupio.

1895 3503 2301 3575 Proptereaque
2354 3509 2421 3562 ad
2473 3525 2569 3563 vos
2617 3508 2866 3562 scribere
2928 3511 3304 3584 necessarium
3354 3527 3477 3566 esse

1897 3595 2048 3659 duxi,
2081 3613 2188 3650 non
2218 3599 2273 3652 in
2309 3601 2578 3669 sapientia
2610 3601 2978 3655 humanorum
3009 3617 3350 3668 sermonum,
3379 3603 3475 3657 sed

1896 3689 1949 3742 in
1983 3689 2337 3758 simplicitate
2400 3693 2652 3746 veritatis
2691 3701 2748 3746 et
2772 3693 3106 3748 ccrtitudine
3133 3693 3471 3763 dogmatum,

1895 3789 2161 3848 quantum
2217 3782 2352 3835 mibi
2407 3799 2733 3838 concessum
2773 3784 2963 3840 fuerit.
3010 3786 3151 3840 Ante
3195 3785 3299 3840 alia
3343 3801 3476 3856 ergo

1896 3887 2068 3941 pauca
2102 3873 2351 3942 quaedam
2383 3874 2451 3929 de
2481 3876 2668 3930 divina
2705 3879 3064 3946 processione
3113 3880 3288 3932 sancti
3346 3879 3467 3947 Spi-

1899 3968 2036 4019 ritus
2087 3966 2444 4023 edisserenda
2493 3978 2623 4022 sunt
2655 3990 2666 4022 :
2700 3979 2814 4022 tum
2843 3969 2911 4023 de
2948 3972 3476 4026 commemoratione

1895 4057 2096 4111 summi
2130 4057 2404 4126 pontiﬁcis
2429 4073 2741 4114 sermonem
2769 4061 2989 4116 addant.

1967 4148 2019 4199 2.
2062 4147 2137 4201 De
2170 4149 2529 4216 processione
2563 4149 2805 4218 Spiritus
2831 4153 3002 4207 sancti
3031 4154 3334 4223 quaestione
3357 4170 3475 4208 om-

1898 4238 2062 4292 nibus
2099 4238 2418 4304 innotescit,
2465 4254 2566 4309 per
2602 4257 2814 4296 sacram
2849 4254 2903 4298 et
2949 4245 3311 4300 universalcm
3350 4245 3474 4300 Flo-

1896 4328 2166 4382 rentinam
2200 4329 2470 4399 synodum
2511 4331 2798 4386 deﬁnitum
2829 4348 2974 4398 esse,
3008 4336 3255 4405 nullique
3303 4336 3472 4390 licere

214 4421 278 4475 οὑ
331 4421 412 4474 δεῖ
461 4419 848 4490 ἀμφισϐητεῖν,
891 4419 973 4472 ὅτι
1025 4419 1087 4472 τὸ
1137 4419 1207 4473 ἐκ
1263 4419 1491 4486 Πατρός
1526 4418 1602 4472 δι’
1651 4417 1789 4471 Υἱοῦ

1901 4422 2244 4488 addubitare,
2279 4441 2448 4479 unum
2484 4427 2742 4497 idemque
2785 4444 2927 4495 esse,
2965 4430 3174 4497 dicere,
3234 4430 3317 4483 Εςε
3364 4431 3474 4484 Pu-

215 4513 398 4579 λέγειν
448 4511 512 4563 τὸ
550 4510 793 4578 Πνεῦμα
826 4510 893 4562 τὸ
943 4509 1138 4578 ἅγιον,
1172 4511 1268 4564 καὶ
1311 4509 1378 4562 ἐκ
1428 4511 1662 4576 Πατρός
1695 4507 1792 4562 καὶ

225 4603 366 4658 me
397 4605 456 4656 τὸ
502 4604 636 4656 αὺτὸ
672 4605 843 4656 ἐστιν.
893 4602 1227 4672 Ἐχρήσαντο
1267 4603 1320 4656 δὲ
1345 4604 1393 4656 οἱ
1427 4603 1643 4655 Δυτικοὶ
1693 4603 1792 4671 τῆς

227 4700 555 4768 Ἐκκλησίας
586 4699 896 4753 διδάσκαλοι
928 4699 1006 4770 τῷ
1034 4701 1102 4753 ἐκ
1141 4699 1369 4768 Πατρός
1403 4700 1499 4752 καί
1543 4701 1703 4755 Υιοῦο
1739 4704 1790 4755 al.

213 4791 273 4843 δὲ
308 4793 405 4860 τῆς
453 4791 626 4859 Ἐᾠας
658 4791 901 4852 σπανίως
944 4792 1043 4855 μὲν
1068 4793 1128 4843 τὸ
1158 4791 1226 4844 ἐκ
1261 4791 1368 4844 τοῦ
1410 4792 1568 4855 Υίοῦ,
1595 4793 1670 4856 ὡς
1700 4795 1792 4846 ἐπὶ

211 4884 279 4934 τὸ
311 4884 563 4935 πλεῖστον
607 4881 664 4934 δὲ
696 4883 773 4951 τῷ
805 4882 879 4936 δι’
919 4882 1080 4946 Υίοῦ,
1127 4883 1228 4949 τῆς
1271 4883 1593 4954 Ἑλληνικῆς
1633 4884 1792 4938 τοῦτο

218 4975 562 5044 ἀπαιτούσης
611 4975 915 5029 διαλέκτου.
969 4975 1074 5027 Τοῦ
1128 4974 1256 5027 Υίοῦ
1311 4977 1420 5045 γὰρ
1479 4977 1682 5040 πάντες
1734 4977 1792 5029 τὸ

216 5066 448 5134 Πνεῦμα
497 5063 638 5118 εἶναι
671 5067 908 5133 λέγουσι,
937 5065 1128 5134 ὥσπερ
1161 5067 1254 5119 καὶ
1296 5065 1391 5118 τοῦ
1427 5068 1662 5137 ῐῐατρδς,
1700 5069 1792 5120 καὶ

213 5159 279 5208 ὲκ
315 5155 407 5208 τοῦ
438 5156 571 5209 Υίοῦ
598 5155 735 5209 εἶναι
766 5155 1148 5226 ὁμολογοῦσιν.
1175 5156 1362 5226 ὥσπερ
1391 5160 1486 5212 καὶ
1518 5160 1669 5228 παρά
1694 5158 1790 5212 τοῦ

217 5251 450 5318 Πατρός.
484 5249 576 5302 Διδ
607 5254 700 5302 καὶ
727 5251 788 5314 ἐξ
816 5253 1020 5320 ἀμφοῖν
1046 5247 1210 5316 εἶναι,
1240 5252 1358 5321 ἦτοι
1391 5253 1452 5303 ὲκ
1479 5252 1694 5320 Πατρὸς
1723 5251 1790 5304 δι’

213 5339 348 5391 ἰ’ίοῦ
377 5339 721 5410 διορίζονται.
755 5341 916 5394 Ὅθεν
943 5342 1103 5409 δῆλον
1123 5342 1196 5400 ὡς
1225 5343 1284 5393 τὸ
1309 5343 1438 5394 αὐτό
1465 5343 1576 5394 sm
1610 5344 1790 5408 λέγειν

212 5433 282 5494 ἐξ
310 5432 534 5501 ἀμφοῖν
555 5433 987 5500 ἐκπορεύεσθαι
1019 5438 1082 5487 τό
1111 5433 1283 5503 ἅγιον
1309 5434 1570 5502 Πνεῦμα,
1601 5439 1690 5487 καί
1719 5437 1790 5489 ἐκ

211 5524 445 5590 Πατρός
480 5523 554 5576 δι’
577 5523 713 5577 Υίοῦ
749 5525 1204 5592 ἐκπορεύεσθαι.
1240 5526 1570 5595 Ἐχρήσαντο
1620 5528 1675 5581 δὲ
1711 5528 1790 5598 τῷ

211 5613 287 5668 δι’
349 5614 484 5668 Ποῦ
536 5617 585 5668 οί
634 5617 971 5670 Ἀνατολικοὶ
1018 5616 1092 5680 ὡς
1149 5617 1238 5669 ἐπὶ
1284 5619 1345 5670 τὸ
1390 5618 1662 5683 πλεῖστον,
1713 5621 1788 5684 ὡς

213 5712 454 5780 εἴρηται,
504 5709 680 5778 ὀρθῶς
728 5709 1058 5782 Ἕλλη-λέξειν
1110 5711 1186 5782 τῷ
1243 5710 1384 5782 λόγῳ
1440 5710 1778 5782 βουλόμενοι.

1899 4523 1977 4568 tre
2001 4532 2094 4584 per
2126 4513 2331 4569 Filium
2379 4516 2933 4586 Spiritumsanclum.
2980 4531 3037 4576 et
3065 4562 3081 4583 ,
3137 4538 3202 4575 ex
3231 4522 3393 4575 Patre
3426 4532 3474 4574 et

1899 4605 2066 4661 Filio.
2105 4609 2174 4662 Et
2224 4609 2610 4667 Occidentales
2639 4614 2862 4682 quidem
2909 4615 3168 4670 Ecclesia:
3220 4616 3474 4669 doctores

1896 4698 2027 4753 illud
2067 4699 2194 4752 :Ex
2239 4698 2405 4754 Patre
2451 4711 2500 4756 et
2534 4702 2712 4770 Filio;
2747 4704 3058 4760 Orientales
3108 4723 3236 4760 raro
3290 4707 3419 4761 illud
3456 4726 3469 4761 :

1899 4789 1980 4844 Ea:
2012 4789 2156 4846 Filio
2185 4834 2200 4858 ,
2247 4795 2344 4849 sed
2385 4796 2687 4865 saepissime
2725 4799 2860 4852 illud
2895 4816 2909 4852 :
2957 4799 3059 4852 Per
3092 4797 3313 4861 Filium,
3347 4817 3472 4854 cum

1896 4880 1950 4934 id
2005 4882 2208 4938 Grzecaa
2262 4886 2526 4941 dictionis
2574 4891 2717 4942 ratio
2770 4899 3048 4959 posceret.
3107 4901 3470 4960 usurparunt.

1893 4976 2097 5033 Omnes
2121 4980 2396 5049 siquidem
2426 4981 2697 5052 Spiritum
2729 4999 2850 5039 esse
2884 4984 3045 5048 Filii,
3083 4986 3255 5039 veluti
3289 4994 3344 5037 et
3376 4985 3474 5038 Pa-

1897 5073 1999 5124 tris
2025 5082 2302 5136 asscrunt.
2335 5075 2687 5146 fatenturque
2722 5087 2778 5131 ct
2807 5094 2874 5132 ex
2918 5077 3057 5132 Filio
3090 5094 3232 5143 esse,
3290 5080 3364 5132 uti
3418 5089 3474 5132 et

1893 5179 1958 5217 ex
1990 5163 2149 5218 Patre
2183 5175 2302 5230 est;
2335 5167 2570 5237 ideoque
2599 5177 2652 5222 et
2682 5185 2749 5223 ex
2793 5180 3026 5239 utroque
3057 5187 3180 5225 esse
3202 5211 3215 5232 ,
3266 5181 3357 5226 aut
3406 5188 3471 5226 cx

1897 5257 2055 5311 Patre
2091 5274 2186 5328 per
2216 5257 2414 5313 Filium
2446 5261 2775 5316 decernunt.
2814 5262 2954 5316 Hinc
2984 5264 3278 5317 manifesto
3304 5282 3471 5334 appa-

1898 5360 1979 5402 ret
2022 5365 2188 5403 unum
2238 5351 2494 5421 idemque
2543 5369 2665 5408 esse
2699 5355 2904 5420 dicere,
2937 5354 3002 5407 ab
3043 5367 3265 5425 utroque
3291 5372 3471 5424 proce-

1893 5443 2018 5494 dere
2051 5442 2309 5507 Spiritum
2349 5454 2729 5518 sanctum,;t,
2789 5462 2852 5500 ea:
2905 5446 3074 5500 Patre
3122 5465 3214 5518 per
3267 5447 3471 5503 Fitium

1893 5537 2193 5603 procedere.
2226 5536 2574 5606 Usurparunt
2598 5547 2784 5593 autem
2815 5539 3125 5597 Orientales
3149 5560 3242 5612 per
3274 5543 3468 5598 Filium

1896 5635 1956 5678 ut
1993 5625 2315 5694 plurimum,
2348 5630 2517 5682 veluti
2547 5629 2758 5685 dictum
2789 5643 2894 5699 cst,
2944 5645 3124 5704 aptam
3169 5650 3331 5706 atque
3377 5654 3468 5693 ac-

1891 5720 2234 5775 commodem)
2274 5720 2474 5778 Grmcze
2515 5724 2712 5796 linguae
2750 5727 3085 5784 locutionem
3131 5731 3234 5786 sibi
3269 5747 3466 5800 procu~
