3902 6208
537 308 635 372 831

540 527 649 565 non
685 522 880 566 natura
931 527 996 565 ex
1041 511 1256 568 duobus
1285 514 1442 581 aliis,
1472 516 1653 584 primo
1691 517 1902 573 scilicet
1936 529 1994 574 et
2019 535 2104 575 se-

538 602 723 657 cundo
761 605 927 658 veluti
964 605 1031 657 ah
1060 620 1168 658 uno
1196 620 1351 659 suam
1381 606 1797 663 subsistentiam
1838 596 2104 679 agnos’cit,

540 694 585 747 si
614 694 839 748 secundi
869 694 1219 750 solummodo
1272 697 1613 752 mentionem
1650 697 1988 763 inducimus,
2042 715 2107 754 ex

539 796 607 835 co
645 781 883 835 dicimus
925 782 1146 836 tertium
1197 798 1340 838 esse.
1396 785 1595 840 Malum
1638 786 1786 841 enim
1837 802 1902 841 ex
1956 802 2108 842 ramo

537 885 660 925 esse
693 871 951 934 dicimus,
982 887 1091 935 non
1125 888 1223 942 per
1255 889 1468 930 ramum
1489 917 1504 941 ,
1538 890 1662 930 cum
1709 876 1910 932 radicis
1956 877 2106 933 nulla

545 962 751 1016 mentio
800 962 879 1016 ﬁt.
924 962 1078 1028 Quod
1110 965 1162 1018 si
1203 965 1327 1035 quis
1373 966 1506 1020 illud
1541 982 1761 1036 quoque
1808 982 1876 1023 ex
1924 968 2109 1023 radice

542 1052 897 1121 superaddat,
942 1069 1006 1107 ex
1041 1055 1226 1110 radice
1270 1058 1581 1112 enuntiahit
1611 1074 1709 1128 per
1744 1074 1957 1114 ramum
1991 1076 2107 1116 ma—

542 1142 654 1195 lum
689 1155 832 1195 esse.
857 1140 989 1206 Quae
1015 1142 1174 1211 plane
1208 1143 1514 1212 pr0positio
1562 1143 1815 1208 indicat,
1843 1160 1963 1199 esse
1989 1146 2111 1215 qui-

541 1233 664 1286 dem
699 1248 765 1286 ex
792 1247 945 1287 ramo
976 1233 1179 1288 malum
1209 1237 1511 1289 secundum
1544 1245 1795 1290 naturam
1826 1276 1841 1301 ,
1876 1252 2110 1308 esseque

545 1339 756 1379 ramum
781 1324 1112 1394 principium
1134 1334 1188 1380 et
1212 1340 1432 1387 causam
1462 1327 1588 1381 mali
1612 1344 1627 1393 ;
1661 1328 1714 1382 id
1742 1343 1873 1384 vero
1895 1344 2109 1384 ramum

544 1435 654 1475 non
674 1420 875 1476 habere
892 1436 955 1475 ex
984 1437 1063 1488 se,
1083 1422 1176 1477 sed
1200 1439 1229 1477 a
1252 1424 1435 1479 radice
1452 1425 1723 1495 accipere,
1746 1427 1891 1482 unde
1918 1436 1973 1482 et
1993 1428 2109 1496 ipse

545 1522 726 1564 ortum
759 1511 947 1566 habet.
983 1512 1389 1583 Proptereaque
1433 1530 1613 1584 neque
1646 1516 1922 1586 quispiam
1952 1518 2112 1574 dixe-

546 1603 624 1657 rit
654 1603 764 1657 duo
803 1603 1071 1673 principia
1118 1606 1245 1659 mali
1298 1606 1539 1661 radicem
1587 1616 1644 1661 et
1689 1624 1903 1664 ramum
1937 1653 1953 1675 ,
2014 1611 2112 1665 sed

546 1705 741 1745 unum.
775 1691 1023 1758 Qualitas
1071 1692 1348 1762 siquidem
1386 1694 1587 1749 radicis
1620 1710 1774 1751 ramo
1803 1698 2113 1752 communi-

1716 316 2042 379 GEORGII
2077 321 2594 383 TRAPEZUNTII
2809 336 2812 341 ‘
3607 340 3680 403 Μ

538 431 746 476 rantes.
798 420 1048 490 Namque
1093 436 1216 475 cum
1250 422 1473 492 aliquod
1511 423 1738 479 tertium
1788 428 1980 482 ordine
2004 471 2019 495 ,
2052 439 2108 484 et

2217 430 2386 484 Ὅταν
2419 433 2530 504 γάρ
2556 451 2609 487 τι
2635 435 2817 506 τρίτον
2858 441 2924 510 τῇ
2969 440 3141 508 τάξει,
3177 443 3237 496 ού
3268 447 3328 515 τῇ
3369 447 3524 517 φύσει,
3549 452 3597 505 ὲκ

3619 455 3681 510 δύο

2212 521 2375 574 τινῶν
2396 526 2614 593 πρώτου
2641 529 2736 582 καὶ
2758 528 3016 602 δευτέρου
3038 534 3114 599 ὡς
3134 534 3244 589 ἀπὸ
3267 536 3376 601 ἑνὸς
3394 539 3482 611 ἔχῃ
3500 542 3550 594 τὸ
3568 538 3679 609 εἶναι,

2214 613 2262 665 εί
2315 615 2414 683 μὲν
2453 614 2552 668 τοῦ
2602 617 2863 689 δευτέρου
2916 624 3138 695 μνήμην
3195 626 3352 695 μόνον
3396 631 3626 701 ποιοῦμεν,
3645 637 3682 699 ti

2213 705 2425 760 ἑκείνου
2456 705 2692 778 λέγομεν
2718 705 2860 765 εἶναι
2890 713 2952 766 τδ
2990 716 3192 786 τρίτον.
3228 718 3300 772 Τὸ
3330 721 3483 788 μῆλον
3524 724 3608 794 γὰρ
3641 730 3681 780 ἐκ

2213 797 2307 849 τοῦ
2339 797 2535 851 κλάδον
2586 796 2727 856 εἶναι
2755 801 3010 873 λέγομεν,
3045 807 3106 860 ού
3138 808 3227 862 διὰ
3264 811 3358 863 τοῦ
3392 812 3573 879 κλάδον,
3595 816 3682 872 ὅταν

2211 887 2315 956 τῆς
2346 889 2504 959 ῥίζης
2551 892 2612 945 ού
2668 897 3023 966 μεμνήμεθα.
3054 900 3116 953 Ei
3151 900 3210 954 δέ
3237 919 3322 964 τις
3362 904 3448 956 καὶ
3474 905 3523 957 τὸ
3551 907 3598 959 ὲκ
3618 909 3683 974 τῆς

2217 978 2375 1051 ῥίζης
2403 984 2749 1056 προστιθείη,
2781 989 2846 1042 ἐκ
2874 990 2972 1059 τῆς
2996 990 3157 1062 ῥίζης
3183 974 3298 1063 ipsi
3335 996 3418 1048 διὰ
3443 995 3523 1049 τοῦ
3548 999 3684 1053 κλάδον

2216 1065 2357 1124 εἶναι
2384 1071 2447 1125 τὸ
2481 1073 2674 1144 μῆλον.
2707 1077 2872 1148 Δηλοῖ
2899 1080 2955 1133 δὲ
2987 1083 3017 1150 ή
3050 1086 3316 1149 πρότασις
3356 1085 3501 1155 αὕτη,
3527 1089 3586 1152 ὡς
3607 1090 3687 1143 ἐστι

2221 1163 2320 1230 μὲν
2355 1164 2419 1216 ὲκ
2451 1165 2546 1219 τοῦ
2582 1166 2780 1222 κλάδον
2813 1172 2876 1223 τὸ
2913 1172 3080 1241 μῆλον
3115 1175 3254 1229 κατὰ
3282 1176 3453 1244 φύσιν,
3483 1180 3559 1231 καὶ
3587 1180 3689 1232 ἐστιν

2216 1254 2246 1305 δ
2286 1253 2480 1318 κλάδος
2510 1256 2651 1326 ἀρχὴ
2683 1260 2779 1312 καὶ
2810 1262 2960 1314 αἰτία
2999 1263 3096 1315 τοῦ
3148 1265 3338 1334 μήλου,
3369 1266 3472 1319 ἀλλ’
3504 1268 3582 1320 οὐκ
3612 1268 3690 1336 ἔχει

2216 1345 2375 1397 τοῦτο
2421 1346 2551 1415 παρ’
2588 1347 2757 1402 αὐτοῦ
2804 1352 2832 1403 ὁ
2875 1351 3091 1417 κλάδος,
3122 1354 3258 1407 ἀλλὰ
3297 1358 3437 1424 παρὰ
3464 1357 3551 1427 τῆς
3582 1359 3689 1428 ῥίζης

2216 1435 2375 1488 τοῦτο
2397 1434 2689 1504 λαμϐάνει,
2711 1439 2835 1493 ὅθεν
2865 1445 2958 1496 καὶ
2991 1444 3158 1508 αὐτὸς
3183 1446 3391 1514 ἐκφύει.
3412 1447 3495 1501 ait
3517 1448 3613 1501 οὐδὲ
3629 1449 3691 1501 δύο

2218 1539 2303 1586 τις
2333 1524 2463 1597 εἴπῃ
2512 1529 2687 1598 ἀρχὰς
2730 1530 2830 1601 τὴν
2877 1533 3036 1602 ῥίζαν
3081 1552 3144 1588 τε
3175 1537 3268 1590 καὶ
3305 1538 3391 1590 τὸν
3436 1538 3598 1593 κλάδον
3629 1540 3692 1591 τώ

2222 1614 2417 1682 μήλου,
2448 1616 2581 1669 ἀλλὰ
2626 1618 2776 1687 μίαν.
2813 1620 2878 1674 Ἠ
2926 1622 3068 1693 αὐτὴ
3112 1625 3223 1693 γὰρ
3247 1625 3340 1694 τῆς
3371 1625 3509 1695 ῥίζης
3533 1627 3692 1694 ποιότης

2217 1701 2564 1776 διαδιδομένη
2594 1707 2672 1776 τῷ
2695 1709 2877 1780 κλάδῳ
2897 1711 3100 1777 ἔξεισιν
3126 1714 3333 1769 ἐκεῖθεν
3352 1719 3425 1778 είς
3448 1715 3591 1785 μῆλον
3607 1732 3691 1785 pop-

545 1792 688 1851 cata,
726 1783 852 1837 inde
897 1782 1183 1851 egreditur
1229 1784 1282 1837 in
1331 1784 1535 1839 malum
1584 1785 1947 1843 conformata.
1995 1788 2113 1847 Hoc

2223 1795 2494 1863 φωθεῖσα.
2548 1798 2753 1853 Τούτου
2812 1801 2907 1854 τοῦ
2957 1795 3403 1877 παραδείγματοξ
3448 1781 3581 1861 οὐδὲν

544 1875 801 1942 exemplo
838 1872 978 1927 nihil
1011 1881 1098 1927 est
1151 1872 1322 1929 rebus
1368 1874 1572 1931 divinis
1619 1879 2111 1948 accommodatius,

546 1962 590 2016 si
625 1972 775 2016 recte
807 1961 1173 2030 intelligatur.
1202 1961 1450 2031 Namque
1477 1963 1533 2018 in
1563 1965 1732 2020 rebus
1750 1966 1953 2023 divinis
1978 1984 2115 2025 con-

545 2047 804 2117 cipienda
833 2063 942 2102 non
1003 2050 1347 2120 sunt’neque
1389 2050 1586 2107 divisio
1632 2057 1988 2125 temporaria,
2018 2072 2116 2113 ne-

546 2153 653 2206 que
685 2139 968 2213 interjecta
1005 2138 1322 2206 intervalla;
1370 2141 1467 2196 sed
1504 2157 1612 2198 una
1645 2142 1809 2200 simul
1854 2147 2018 2203 Pater
2058 2157 2116 2205 et

544 2223 719 2284 Filius
747 2237 803 2282 et
831 2227 1070 2298 Spiritus
1117 2242 1364 2299 sanctus,
1399 2241 1655 2303 totusque
1690 2235 1852 2291 Pater
1886 2237 1942 2291 in
1972 2239 2112 2295 Filio

544 2330 597 2374 et
631 2320 862 2389 Spiritu,
890 2329 945 2376 et
976 2320 1149 2375 Filius
1172 2322 1227 2377 in
1256 2323 1415 2379 Patre
1444 2334 1501 2381 et
1531 2325 1767 2396 Spiritu.
1792 2338 1851 2384 et
1871 2328 2113 2400 Spiritus

545 2411 600 2466 in
628 2411 788 2466 Patre
817 2420 875 2466 et
908 2410 1069 2466 Filio.
1094 2412 1249 2477 Quod
1278 2414 1575 2482 prolixiore
1596 2433 1851 2475 sermone
1878 2419 2113 2477 demon-

544 2515 744 2572 strare,
814 2519 925 2559 non
993 2514 1081 2560 est
1146 2519 1346 2574 operat,
1400 2522 1470 2563 ne
1539 2515 1964 2584 memetipsum,
2017 2520 2114 2587 qui

545 2596 803 2666 indignus
836 2611 984 2663 sum,
1034 2599 1089 2654 in
1139 2600 1586 2660 sublimissimam
1634 2608 1968 2683 theologiam
2036 2615 2118 2671 in-

543 2691 744 2748 feram.

615 2792 670 2845 3.
697 2791 1080 2846 Verumtamen
1119 2793 1187 2848 ab
1220 2800 1455 2865 utroque
1488 2811 1610 2852 esse
1656 2798 1917 2868 Spiritum
1956 2819 2117 2862 sanc-

545 2893 663 2939 tum
698 2882 950 2938 doctores
993 2884 1249 2941 Ecclesiae
1310 2886 1679 2957 depraedieant
1718 2908 1825 2947 non
1860 2894 1929 2950 de
1988 2911 2112 2973 suo.

542 2975 641 3029 sed
675 2989 704 3028 a
738 2975 910 3030 sacris
934 2974 1232 3046 Scripturis
1257 2978 1313 3034 id
1341 2980 1682 3050 haurientes,
1711 2983 1975 3054 implicite
1998 2988 2115 3042 dic-

550 3076 663 3120 tum
691 3067 1054 3138 explicarunt,
1090 3079 1145 3126 et
1177 3072 1385 3129 fusiore
1411 3088 1664 3130 sermone
1725 3078 2112 3135 extenderunt.

480 3222 484 3226 ,
549 3157 779 3228 Spiritus
799 3162 960 3227 enim,
994 3163 1175 3232 inquit
1193 3163 1450 3235 Cyrillus,
1484 3167 1724 3223 veritatis
1755 3181 2116 3240 nuncupatur.

550 3249 749 3319 Estque
777 3249 1011 3307 Christus
1042 3256 1254 3322 veritas,
1280 3264 1330 3309 et
1357 3257 1694 3327 profunditur
1714 3259 1779 3314 ab
1798 3261 1927 3330 ipso,
1943 3256 2122 3332 quem-
2157 3296 2160 3299 λ

548 3342 834 3398 admodum
900 3363 935 3399 a
985 3346 1089 3400 Deo
1140 3358 1194 3400 et
1253 3345 1439 3407 Patre.
1504 3350 1573 3405 Et
1619 3352 1779 3421 plane
1840 3369 2120 3423 nunquam

548 3435 818 3505 quispiam
854 3436 910 3490 in
936 3438 1244 3508 Evangeliis
1273 3440 1561 3507 invenerit,
1617 3442 1689 3496 ita
1719 3444 1899 3497 Patris
1945 3444 2122 3513 Spiri-

546 3538 664 3583 tum
695 3537 944 3582 sanctum
977 3529 1108 3591 dici,
1148 3538 1206 3582 ut
1232 3546 1428 3585 nomen
1463 3533 1626 3586 etiam
1662 3533 1782 3588 Filii
1812 3549 1921 3588 non
1946 3536 2123 3591 incul-

548 3628 733 3672 cetur:
760 3618 989 3686 Spiritus
1038 3619 1310 3683 veritatis,
1344 3622 1542 3690 inquit,
1589 3624 1680 3693 qui
1713 3641 1747 3677 a
1802 3624 1964 3679 Patre
1996 3642 2120 3694 pro-

435 3731 452 3743 ο
547 3710 703 3763 cedit.
741 3710 835 3765 Et:
872 3708 1005 3765 Cum
1031 3712 1233 3764 venerit
1259 3711 1371 3778 ille,
1396 3728 1551 3782 quem
1579 3712 1744 3768 Pater
1782 3718 1952 3772 mittet
1979 3718 2121 3772 vobis

545 3802 601 3855 in
633 3803 845 3857 nomine
873 3818 1009 3857 meo.
1042 3804 1110 3858 Et
1142 3819 1402 3858 rursum:
1448 3805 1582 3860 Cum
1612 3809 1809 3862 venerit
1872 3809 2124 3864 Par-acle-

549 3902 653 3958 tus,
687 3908 838 3962 quem
864 3910 956 3961 ego
1003 3893 1209 3949 mittam
1237 3896 1376 3952 vobis
1403 3912 1467 3950 ea:
1491 3899 1678 3951 Patre.
1707 3898 1843 3954 Hinc
1873 3910 2117 3968 apparet,

549 3996 616 4035 ex
652 3991 883 4050 utroque
943 3999 1083 4052 esse,
1122 3986 1282 4042 Patre
1312 4003 1507 4058 nempe
1538 3999 1594 4044 et
1630 3987 1791 4056 Filio,
1855 3989 2118 4058 Spiritum

550 4081 820 4129 sanctum.
851 4075 1039 4145 Neque
1067 4078 1215 4132 enim
1248 4077 1329 4132 fas
1367 4088 1474 4144 est,
1506 4079 1657 4134 aliud
1703 4080 1983 4149 quidpiam
2015 4081 2121 4137 Pa-

551 4165 816 4219 racletum
844 4169 1156 4237 concipere,
1213 4180 1410 4239 praeter
1439 4186 1603 4224 unam
1657 4170 1876 4226 Triadis
1931 4188 2121 4240 perso-

549 4270 696 4309 nam.
728 4257 795 4311 Et
826 4258 1061 4313 mittitur
1089 4274 1120 4313 a
1168 4258 1326 4315 Patre
1353 4271 1411 4316 et
1439 4260 1617 4326 Filio;
1661 4260 1790 4315 inde
1823 4277 1951 4317 vero
1988 4279 2118 4332 pro-

549 4349 714 4415 cedit,
748 4349 894 4406 unde
921 4360 978 4406 et
998 4352 1274 4417 mittitur;
1321 4368 1391 4408 ex
1446 4354 1605 4409 Patre
1655 4354 1821 4426 igitur
1879 4364 1936 4411 et
1978 4356 2118 4412 Filio

2219 1884 2386 1949 θείοις
2414 1888 2767 1961 οἰκειότερον,
2800 1892 2981 1957 καλῶς
3026 1896 3344 1966 νοούμενον.
3378 1898 3487 1968 Χρὴ
3523 1899 3610 1967 γὰρ
3642 1897 3689 1965 μὴ

2218 1979 2359 2031 νοεῖν
2392 1979 2451 2033 ὲν
2496 1983 2608 2042 τοῖς
2656 1981 2824 2046 θείοις
2874 1983 2999 2039 οὕτε
3048 1987 3290 2043 διάδοσιν
3334 1988 3577 2060 χρονικὴν,
3610 1988 3688 2041 οὔτε

2216 2067 2496 2141 διάστημα
2527 2074 2776 2147 τοπικδν,
2807 2075 2925 2129 ἀλλ’
2955 2078 3097 2148 όμοῦ
3141 2081 3359 2151 Πατέρα
3404 2084 3487 2135 καὶ
3509 2080 3608 2133 Υίδν
3632 2082 3687 2131 ut

2220 2160 2376 2229 ἅγιον
2402 2163 2649 2231 Πνεῦμα,
2681 2167 2777 2219 καὶ
2805 2166 2926 2221 ὅλον
2966 2168 3064 2224 τὸν
3098 2172 3315 2243 Πατέρα
3345 2174 3399 2226 εν
3428 2172 3498 2243 τῷ
3523 2172 3609 2242 1⁸ίῷ
3629 2171 3686 2223 xii

2217 2250 2297 2321 τῷ
2348 2253 2651 2323 Πνεύματι,
2684 2259 2781 2312 καὶ
2827 2259 2921 2313 τὸν
2965 2261 3095 2316 Υίδν
3143 2264 3213 2318 εν
3242 2264 3320 2334 τῷ
3352 2263 3510 2333 llath
3548 2262 3687 2330 καὶτῷ

2221 2343 2526 2413 Πνεύματι,
2553 2347 2648 2400 καὶ
2675 2348 2736 2402 τὸ
2766 2350 2987 2421 Πνεῦμα
3010 2354 3071 2408 ἐν
3101 2356 3276 2425 Πατρὶ
3308 2356 3400 2409 καὶ
3423 2355 3539 2425 Υίῷ.
3572 2356 3688 2422 Ὅπερ

2222 2433 2561 2494 πλατύτερον
2618 2437 2714 2493 νῦν
2762 2441 3138 2500 ἐπιδεικνύναι
3194 2447 3256 2500 οὗ
3293 2449 3491 2518 καιρὸς,
3539 2446 3605 2500 ἴνα
3640 2444 3689 2514 μὴ

2217 2525 2410 2580 ἑαυτὸν
2436 2528 2516 2591 εις
2540 2528 2714 2599 ἄκραν
2745 2530 3026 2604 θεολογίαν
3049 2542 3272 2609 ἀνάξιος
3297 2541 3370 2595 ὢν
3401 2542 3601 2612 καθήσω.

2292 2812 2361 2876 γ’.
2405 2813 2477 2865 Τὸ
2527 2814 2711 2883 μέντοι
2756 2816 2815 2882 ἐξ
2846 2819 3049 2888 ἀμφοῖν
3082 2818 3225 2876 εἶναι
3260 2823 3321 2877 τὸ
3352 2822 3548 2892 Πνεῦμα
3575 2820 3612 2874 o!
3628 2819 3691 2888 τῆς

2200 2947 2205 2952 .
2232 2901 2561 2972 Ἐκκλησίας
2580 2906 2892 2963 διδάσκαλοι
2918 2911 2980 2964 ού
3010 2917 3145 2984 παρ’
3170 2917 3375 2971 ἑαυτῶν
3399 2917 3690 2985 κηρύττουσιν.

2220 2993 2357 3048 ἀλλὰ
2390 2997 2538 3062 παρὰ
2568 2997 2680 3050 τῶν
2722 3000 2956 3069 Γραφῶν
2985 3003 3148 3057 τοῦτο
3196 3005 3444 3065 λαϐόντες
3473 3018 3695 3066 ευνεπτυγ·

2144 3127 2191 3188 c
2226 3086 2424 3188 μένους,
2452 3084 2760 3188 ανέπτυξάν
2786 3109 2846 3145 τε
2895 3095 2988 3148 καὶ
3015 3096 3360 3168 ὲξήπλωσαν.
3390 3098 3592 3167 Πνεῦμα
3608 3097 3692 3188 τὰρ,

2225 3179 2360 3247 φησὶ
2405 3179 2696 3249 Κύριλλος,
2749 3183 3047 3250 ἀληθείας
3080 3188 3440 3258 ὠνόμασται.
3483 3188 3572 3244 Καὶ
3612 3187 3695 3238 ἔστι

2223 3269 2477 3337 Χριστὸς
2508 3271 2546 3337 ἡ
2592 3271 2865 3338 ἀλήθεια,
2902 3275 3003 3328 καὶ
3045 3279 3353 3348 προχεῖται
3400 3280 3523 3349 παρ’
3551 3274 3694 3332 αὐτοῦ.

2224 3356 2492 3425 καθάπερ
2521 3357 2728 3426 ἀμέλει
2757 3361 2855 3416 καὶ
2886 3366 3190 3433 παρὰ,τώ
3229 3367 3372 3423 Θεοῦ
3404 3369 3491 3421 καὶ
3518 3365 3695 3430 Umm-

2224 3449 2336 3501 Καὶ
2377 3447 2545 3512 ὅντως
2591 3451 2712 3504 οὐδέ
2744 3469 2847 3505 που
2871 3455 3131 3525 εὐρήσειέ
3179 3475 3264 3521 τις
3310 3460 3366 3512 ὲν
3394 3461 3493 3519 τοῖς
3521 3457 3694 3520 Εὐαγγεε

2223 3534 2360 3599 λίοις
2392 3538 2538 3591 οὕτω
2581 3541 2675 3594 τοῦ
2726 3542 2940 3612 Πατρός
2970 3546 3030 3598 τὸ
3062 3547 3225 3615 ἅγιον
3260 3548 3471 3618 Πνεῦμα
3497 3544 3692 3610 λέγεσθαι.

2221 3628 2365 3681 ὥστε
2425 3632 2498 3699 μὴ
2542 3631 2904 3702 ὀνομάζεσθαι
2950 3635 3040 3691 τὸν
3096 3639 3248 3695 Υἱόν.
3287 3640 3355 3694 Τὸ
3389 3637 3592 3704 Πνεῦμα
3624 3631 3698 3697 τῆς

2222 3719 2526 3788 ἀληθείας,
2542 3740 2617 3794 φη
2626 3723 2731 3789 σιν,
2750 3723 2783 3776 δ
2802 3726 2961 3801 παρὰ
2989 3730 3100 3783 τοῦ
3136 3731 3361 3798 Πατρός
3377 3726 3695 3794 ἐκπορεύεται.

2223 3813 2354 3876 Καὶ,
2396 3813 2572 3868 Ὅταν
2613 3814 2762 3885 ἔλθῃ
2803 3818 3058 3887 ἐκεῖνος.
3112 3823 3186 3876 ὃν
3232 3826 3265 3877 ό
3314 3821 3502 3889 Πατὴρ
3539 3818 3697 3887 πέμύει

2220 3905 2366 3972 ὑμῖν
2394 3905 2465 3956 ἐν
2510 3904 2590 3969 τῷ
2636 3907 2887 3976 ὀνόματι
2926 3927 3070 3979 μου.
3123 3914 3233 3967 Καὶ
3280 3910 3622 3977 πάλιν,⁶οταν
3655 3903 3700 3956 δέ

2222 3994 2370 4062 ἔλθῃ
2403 3995 2436 4046 ὁ
2468 3994 2883 4064 Παράκλητος.
2910 4000 2985 4053 δν
3018 4000 3137 4068 ἐγὼ
3173 4003 3383 4072 πέμψω
3431 4001 3555 4070 ἡμῖν
3590 3993 3699 4061 κτιίά

2221 4086 2327 4140 τοῦ
2360 4090 2614 4156 Πατρός.
2640 4087 2802 4142 Ὀθεν
2822 4090 2977 4156 δῆλον
3000 4090 3076 4154 ὡς
3103 4092 3163 4158 ἐξ
3189 4095 3385 4162 ἀμφοῖν
3405 4098 3523 4155 ἐστι,
3549 4088 3698 4155 Πατρξ

2220 4176 2362 4245 λέγω
2388 4179 2484 4232 καὶ
2528 4178 2678 4247 Υίοῦ,
2711 4180 2772 4233 τὸ
2805 4179 2960 4249 ἅγιον
3005 4184 3251 4254 Πνεῦμα.
3288 4185 3597 4256 Παράκλητον
3626 4176 3698 4245 γὰρ

2220 4267 2373 4321 οὐδὲν
2404 4269 2532 4323 ἄλλο
2561 4271 2608 4323 εί
2642 4271 2717 4339 μὴ
2747 4272 2808 4325 τὸ
2837 4272 2898 4326 ἓν
2924 4272 3023 4343 τῆς
3056 4272 3289 4347 Τριάδος
3326 4278 3581 4347 πρόσωπον
3603 4269 3699 4322 νοεῖν

2222 4355 2467 4426 θεμιτόν.
2519 4360 2630 4412 Καὶ
2674 4361 2952 4430 πέμπεται
3010 4367 3163 4435 παρὰ
3217 4366 3420 4437 Πατρός
3468 4364 3547 4417 καὶ
3592 4354 3697 4413 Υιοῦ.

549 4441 818 4510 procedit.
843 4442 978 4498 Nam
1016 4445 1110 4515 qui
1142 4447 1501 4517 temporarias
1553 4446 1610 4503 in
1670 4448 1782 4529 Deo
1825 4455 1882 4504 et
1910 4449 2115 4505 divinis

2235 4448 2477 4504 Ἐκεῖθεν
2523 4450 2579 4504 δὲ
2628 4452 3009 4523 ἐκπορεύεται,
3054 4456 3183 4510 ὅθεν
3228 4457 3320 4510 καὶ
3366 4456 3618 4523 πέμπεται·
3658 4447 3699 4497 ὲκ

550 4534 801 4602 personis
836 4538 1247 4606 progressiones
1280 4539 1616 4608 contingunt,
1653 4541 1955 4596 insaniunt.
2013 4542 2120 4598 Ne-

549 4639 657 4693 que
696 4626 839 4679 cnim
866 4640 1093 4696 prorsus
1133 4629 1332 4683 mutari
1366 4632 1684 4700 moverique
1703 4631 1916 4686 Numen
1953 4632 2114 4698 valet,

549 4729 727 4784 neque
754 4716 878 4771 loco
894 4718 1391 4787 circumscribitur,
1415 4736 1516 4777 nec
1538 4722 1707 4791 magis
1742 4723 1848 4778 hoc
1866 4738 2029 4792 quam
2056 4724 2110 4779 in

546 4805 676 4871 alio,
703 4820 804 4862 nec
838 4809 1009 4878 magis
1041 4810 1151 4864 alto
1185 4826 1348 4880 quam
1407 4812 1594 4865 intimo
1626 4813 1749 4868 loco
1778 4823 1881 4867 est.
1911 4813 2120 4869 Ascen-

546 4896 679 4953 dere
726 4912 856 4954 vero
903 4900 1345 4972 descendereque
1401 4906 1468 4958 ad
1528 4903 1775 4959 actiones
1825 4905 2120 4960 ostenden-

546 4988 645 5043 das
675 4990 1147 5063 propalandasque
1177 5009 1330 5050 more
1375 4995 1662 5050 hominum
1697 4997 1922 5062 dicitur,
1957 5006 2015 5053 et
2040 4998 2120 5053 si-

548 5080 659 5134 mili
695 5082 890 5137 ratioui
924 5084 1088 5152 mitti,
1129 5084 1440 5141 iudicantur
1473 5102 1605 5142 vero
1637 5088 1805 5143 rebus
1838 5098 2119 5159 tempora-

546 5170 643 5226 riis
677 5175 1030 5244 sempiterna.
1050 5177 1296 5248 Namque
1326 5179 1549 5235 mittens
1578 5179 1633 5234 in
1667 5194 1734 5234 eo
1764 5180 1910 5249 quod
1941 5179 2118 5234 mitti-

549 5271 639 5318 tur
667 5265 989 5337 dignitatem
1019 5269 1314 5339 quamdam
1367 5286 1592 5342 prorsus
1650 5272 1885 5339 obtinet.
1940 5272 2009 5326 At
2060 5270 2115 5325 in

553 5367 743 5413 sancta
769 5367 826 5414 et
848 5359 1359 5418 adoranda'Triade
1385 5379 1495 5418 non
1529 5372 1619 5418 est
1643 5363 1726 5418 fas
1757 5363 1920 5419 nobis
1949 5362 2115 5418 intel-

550 5449 718 5522 ligere
745 5452 908 5507 unius
937 5469 1182 5524 persona:
1204 5454 1257 5510 in
1289 5456 1451 5513 aliam
1478 5456 1828 5525 dignitatem,
1856 5454 1962 5513 nisi
1993 5471 2115 5512 cam

546 5550 779 5608 tantum,
803 5561 923 5615 quae
948 5545 1143 5614 oritur,
1177 5562 1244 5602 ex
1264 5547 1445 5618 aliquo
1477 5563 1598 5605 esse
1624 5566 1639 5615 ;
1672 5548 1909 5618 ideoque
1936 5562 2117 5618 neque

548 5650 579 5688 a
601 5632 739 5692 Filio
768 5637 1003 5704 Patrem,
1037 5654 1262 5710 nequea
1291 5639 1500 5710 Spiritu
1534 5640 1755 5706 Filium,
1784 5640 1889 5715 nisi
1915 5636 2116 5695 secun-

551 5724 680 5778 dum
705 5727 1094 5784 humanitatem
1121 5729 1262 5786 mitti
1289 5730 1510 5784 tradunt
1540 5729 1724 5786 divina
1753 5729 1995 5800 cloquia.
2037 5730 2115 5785 Ex

2223 4540 2436 4611 Πατρός
2469 4543 2560 4595 καὶ
2598 4542 2725 4596 Υίοῦ
2756 4544 2865 4613 ἄρα
2896 4546 3272 4615 ἐκπορεύεται.
3299 4545 3361 4602 Οί
3389 4546 3486 4616 γὰρ
3510 4537 3699 4613 minxit

2219 4630 2314 4682 ἐπὶ
2366 4629 2500 4683 θεοῦ
2543 4633 2638 4685 καὶ
2683 4633 2794 4688 τῶν
2848 4636 3011 4689 θείων
3057 4637 3402 4691 ὑποστάσεων
3446 4635 3698 4687 πλάττοντες

2225 4719 2485 4789 προόδους
2516 4719 2795 4789 ληροῦσιν.
2828 4724 2904 4776 Οὐ
2946 4724 3054 4795 γὰρ
3088 4727 3435 4797 μεταϐλητὸν,
3471 4724 3499 4792 ἦ
3539 4713 3700 4783 κινητὸν

2218 4811 2357 4874 ὅλως
2388 4813 2449 4865 τὸ
2475 4811 2653 4875 Θεῖον.
2701 4814 2810 4867 οὐδ’
2844 4816 2902 4868 ἑν
2946 4816 3099 4889 τόπῳ
3152 4821 3474 4890 περιέχεται,
3501 4810 3590 4866 οὐδ’
3620 4806 3700 4858 ἔστι

2223 4900 2424 4969 μᾶλλον
2449 4895 2551 4956 ὦδε
2574 4903 2810 4976 ἢὲκεῖ,ἢ.
2839 4907 3040 4975 μᾶλλον
3062 4908 3178 4963 ἄνω
3206 4909 3413 4981 ῆκάτω.
3448 4898 3700 4959 ’Δναϐαίνειν

2221 4990 2277 5044 δὲ
2338 4994 2435 5046 καὶ
2492 4994 2842 5049 καταϐαίνειν
2879 4997 3099 5066 λέγεται
3137 5000 3472 5068 ἀνθρωπίνως
3503 4991 3610 5063 πρὸς
3633 4984 3700 5043 τὰς

2219 5083 2329 5137 τῶν
2356 5086 2643 5156 ἐνεργειῶν
2671 5088 3058 5157 ὲμφάσειςκαὶ
3077 5092 3421 5161 φανερώσεις.
3441 5087 3523 5140 καὶ
3544 5082 3700 5148 πέμπε·

2224 5177 2348 5229 σθαι
2388 5177 2608 5246 ὁμοίως.
2638 5179 2902 5250 Δηλοῦται
2928 5180 2985 5234 δὲ
3016 5183 3163 5251 ὅμως
3184 5182 3275 5235 διὰ
3297 5181 3399 5255 τῶν
3420 5172 3636 5249 χρονικῶν
3653 5162 3699 5215 τἀ

2220 5267 2433 5323 αίώνια.
2464 5269 2536 5322 Τὸ
2563 5270 2672 5341 γὰρ
2701 5274 2918 5341 πέμπον
2948 5274 3082 5344 πρὸς
3107 5274 3169 5327 τὸ
3191 5274 3512 5343 πεμπόμενον
3537 5260 3695 5326 ἀξίωμα

2220 5358 2335 5429 ἔχει
2367 5360 2583 5424 πάντως
2614 5362 2921 5420 ὁποιονοῦν.
2959 5365 3047 5418 Ἐν
3075 5365 3130 5418 δὲ
3155 5368 3222 5437 τῇ
3253 5364 3380 5433 ἁγίᾳ
3404 5360 3488 5414 καὶ
3513 5364 3697 5423 ripam?"

2221 5454 2354 5522 νητῇ
2413 5452 2604 5524 Τριάδι
2658 5455 2814 5509 οὐδὲν
2874 5458 3224 5522 ὑποστάσεως
3284 5458 3412 5526 πρὸς
3463 5449 3696 5503 ὑπόστασιν

2219 5544 2439 5614 θεμιτὸν
2472 5546 2690 5617 ἀξίωμα
2732 5551 2895 5614 νοεῖν,
2930 5552 2979 5603 εί
3028 5550 3101 5621 μὴ
3141 5552 3298 5621 μόνον
3342 5548 3397 5601 τὸ
3441 5543 3492 5609 ἐξ
3521 5537 3587 5591 οὗ.
3623 5526 3695 5628 Δις(

2217 5638 2377 5690 τοῦτο
2405 5637 2531 5692 οὔτε
2572 5642 2722 5711 παρὰ
2774 5641 2867 5696 τοῦ
2901 5642 3030 5698 Υίοῠ
3071 5643 3162 5696 τὸν
3205 5641 3424 5710 Πατέρα,
3453 5630 3555 5686 οὔτε
3585 5630 3695 5687 παρέι

2220 5727 2316 5783 τοῦ
2351 5729 2661 5800 Πνεύματος
2698 5733 2788 5787 τὸν
2819 5733 2968 5802 Υἱὸν,
3002 5736 3049 5789 εἰ
3083 5733 3316 5806 μὴκατὰ
3342 5730 3397 5782 τὸ
3422 5719 3691 5790 ἀνθρώπινον
