3902 6208
232 303 319 367 833
1178 304 1278 364 DE
1323 304 1474 367 UNA
1517 304 1612 364 ET
1650 300 2077 363 CATIIOLICA
2118 299 2499 364 ECCLESIA.

3363 302 3470 369 εει

238 412 538 468 ἀπεστάλθαι
582 413 714 468 ποτε
761 414 1009 485 λέγοιδσιν
1055 418 1110 470 αἱ
1159 415 1398 490 Γραφαί.
1441 417 1536 471 Ἐκ
1570 415 1781 485 Πατρδς

1898 412 2046 466 Patre
2077 410 2243 482 igitur
2267 421 2323 467 et
2359 412 2493 465 Filio
2519 411 2700 478 habet,
2730 412 2875 483 quod
2913 412 2980 466 sit
3012 410 3249 481 Spiritus
3299 426 3462 469 sanc-

236 508 323 579 ἄρα
345 507 429 560 καὶ
474 506 605 560 Υίοῦ
638 506 749 578 ἔχει
790 507 849 560 τὸ
896 502 1038 561 εῖναι
1083 510 1143 562 τὸ
1187 508 1344 579 ἅγιον
1382 511 1609 579 Πνεῦμα
1640 509 1783 562 κατὰ

232 596 283 651 τδ
305 595 431 650 θεῖον
463 596 574 650 Εὑα
589 598 821 665 γγέλιον.
844 597 957 650 Καὶ
983 597 1194 662 Παῦλος
1215 600 1292 666 δὲ,
1331 599 1781 665 Ἐξαπέστειλε,

232 692 390 762 φησιν,
421 693 455 745 ό
488 691 635 756 Θεὸς
670 694 735 745 τὸ
768 690 1017 761 Πνεῦμα
1048 692 1156 747 τοῦ
1197 692 1336 747 Υἱοὗ
1365 692 1574 748 αὐτοῦ.
1613 691 1784 761 Εἴπερ

194 825 198 828 ι
234 786 314 841 οὖν
338 785 544 856 Πατρδς
590 787 686 841 καὶ
736 784 868 839 Υίοῦ
904 787 1023 839 ἐστι
1070 785 1318 855 Πνεῦμα,
1355 788 1493 856 ὅπερ
1519 786 1784 849 πολλάκις

230 880 454 952 εὓρηται,
488 879 649 950 δῆλον
691 879 775 933 ὅτι
824 878 882 947 ἐξ
933 882 1134 950 ἀμφοῖν
1181 880 1325 945 πνεῖ,
1364 880 1485 949 ἦτοι
1518 881 1784 949 ἐκπορεύ-

225 991 346 1028 εται.

293 1066 345 1121 δ’.
383 1065 442 1121 Ol
474 1066 529 1119 δὲ
555 1066 806 1135 λέγοντες
833 1065 969 1120 Υίοῦ
998 1065 1226 1135 Πνεῦμα
1257 1064 1512 1133 λέγεσθαι
1545 1065 1687 1117 κατὰ
1725 1064 1784 1116 τὸ

235 1161 497 1231 ὀμοούσιον
522 1160 923 1229 ἁμαρτάνουσι.
955 1159 1053 1212 Διὰ
1070 1158 1121 1211 τί
1148 1162 1255 1229 γὰρ
1290 1160 1407 1211 οὐδὲ
1441 1160 1526 1212 τὸν
1563 1156 1783 1226 Πατέρα

229 1252 438 1322 λέγομεν
482 1252 576 1305 τοῦ
622 1252 968 1323 Πνεὺματος,
1004 1250 1292 1319 όμοούσιον
1336 1251 1495 1318 liv-ca;
1547 1252 1579 1321 ἣ
1626 1251 1785 1319 δῆλον

230 1346 346 1398 ὅτιὸ
371 1345 541 1411 λέγων
561 1346 651 1396 τὸν
684 1345 903 1414 Πατέρα
920 1344 1014 1399 τοῦ
1044 1343 1531 1413 Πνεῦματος,Υἱὸν
1554 1343 1698 1411 λέγει
1727 1344 1786 1396 τὸ

234 1436 450 1505 Πνεῦμα,
483 1438 577 1489 καὶ
608 1435 945 1509 βλασφημεῖ,
984 1438 1078 1489 καὶ
1121 1439 1149 1488 6
1198 1436 1293 1489 τὸν
1324 1437 1453 1489 Υίξρν
1485 1437 1657 1505 λέγων
1690 1436 1784 1489 τοῦ

228 1528 543 1598 Πνεύματος,
579 1530 832 1598 μαίνεται
861 1530 922 1582 τὸ
966 1527 1193 1599 Πνεῦμα
1223 1530 1303 1590 είς
1350 1528 1569 1596 Πατέρα
1616 1546 1785 1596 μετα-

224 1620 435 1674 ίάλλων.
462 1621 676 1692 Ὠσπερ
704 1621 796 1676 οὖν
830 1622 891 1675 τὸ
939 1622 1133 1690 Πατὴρ
1175 1623 1271 1674 καὶ
1298 1622 1325 1675 6
1371 1622 1500 1685 Υἱὸς
1543 1621 1788 1690 ὀνόματά

222 1716 355 1768 ἐστιν
382 1715 720 1769 ὑποστατικὰ
753 1716 844 1769 τὸν
870 1716 1073 1786 τρόπον
1101 1715 1194 1770 τοῦ
1230 1709 1371 1768 εἶναι
1405 1716 1513 1769 τῶν
1547 1716 1783 1770 ὑποστά-

225 1818 347 1855 σεων
374 1802 579 1857 τούτων
613 1805 971 1874 σημαίνοντα,
1008 1804 1152 1859 οῦτω
1182 1806 1277 1859 καὶ
1306 1805 1367 1858 τὸ
1400 1806 1493 1859 τοῦ
1529 1805 1784 1875 Πνεύμα-

220 1910 302 1953 τος
324 1894 488 1964 ὄνομα
522 1896 889 1951 ὑποστατικόν
912 1899 1031 1951 ἐστι
1060 1897 1151 1951 τὸν
1175 1899 1377 1970 τρόπον
1400 1898 1495 1952 τοῦ
1520 1896 1658 1952 εἶναι
1684 1898 1786 1968 τῆς

219 1985 557 2051 ὑποστάσεως
609 1987 773 2041 αὑτοῦ
823 1989 1196 2060 παραδηλοῦν.
1258 1991 1354 2043 Ἐκ
1412 1991 1626 2061 Πατρδς
1680 1991 1789 2063 ἄρα

218 2081 302 2132 καὶ
326 2078 452 2132 Υίοῦ
487 2082 632 2146 πνεῖ,
666 2080 868 2149 ἀμφοῖν
902 2080 964 2134 ὃν
1008 2081 1255 2152 Πνεῦμα.
1296 2083 1390 2148 Ἐξ
1437 2086 1645 2155 ἀμφοῖν
1678 2085 1788 2155 ἄρα

214 2170 323 2239 ἔχει
348 2170 404 2223 τὸ
432 2169 595 2233 εἶναι,
627 2171 748 2242 ἦτοι
780 2173 1167 2243 ἐκπορεύεται.
1206 2177 1349 2247 Πρὸς
1375 2179 1584 2243 τούτοις
1614 2182 1791 2234 ἐκεῖνο

224 2263 428 2331 ῥητέον,
460 2264 541 2316 ἔτι
568 2264 756 2335 ἐπειδὴ
790 2266 817 2317 6
846 2265 974 2329 Υἱὸς
1002 2266 1128 2331 Υἱός
1157 2269 1273 2324 ἐστι
1301 2272 1396 2324 τοῦ
1430 2273 1639 2342 Πατρὸς
1665 2273 1793 2344 ἀλη-

217 2354 376 2420 θινὸς,
406 2356 618 2427 ἀνάγκη
647 2360 794 2410 ἐστὶν
829 2359 990 2411 αὑτὸν
1016 2361 1246 2428 μένοντα
1276 2363 1407 2416 Υίὺν
1436 2364 1581 2435 ἔχειν
1613 2364 1792 2419 πάντα

218 2445 287 2497 τὰ
312 2445 403 2498 τοῦ
440 2448 675 2518 Πατρός.
712 2447 1017 2518 Προϐάλλει
1063 2450 1122 2505 δὲ
1165 2453 1192 2505 6
1223 2452 1414 2523 Πατὴρ
1448 2455 1507 2507 τὸ
1541 2453 1789 2524 Πνεῦμα,

220 2536 507 2606 προϐάλλει
557 2539 663 2610 ἄρα
708 2540 805 2594 καὶ
835 2542 864 2594 6
895 2540 1046 2609 Υἱὸς,
1078 2543 1152 2607 ὡς
1186 2544 1349 2608 αὑτός
1383 2561 1538 2616 φησι,
1587 2545 1794 2600 Πάντα

217 2629 330 2685 ὅσα
373 2629 497 2696 ἔχει
543 2632 576 2684 ὀ
618 2630 821 2700 Πατὴρ
856 2633 973 2703 ὲμά
1020 2633 1174 2689 ἐστι.
1223 2635 1330 2691 Διὰ
1384 2635 1564 2693 τοῦτο
1617 2633 1793 2692 εἶπον

212 2720 368 2790 ὑμῖν,
400 2719 490 2774 ὅτι
523 2721 591 2776 ἐκ
625 2723 731 2777 τοῦ
769 2725 917 2795 ἐμοῦ
967 2726 1251 2796 λήψεται.
1289 2728 1562 2798 Amp-stat
1592 2730 1648 2785 δὲ
1699 2733 1793 2784 ἐπὶ

216 2813 497 2883 μέλλοντος
542 2812 719 2880 εἶπεν,
753 2819 853 2888 οὑχ
895 2818 979 2872 ὅτι
1032 2819 1261 2890 ἔμελλεν
1313 2823 1606 2893 λήψεσθαι·
1638 2824 1794 2879 οὐδὲν

212 2907 318 2976 γὰρ
346 2906 487 2970 νέον,
518 2908 550 2977 ἢ
580 2907 936 2977 ἐπείσακτον,
970 2911 1003 2982 ἢ
1053 2912 1307 2983 χρονιὶιὸν
1337 2914 1432 2968 ἐπὶ
1459 2914 1618 2969 Θεοῦ·
1657 2916 1793 2971 ἀλλὰ

208 3000 309 3069 τὴν
336 2998 489 3053 οὑπω
520 3004 812 3070 γεγονυῖαν
850 3004 945 3054 ἐπὶ
976 3006 1090 3067 τοῖς
1132 3005 1452 3071 ἀποστόλοις
1485 3008 1791 3079 ἐνέργειαν,

1889 512 1995 571 tus,
2026 514 2086 558 ut
2132 504 2380 558 divinum
2420 502 2775 574 Evangelium
2822 504 3042 559 clamat.
3099 503 3211 558 Nec
3248 519 3356 559 non
3416 512 3473 559 et

1886 594 2090 650 Paulus
2121 596 2287 650 dicit:
2318 595 2459 650 Misit
2494 595 2632 650 Deus
2659 594 2917 666 Spiritum
2979 594 3113 650 Filii
3141 597 3250 649 sui.
3284 595 3471 665 Itaque

1887 687 1933 741 si
1961 687 2137 741 Patris
2163 697 2221 742 et
2240 687 2361 742 Filii
2388 688 2628 758 Spiritus
2645 698 2749 754 est,
2778 687 2925 758 quod
2955 703 3099 758 saepe
3120 688 3319 757 szrpius
3338 687 3475 758 legi-

1889 787 1996 844 tur,
2032 779 2384 833 manifestam
2418 789 2525 844 est,
2562 781 2771 835 cumab
2802 794 3037 850 utroque
3086 780 3306 849 spirari,
3343 796 3473 848 pro-

1886 874 2081 925 cedere
2125 873 2357 927 scilECet.

1959 1056 2011 1111 4.
2047 1055 2149 1120 Qui
2177 1071 2306 1110 vero
2333 1062 2609 1121 asserunt,
2653 1054 2774 1108 Filii
2809 1052 3072 1122 Spiritum
3101 1052 3210 1107 diei
3249 1064 3475 1125 propter

1887 1148 2138 1203 eamdem
2171 1157 2445 1213 naturam,
2470 1146 2725 1199 delirant.
2766 1145 2998 1215 Propter
3030 1144 3162 1214 quid
3188 1146 3333 1200 enim
3367 1163 3474 1201 non

1888 1241 2123 1294 dicimus
2153 1248 2210 1293 et
2265 1238 2481 1292 Patrem
2533 1237 2793 1307 Spiritus,
2850 1252 2976 1290 cum
3033 1237 3277 1307 ejusdem
3313 1247 3477 1308 atque

1890 1326 2129 1395 Spiritus
2165 1335 2374 1381 natura:
2401 1326 2517 1380 est?
2539 1328 2736 1381 Annon
2772 1327 2899 1380 inde
2931 1336 3182 1395 apertum
3222 1339 3474 1381 remanet

1887 1436 2016 1474 curn
2060 1421 2153 1490 qui
2190 1416 2326 1475 dicit
2358 1420 2575 1474 Patrem
2612 1419 2875 1495 Spiritus,
2906 1420 3102 1474 Filiqu
3133 1420 3317 1476 dicere
3354 1420 3476 1488 Spi-

1890 1513 2081 1580 ritum,
2117 1521 2173 1568 et
2228 1511 2392 1583 impia
2457 1513 2768 1579 enuntiare,
2834 1522 2889 1569 et
2951 1514 3042 1582 qui
3085 1511 3281 1565 Filium
3340 1512 3478 1567 dicit

1890 1604 2149 1674 Spiritus,
2183 1603 2367 1659 furere
2395 1614 2449 1659 et
2484 1604 2757 1668 bacchari,
2796 1612 3052 1673 tauquaru
3084 1604 3177 1673 qui
3206 1601 3471 1671 Spiritum

1892 1697 1947 1751 in
1984 1699 2201 1753 Patrem
2231 1697 2580 1752 commutat?
2615 1679 3091 1762 Quemadmodum
3128 1712 3260 1766 ergo
3318 1696 3479 1750 Pater

1822 1771 2142 1845 l3etFilius
2180 1790 2404 1845 nomina
2465 1797 2596 1843 sunt
2657 1789 3025 1860 hypostatica,
3091 1788 3312 1842 modum
3368 1806 3481 1858 quo

1891 1893 2022 1939 snut
2056 1884 2374 1956 hypostases
2398 1883 2725 1950 indicantia,
2763 1884 2877 1952 pari
2914 1884 3125 1937 ratione
3149 1894 3206 1938 et
3238 1883 3481 1953 Spiritus

1892 1993 2093 2032 nomen
2130 1978 2533 2049 hypostatieum
2570 1984 2678 2043 est,
2747 1978 2967 2032 inodum
3025 1992 3136 2046 quo
3192 1976 3338 2031 illius
3377 1975 3479 2048 hy-

1893 2070 2128 2140 postasis
2154 2082 2255 2137 est,
2285 2080 2612 2125 connotaus.
2653 2070 2729 2124 Ex
2753 2070 2912 2125 l’atre
2945 2085 3078 2137 ergo
3102 2080 3159 2124 et
3185 2070 3321 2125 Filio
3362 2074 3478 2141 Spi-

1894 2175 2068 2228 ratur,
2102 2177 2229 2216 eum
2260 2164 2548 2218 amborum
2579 2165 2650 2217 sit
2678 2163 2937 2232 Spiritus.
2972 2162 3052 2217 Ex
3086 2176 3321 2233 utroque
3350 2179 3481 2234 ergo

1894 2254 2082 2320 habet,
2124 2254 2269 2323 quod
2299 2256 2388 2320 sit,
2431 2256 2511 2308 vel
2546 2255 2823 2324 procedat.
2863 2254 3138 2309 Prmterea
3166 2234 3297 2310 illud
3340 2272 3480 2323 quo-

1893 2362 2001 2416 que
2030 2346 2339 2402 addendum
2368 2355 2454 2401 est
2488 2364 2501 2400 :
2531 2362 2656 2400 cum
2686 2345 2855 2401 Filius
2905 2362 3068 2402 verus
3096 2345 3275 2402 Patris
3314 2346 3482 2401 Filius

1893 2443 1986 2507 sit,
2022 2453 2247 2494 necesse
2281 2449 2366 2493 est
2423 2439 2600 2505 ipsum
2637 2450 3011 2493 remanentem
3048 2439 3247 2493 Filium
3293 2440 3482 2494 omnia

1896 2528 2074 2585 Patris
2102 2528 2411 2598 possidere.
2442 2527 2709 2583 Producit
2773 2542 2907 2583 vero
2963 2529 3126 2583 Pater
3182 2528 3478 2598 Spiritum,

1895 2623 2153 2693 producit
2208 2622 2379 2693 igitur
2436 2636 2491 2677 et
2548 2621 2763 2690 Filius,
2825 2633 2884 2677 ut
2941 2626 3176 2694 ipsemet
3246 2623 3479 2679 asserit:

1897 2715 2236 2787 Quacunque
2268 2716 2420 2770 habet
2455 2714 2618 2771 Pater
2660 2733 2779 2770 mea
2829 2729 2971 2777 sunt.
3019 2715 3313 2787 Propterea
3374 2717 3486 2772 αἱ.ιὶ

1895 2811 2060 2877 vobis,
2089 2810 2229 2881 quod
2249 2812 2310 2865 de
2344 2826 2456 2864 meo
2484 2810 2727 2882 accipiet.
2759 2810 2992 2882 Accipiet
3035 2811 3222 2866 futuro
3272 2819 3485 2882 tempo-

1898 2918 1956 2958 re
2008 2904 2165 2970 dixit,
2198 2918 2310 2957 non
2348 2903 2495 2973 quod
2554 2911 2887 2974 accepturus
2935 2911 3115 2960 esset:
3148 2904 3283 2959 nihil
3336 2907 3483 2959 enim

1898 3011 2125 3060 novum,
2157 3006 2251 3049 ant
2273 2995 2573 3067 adjectum,
2608 3006 2704 3052 aut
2728 2997 3120 3068 temporarium
3147 2998 3200 3054 in
3234 2997 3363 3067 Deo,
3386 3000 3486 3055 sed

210 3092 512 3160 μέλλουσαν
564 3094 644 3150 δέ.
680 3095 747 3150 Al
799 3096 907 3164 γὰρ
956 3096 1067 3151 τῶν
1114 3099 1407 3168 ἐνεργειῶν
1457 3102 1789 3173 φανερώσεις

1902 3103 2023 3157 qua:
2058 3088 2302 3143 nondum
2330 3099 2551 3159 peracta
2578 3097 2701 3142 erat
2758 3103 2929 3157 super
2974 3089 3271 3160 apostolos,
3331 3101 3488 3145 norat

206 3190 461 3257 χρονικαὶ
491 3189 629 3256 πρὸς
664 3190 810 3261 ἡμᾶς
861 3186 1043 3259 οὖσαι,
1077 3194 1172 3245 καὶ¹
1203 3194 1344 3246 κατὰ
1388 3195 1581 3265 χρόνον
1616 3195 1794 3264 γίνον-

202 3281 300 3333 ταί
352 3299 409 3335 τε
447 3283 539 3336 καὶ
574 3283 883 3352 φαίνονται.
932 3283 1151 3355 Ἐπειδὴ
1184 3283 1278 3338 οὖν
1321 3283 1515 3355 ἔμελλε
1548 3287 1793 3358 φανήσε-

202 3371 332 3424 σθαι
366 3374 399 3443 ἡ
447 3374 675 3444 τοιαύτη
725 3373 819 3428 τοῦ
858 3374 1180 3444 Πνεύματος
1230 3377 1483 3446 ἐνέργεια
1518 3381 1627 3442 τοῖς
1658 3380 1794 3433 ἀπο-

198 3465 437 3529 στόλοις,
475 3465 565 3518 διὰ
612 3466 772 3521 τοῦτο
817 3468 1090 3539 λήψεσθαι
1137 3468 1229 3521 τὸν
1264 3469 1628 3541 Παράκλητον
1662 3470 1794 3544 παρ’

198 3550 378 3604 αὑτοῦ
436 3569 623 3625 φησιν.
660 3549 809 3619 Ἔτι,
864 3559 961 3611 οὑκ
1019 3557 1136 3611 ἐστι
1184 3557 1413 3612 δυνατὸν
1471 3559 1793 3632 ἀνθρώπους

197 3645 371 3710 ὄντας
402 3648 578 3711 ἄλλως
610 3651 774 3714 νοεῖν,
799 3652 895 3704 καὶ
928 3652 1131 3720 λέγειν,
1165 3652 1199 3721 ἢ
1230 3652 1589 3719 διανοεῖσθαι,
1633 3656 1682 3707 εἰ
1718 3654 1794 3725 μὴ

200 3740 265 3790 ἑν
312 3739 493 3811 χρόνῳ
516 3742 612 3795 καὶ
657 3741 799 3796 κατὰ
832 3742 1046 3814 χρόνον·
1086 3744 1175 3797 διὰ
1220 3743 1379 3797 τοῦτο
1410 3744 1476 3797 τὰ
1525 3748 1793 3815 χρονικῶς

197 3833 480 3902 λεγόμενα
510 3834 683 3887 ταῦτα
708 3835 944 3900 αίωνίως
976 3838 1181 3890 νοεῖται
1209 3837 1302 3889 ἐπὶ
1334 3837 1444 3889 τῶν
1472 3837 1651 3891 θείων.
1685 3840 1795 3891 Καὶ

192 3925 347 3995 ὅπερ
377 3926 487 3996 ἆρα
514 3926 784 3997 λήψεσθαι
815 3928 910 3981 νῦν
936 3930 1002 3982 ἐκ
1026 3928 1119 3982 τοῦ
1150 3929 1279 3983 Υίοῦ
1307 3928 1524 3998 λέγεται
1554 3932 1581 3983 6
1611 3931 1795 4001 Παρα-

191 4017 410 4088 κλητος
452 4020 689 4083 αίωνίως
738 4019 799 4087 ἐξ
833 4023 999 4074 αὑτοῦ
1033 4020 1328 4092 λαμϐάνει.
1361 4024 1439 4075 Τὰ
1489 4023 1544 4076 δὲ
1575 4023 1792 4087 αἰώνια,

188 4112 481 4179 προσόντα
511 4111 590 4182 τῷ
624 4112 764 4183 θεῷ,
798 4096 1055 4167 πάνταᾶ
1084 4114 1233 4185 αὑτῷ
1268 4114 1502 4177 αίωνίως
1533 4116 1631 4168 ὅσα
1656 4115 1792 4186 ἔχει,

182 4199 223 4270 ἢ
258 4203 334 4270 τῇ
360 4201 546 4269 φύσει,
581 4202 613 4272 ἢ
640 4204 762 4267 ταῖς
793 4203 1160 4259 ὑποστάσεσιν
1186 4204 1440 4274 ἁρμόζει.
1479 4205 1555 4267 T6
1577 4206 1632 4258 δὲ
1658 4210 1795 4274 λαμ-

181 4292 393 4347 ϐάνειν
446 4296 743 4351 ὑπόστασιν
797 4296 930 4368 παρ’
988 4298 1348 4362 ὑποστάσεως
1402 4299 1461 4351 οὑ
1509 4301 1575 4369 τῇ
1633 4298 1793 4368 φύσει

182 4388 462 4457 ἁρμόζει,
502 4391 566 4459 τῇ
626 4390 927 4443 ὑποστάσει
977 4391 1108 4461 ἄρα.
1141 4390 1315 4444 Τοῦτο
1356 4392 1412 4445 δὲ
1460 4393 1613 4445 οὐδὲν
1665 4393 1795 4448 ἄλλο

1901 3181 2301 3249 operationem,
2339 3179 2437 3235 sed
2471 3179 2865 3251 peragendam.
2923 3179 3171 3251 Namque
3202 3183 3488 3251 Operatio-

1897 3286 2029 3325 num
2055 3272 2545 3339 manifestationes,
2575 3287 2699 3327 cum
2725 3275 2838 3328 siut
2869 3284 3123 3343 respectu
3149 3271 3327 3332 nostri
3351 3286 3511 3334 tem-4-

1899 3364 2149 3432 porariaz,
2181 3364 2237 3417 in
2268 3374 2516 3434 tempore
2565 3382 2787 3437 quoque
2831 3369 2971 3422 ﬁunt
3033 3378 3089 3424 et
3142 3384 3485 3441 comparent.

1896 3456 2033 3509 Cum
2068 3454 2234 3525 igitur
2258 3457 2455 3511 similis
2483 3455 2725 3527 Spiritus
2786 3458 3035 3527 Operatio
3064 3462 3329 3529 apostolis
3362 3480 3474 3518 rna-

1898 3543 2209 3598 nifestanda
2244 3554 2384 3611 erat,
2424 3545 2548 3599 ideo
2574 3555 2930 3617 accepturum
2962 3547 3308 3602 Paraeletum
3336 3565 3365 3603 a
3428 3566 3487 3605 se

1895 3638 2045 3691 dicit.
2074 3638 2156 3691 Ad
2192 3638 2307 3692 haec
2351 3639 2467 3691 lieri
2525 3654 2637 3694 non
2692 3650 2892 3709 potest,
2948 3656 3073 3694 cum
3130 3641 3381 3696 homines
3410 3642 3487 3695 si-

1899 3746 2044 3797 mus,
2084 3730 2242 3784 aliter
2266 3730 2354 3785 sel
2380 3731 2710 3802 intelligere,
2741 3734 2825 3786 vel
2850 3733 3029 3803 loqui,
3055 3732 3138 3787 vel
3170 3735 3485 3813 concipere,

1898 3823 2001 3877 nisi
2045 3823 2099 3876 in
2136 3831 2385 3892 tempore
2413 3834 2468 3878 et
2495 3840 2591 3895 per
2621 3835 2868 3895 tempus:
2903 3827 3138 3897 ideoque
3177 3845 3299 3899 quae
3345 3838 3488 3884 tem-

1899 3932 2091 3983 porum
2136 3916 2444 3971 intervallis
2479 3919 2887 3986 exiirimuntur,
2913 3920 2984 3974 ab
3010 3923 3315 3985 :eternoin
3377 3924 3490 3979 Deo

1896 4009 2049 4062 inteli
2078 4019 2301 4078 guntur.
2332 4008 2515 4075 Quare
2558 4010 2705 4079 quod
2760 4027 2909 4065 nunc
2942 4012 3261 4070 Paracletus
3290 4031 3487 4087 accep-

1899 4110 2053 4154 turus
2078 4118 2106 4154 a
2133 4099 2272 4155 Filio
2304 4102 2597 4170 asseritur,
2622 4106 2689 4156 ab
2727 4103 2840 4172 ipsa
2866 4106 3177 4161 aeternitate
3209 4108 3278 4162 ab
3307 4125 3373 4163 eo
3392 4125 3487 4164 ac-

1894 4198 2055 4266 cipit.
2092 4196 2224 4262 Quin
2262 4212 2393 4251 vero
2425 4196 2494 4251 ab
2525 4197 2641 4267 ipsa
2666 4197 2977 4253 aeternitate
3020 4199 3134 4253 Deo
3180 4200 3392 4268 insunt,
3434 4212 3485 4256 et

1896 4302 2019 4354 qua:
2055 4288 2172 4356 ipse
2198 4286 2265 4341 ab
2281 4299 2489 4341 aeterno
2523 4287 2791 4357 possidet,
2826 4300 2922 4343 aut
2950 4299 3186 4354 naturis,
3221 4302 3317 4346 aut
3388 4294 3489 4362 hy-

1898 4379 2213 4446 postasibus
2229 4380 2719 4433 accommodantur
2746 4397 2760 4446 ;
2786 4392 2841 4435 at
2870 4384 3123 4452 accipere
3156 4386 3491 4455 hypOstasiut

178 4481 377 4543 ἐστὶν,
412 4484 463 4535 εί
502 4482 578 4551 μὴ
608 4482 668 4535 τὸ
711 4482 858 4552 ἔχειν
888 4483 950 4536 τὸ
994 4480 1135 4538 εἶναι
1174 4485 1235 4537 τὸ
1270 4485 1547 4555 λαμϐάνον
1575 4486 1789 4556 πρόσω-

1902 4470 1971 4521 ab
2006 4469 2288 4538 hypostasi
2323 4486 2432 4524 non
2461 4471 2756 4542 adaptatur
2786 4483 3023 4537 naturae,
3061 4491 3194 4546 ergo
3228 4478 3493 4549 hyposta-

176 4589 297 4625 πον
348 4573 414 4638 ἐξ
458 4572 519 4626 οῦ
567 4574 862 4643 λαμϐάνει.
913 4576 987 4628 Τὸ
1036 4576 1093 4629 δὲ
1136 4576 1199 4631 τὸ
1232 4576 1373 4630 εἶναι
1421 4576 1699 4650 λαμϐάνον
1730 4579 1794 4631 ἐκ

172 4680 347 4728 τινος
381 4665 443 4732 ἐξ
475 4666 684 4719 ἐκείνου
721 4668 835 4736 ἔχει
870 4665 963 4722 καὶ
992 4667 1154 4722 πάνθ’
1179 4670 1281 4723 ὅσα
1307 4669 1439 4740 ἔχει.

257 4933 333 4989 ε’.
392 4934 538 4988 Ἀλλ’
563 4935 891 5006 ἐπιλήψεταί
937 4952 1006 5006 με
1058 4937 1191 4999 ἴσως
1242 4953 1327 5001 τις
1380 4937 1475 4989 καὶ
1506 4936 1792 5008 μάρτυρας

164 5030 401 5094 ἑπάξει
449 5029 701 5095 πολλοὺς,
750 5030 932 5083 ὅτιτὸ
984 5029 1209 5101 Πνεῦμα
1257 5030 1317 5083 τὸ
1375 5030 1531 5100 ἅγιον
1582 5033 1646 5084 ὲκ
1693 5030 1794 5101 τῆς

162 5124 559 5185 ὑποστάσεως
593 5125 692 5194 μὲν
721 5123 814 5178 τοῦ
843 5123 977 5178 Υίοῦ
1002 5125 1101 5195 οὑχ
1129 5123 1359 5196 εὕρηται
1391 5123 1706 5195 λεγόμενον,
1729 5127 1793 5178 ὲκ

156 5218 283 5288 τῆς
323 5217 555 5286 φύσ;ως
600 5218 656 5272 δὲ
709 5221 803 5272 καὶ
837 5218 936 5289 τῆς
966 5218 1157 5280 οὐσίας
1206 5217 1301 5271 τοῦ
1340 5216 1468 5271 Υἱοῦ
1521 5217 1793 5288 πολλαχοῦ

152 5307 430 5379 εἴρηται
462 5314 614 5381 παρὰ
644 5311 754 5363 τῶν
791 5309 892 5378 τῆς
930 5308 1262 5379 Ἐκκλησίας
1304 5306 1666 5371 διδασκάλων,
1701 5308 1795 5361 καὶ

151 5401 451 5469 μάλιστα
488 5403 598 5453 τῶν
644 5401 1035 5463 ’Δνατολικῶν,
1070 5398 1165 5463 οὓς
1214 5400 1420 5470 μᾶλλον
1449 5400 1608 5469 ἡμεῖς
1640 5398 1794 5451 tri-:65-

148 5493 363 5564 μεθα.
410 5492 741 5564 ἰ’τιέρενγε,
774 5486 819 5547 ὦ
849 5495 949 5545 τᾶν
972 5509 986 5523 ’
1019 5492 1091 5557 ὡς
1125 5493 1305 5557 καλῶς
1349 5492 1607 5563 ἠγωνίσω
1649 5489 1793 5559 ὑπὲρ

143 5585 277 5652 τῆς
316 5583 616 5651 ἀληθείας.
660 5585 721 5635 Ὀ
749 5583 859 5651 γὰρ
893 5587 957 5637 ὲκ
987 5585 1084 5654 τῆς
1114 5583 1332 5652 φύσεως
1364 5583 1542 5652 λέγων
1573 5581 1667 5635 καὶ
1694 5580 1793 5651 τῆς

133 5677 391 5740 οὐσίας
447 5678 540 5730 τοῦ
590 5676 722 5730 Υἰοῦ
764 5676 1165 5747 ἐκπορεύεσθαι
1202 5678 1291 5729 τὸν
1340 5675 1700 5749 Παράκλητον
1734 5672 1793 5739 ἐξ

132 5771 369 5840 αὐτῆς
403 5772 506 5841 τῆς
556 5771 912 5835 ὑποστάσεως
960 5770 1054 5824 τοῦ
1110 5770 1241 5824 Υίοῦ
1271 5770 1441 5842 λέγει.
1491 5767 1633 5827 Οὔτε
1682 5769 1791 5840 γὰρ

533 5870 818 5930 ΡΑτιιοι..
864 5867 982 5929 Gn.
1032 5867 1243 5931 CLXI.

1900 4560 1969 4613 si.
2004 4560 2160 4625 Quod
2190 4559 2328 4613 nihil
2365 4561 2513 4615 aliud
2551 4562 2739 4629 fuerit,
2772 4580 2934 4634 quain
2971 4565 3198 4633 habere,
3224 4570 3370 4638 quod
3395 4571 3490 4634 sit,

1903 4655 2579 4724 personamaccipientem
2605 4659 2674 4711 ab
2705 4672 2791 4724 ea,
2854 4673 2883 4712 a
2922 4675 3031 4728 qua
3071 4662 3296 4730 accipit,
3344 4666 3489 4731 quod

1906 4763 2036 4801 vero
2062 4747 2283 4817 accipit,
2310 4747 2456 4817 quod
2484 4749 2555 4803 sit
2578 4749 2647 4803 ab
2671 4750 2881 4820 aliquo,
2917 4767 2984 4805 ex
3012 4770 3079 4807 eo
3111 4754 3279 4809 etiam
3300 4755 3488 4822 habet,

1902 4837 2173 4908 quidquid
2237 4842 2500 4910 possiJet.

1974 4931 2027 4985 5.
2062 4933 2169 4987 Sed
2198 4931 2339 4988 forte
2358 4949 2443 4988 me
2468 4949 2617 4989 nunc
2644 4935 2915 5006 quispiam
2938 4938 3188 5009 aSperius
3211 4939 3489 5008 tractabit,

1905 5035 2187 5097 testesque
2219 5027 2537 5098 complures
2582 5029 2844 5098 adducet,
2908 5032 3176 5100 Spiritum
3237 5044 3491 5087 sanetum

1900 5133 1970 5173 ex
1998 5118 2278 5189 hypostasi
2312 5119 2435 5174 Filii
2471 5112 2682 5175 dictum
2719 5138 2995 5193 nuSquam
3023 5125 3276 5195 reperiri,
3307 5142 3375 5180 ex
3402 5142 3493 5179 na-

1903 5220 2024 5265 tura
2065 5226 2197 5267 vero
2230 5212 2541 5268 ctessentia
2574 5212 2700 5269 Filii
2732 5216 3037 5285 saepissime
3070 5221 3492 5286 pronuntiatum

1900 5303 1971 5358 ab
2001 5303 2262 5359 Ecclesia:
2290 5307 2637 5371 doctoribus,
2678 5318 2733 5362 et
2764 5311 3042 5377 praecipue
3089 5308 3490 5377 Orientalibus,

1901 5410 2040 5465 quos
2058 5411 2156 5451 nos
2184 5413 2295 5467 pra:
2321 5400 2447 5454 aliis
2468 5401 2722 5456 colimus.
2743 5402 2973 5474 Egregie
2997 5419 3163 5474 supra
3191 5404 3438 5472 modum,
3461 5424 3495 5456 υ

1904 5491 2079 5544 amice
2102 5505 2266 5559 quam
2302 5492 2439 5547 scite
2469 5486 2717 5551 veritatis
2746 5511 2969 5551 causam
3000 5500 3115 5568 agis
3151 5499 3164 5551 !
3208 5497 3309 5566 Qui
3343 5497 3488 5552 enim

1904 5598 1969 5637 es
2002 5592 2198 5637 natura
2229 5593 2284 5637 et
2305 5587 2545 5641 essentia
2577 5586 2702 5644 Filii
2735 5591 2934 5645 asserit
2993 5593 3334 5647 Paracletum
3364 5608 3496 5661 pro-

1905 5674 2125 5741 cedere,
2150 5690 2217 5730 ex
2247 5676 2363 5747 ipsa
2397 5681 2678 5751 hypostasi
2737 5684 2863 5740 Filii
2896 5687 3119 5741 asserit.
3157 5686 3313 5741 Haud
3339 5684 3487 5741 enim

1904 5768 1986 5826 fas
2013 5777 2099 5826 est
2125 5783 2411 5844 personas,
2438 5776 2553 5832 sive
2576 5777 2907 5849 hypostases
2950 5782 3128 5836 nudas
3157 5781 3367 5851 absque
3395 5793 3495 5836 ιιι-

3047 5875 3123 5936 Ξῖ
