3902 6208
440 359 545 422 813

1626 356 1940 416 GEORGII
1982 359 2500 420 TRAPEZUNTH

3534 358 3610 422 Si!

433 475 670 531 electus.
699 470 793 541 qui
820 488 939 527 eam
964 485 1066 526 suo
1090 470 1372 524 dominatu
1406 476 1577 539 reget.
1622 467 1811 536 Neque
1867 465 1918 519 id
1955 465 2007 519 in

2138 470 2236 524 Ἐνὶ
2283 472 2392 540 γάρ
2431 473 2648 543 γεράνῳ
2670 469 3091 532 ἀκολουθοῦντες
3129 469 3180 522 οἱ
3220 470 3393 523 πολλοὶ
3440 472 3613 541 γέρινοι

432 562 752 619 hominibus
802 562 999 629 solum,
1031 563 1125 616 sed
1171 569 1226 616 et
1275 562 1328 614 in
1376 559 1747 613 animantibus
1778 556 2005 611 rationis

432 655 752 725 expertibus
798 641 978 709 locum
1035 652 1220 709 habet.
1260 654 1431 709 Unam
1493 651 1763 721 siquidem
1815 663 2005 721 gruem

399 744 406 751 ’
432 748 659 817 reliqua:
689 762 850 816 grues
875 757 1167 816 sequentes
1188 744 1437 799 ordinate
1468 744 1783 804 convniant,
1814 754 1867 795 et
1897 754 2007 794 uno

433 839 606 893 ariete
651 838 834 893 ovium
874 837 1167 892 multitudo
1217 836 1273 891 in
1318 850 1489 890 unum
1524 849 1742 905 gregem
1801 846 2006 886 conve-

435 929 688 992 niunt,et
717 943 861 981 unus
885 936 1075 982 taurus
1106 927 1266 982 boum
1298 941 1515 997 gregem
1543 940 1709 979 unum
1746 925 1799 979 in
1827 924 2005 978 locum

434 1018 601 1087 cogit.
632 1016 820 1073 Omnis
850 1018 1032 1086 itaque
1072 1012 1369 1072 multitudo
1399 1016 1493 1070 uni
1529 1016 1612 1072 sui
1648 1017 1866 1086 generis
1897 1030 2005 1069 non

435 1110 726 1180 conjuncta
759 1110 898 1165 nihil
923 1110 1073 1164 aliud
1101 1110 1284 1177 fuerit,
1324 1125 1483 1179 quam
1515 1108 1768 1164 conlusio
1801 1118 1857 1163 et
1885 1123 2008 1177 per-

436 1204 595 1270 ditio,
630 1204 883 1260 homines
912 1203 1143 1263 homini.
1174 1202 1346 1259 boves
1373 1202 1521 1265 bovi,
1543 1217 1675 1257 ores
1707 1205 1818 1265 ovi,
1844 1204 2008 1271 grues

436 1299 557 1366 grui
586 1310 726 1350 :nee
764 1296 923 1350 aliter
951 1310 1010 1351 se
1042 1296 1208 1350 habet
1240 1296 1293 1349 in
1325 1295 1595 1365 piscibus,
1627 1295 1717 1363 qui
1749 1308 1848 1348 suo
1875 1301 2010 1361 qun-

437 1406 543 1456 que
597 1390 782 1459 generi
830 1389 1005 1444 etiam
1043 1389 1232 1443 inihuo
1267 1388 1719 1459 congrediuntur.
1765 1384 2010 1454 Namque

436 1483 494 1538 id
526 1484 583 1538 in
611 1484 867 1538 omnibus
896 1483 1370 1547 animadvertitur,
1402 1481 1549 1551 quod
1579 1495 1800 1535 necesse
1830 1478 1903 1532 sit
1936 1476 2009 1530 ita

440 1576 582 1633 ﬁeri.
624 1575 779 1642 Quod
813 1576 960 1630 enim
1001 1584 1193 1630 natura
1226 1574 1302 1641 lit,
1340 1573 1649 1628 necessario
1687 1572 1774 1636 lit;
1799 1580 1852 1625 et
1876 1570 2014 1624 mul-

446 1668 701 1724 titudinis
736 1684 800 1723 ea
851 1678 1057 1723 natura
1096 1676 1206 1733 est,
1243 1666 1418 1724 scindi
1466 1667 1519 1719 in
1562 1665 1765 1719 multas
1803 1674 2006 1733 partes,

444 1777 509 1818 ae
543 1760 735 1826 dividi,
797 1770 851 1816 et
902 1759 1183 1825 confundi,
1247 1760 1574 1825 tandemque
1621 1754 1860 1821 absumi,
1911 1753 2011 1807 nisi

444 1850 688 1919 ejusdem
721 1852 939 1921 generis
966 1850 1129 1904 alicui
1159 1850 1400 1903 uniatur.
1424 1847 1575 1902 Nihil
1612 1848 1794 1917 itaque
1834 1845 2020 1899 multi-

444 1941 599 2001 tudo,
624 1951 730 2008 qua
753 1939 1046 1994 multitudo
1069 1947 1174 2006 est,
1205 1940 1524 2008 operabitur
1553 1956 1567 2004 ;
1595 1938 1688 1993 sed
1723 1953 1828 2008 qua
1854 1950 2023 1991 unum

444 2031 634 2096 fuerit,
666 2041 1026 2087 conservatur
1053 2041 1111 2086 et
1140 2034 1270 2102 agit.
1315 2032 1503 2100 Neque
1531 2039 1708 2099 potest
1729 2028 2024 2084 multitudo

446 2140 618 2177 unum
660 2123 769 2179 dici
793 2133 849 2179 et
881 2139 1023 2186 esse,
1071 2124 1175 2179 nisi
1229 2125 1325 2178 uni
1359 2125 1440 2179 sui
1472 2120 1730 2177 uniformi
1763 2121 1817 2176 in
1855 2137 2022 2176 unum

446 2218 835 2287 eongrediatur
854 2229 907 2275 et
939 2222 1228 2276 coalescat.
1256 2220 1381 2277 Haec
1410 2234 1533 2275 cum
1566 2219 1638 2274 ita
1677 2234 1735 2275 se
1796 2218 2053 2285 habeant,

2048 1813 2090 1868 Β

2116 563 2396 628 εὐτάκτως
2425 565 2703 626 πέτονται,
2732 566 2827 616 καὶ
2857 564 2994 632 κριῷ
3025 563 3109 616 ἑνὶ
3136 563 3197 615 τδ
3234 561 3337 614 τῶν
3384 555 3615 634 προϐάτων

2115 652 2320 722 πλῆθος
2370 656 2450 718 εἰς
2477 654 2535 708 ἒν
2589 656 2851 723 ἀνάγεται
2910 653 3182 723 ποίμνιον,
3229 654 3320 708 καὶ
3365 655 3533 725 ταῦρος
3560 656 3617 722 εἷς

2119 747 2250 816 μίαν
2280 749 2424 801 ποιεῖ
2453 748 2656 816 ἀγέλην
2688 747 2846 816 βοῶν.
2881 747 2995 800 Πᾶν
3026 742 3123 800 οὖν
3168 746 3365 812 πλῆθος
3392 748 3460 816 μὴ
3508 750 3620 801 ἐνού-

2126 856 2289 907 μενον
2316 839 2398 891 ἐνὶ
2424 838 2682 908 ὁμοειδεῖ,
2734 837 2889 891 οὐδὲν
2912 836 3041 890 ἄλλο
3077 837 3128 890 εἰ
3162 836 3236 907 μὴ
3260 836 3495 907 σύγχυσίς
3533 842 3620 893 ἔστι

2113 930 2205 981 καὶ
2234 929 2429 1000 φθορά,
2470 927 2752 1001 ἂνθρωποι
2785 927 3083 999 ἀνθρώπῳ,
3122 928 3240 997 βόες
3268 927 3368 998 βοῒ,
3416 930 3622 1000 προϐάτῳ

2113 1020 2388 1090 πρόϐατα,
2428 1022 2477 1074 οἱ
2503 1021 2722 1091 γέρανοι
2747 1024 2992 1093 γεράνῳ,
3021 1022 3120 1075 καὶ
3143 1022 3234 1074 ἐπὶ
3257 1019 3439 1091 ἰχθύων
3466 1023 3621 1088 ὁμοίως

2110 1111 2179 1164 τά
2209 1112 2331 1165 κατ’
2359 1111 2588 1182 ἔσχατον
2614 1110 2751 1176 εἶδος
2777 1115 2863 1167 ἀεὶ
2879 1113 3291 1184 λαμϐανόμενα.
3330 1114 3621 1167 Ἐπῖπάντων

2112 1204 2223 1274 γὰρ
2253 1204 2412 1257 τοῦτο
2444 1204 2757 1276 θεωρεῖταιο
2788 1207 2924 1260 διότι
2969 1206 3190 1274 ἀνάγκη
3219 1206 3364 1259 ἐστιν
3408 1201 3529 1258 οὕτω
3557 1206 3622 1272 γί-

2113 1297 2323 1352 νεσθαι.
2356 1299 2437 1352 Τά
2469 1301 2580 1370 γὰρ
2614 1299 2778 1370 φύσει
2809 1299 2952 1353 κατὰ
2983 1282 3256 1367 ἀνάγκην·
3285 1296 3343 1349 τὸ
3372 1296 3424 1348 δὲ
3465 1296 3623 1363 πλῆθος

2114 1390 2274 1459 φύσις
2300 1390 2437 1456 ἐστὶ,
2467 1393 2529 1443 τὸ
2559 1391 2854 1459 τέμνεσθαι
2887 1390 2967 1452 είς
3002 1389 3175 1442 πολλὰ
3202 1389 3294 1441 καὶ
3342 1387 3627 1457 μερίζεσθαι,

2115 1482 2208 1535 καὶ
2226 1482 2564 1553 συγχεῖσθαι,
2580 1483 2674 1536 καὶ
2690 1480 3339 1551 τέλος,διαιρθείρεσθαι.εί
3364 1481 3430 1548 μὴ
3446 1498 3536 1537 τινι
3548 1478 3630 1531 τῶν

2115 1572 2376 1642 ὁμοειδῶν
2393 1574 2582 1628 ένοῖτο.
2610 1572 2773 1625 Ούδὲν
2791 1572 2896 1640 ἄρα
2916 1572 3139 1642 ποιήσει
3168 1570 3227 1624 τδ
3247 1569 3454 1635 πλῆθος,
3524 1570 3632 1635 πλῆ-

2119 1664 2233 1728 θος,
2253 1662 2372 1715 ἀλλ’
2471 1663 2550 1728 ἓν,
2570 1664 2918 1733 συντηρεῖται
2939 1663 3037 1715 καὶ
3056 1664 3141 1715 ἒνε
3152 1663 3290 1732 ργεῖ.
3306 1661 3375 1714 οὐ
3393 1660 3578 1733 δύναται
3592 1659 3634 1710 δὲ

2116 1755 2371 1823 λέγεσθαί
2392 1771 2450 1807 τε
2465 1755 2557 1809 καὶ
2577 1750 2716 1807 εἶναι
2738 1753 2797 1807 ἓν
2813 1754 2872 1806 τὸ
2887 1753 3096 1823 πλῆθος
3122 1752 3196 1824 μὴ
3211 1752 3296 1806 διά
3311 1750 3399 1805 τοῦ
3413 1747 3635 1833 (Spanish

2133 1849 2498 1916 συναγόμενον
2537 1849 2632 1900 καὶ
2666 1846 2976 1917 ἑνούμενον.
3012 1846 3237 1899 Τούτων
3257 1844 3416 1906 οὕτως
3452 1843 3635 1913 ἑχόντων

2132 1939 2346 2009 ἀνάγκη
2385 1938 2503 2011 ἐστὶ
2537 1940 2633 1992 καὶ
2687 1938 2787 2009 τὴν
2820 1936 3124 2008 καθολικὴν
3198 1935 3496 2004 Ἐκκλησίαν
3541 1932 3636 2003 μίαν

2131 2029 2323 2094 οὖσαν,
2354 2031 2431 2094 εἰς
2468 2032 2599 2100 μίαν
2659 2030 2768 2099 γὰρ
2824 2028 3117 2083 πιστεύειν
3157 2029 3299 2099 ἡμᾶς
3340 2025 3547 2095 ὀφείλειν
3582 2024 3636 2092 τῷ

2133 2122 2394 2193 Συμδὸλῳ
2435 2122 2794 2192 μανθάνομεν,
2835 2121 3080 2190 ὁμοειδεῖ
3108 2138 3216 2174 τινι
3250 2109 3380 2189 μίαν
3397 2116 3534 2170 εἶναι.

2096 2233 2320 2275 necesse
2376 2226 2460 2274 est
2504 2226 2560 2273 et
2601 2217 2925 2272 catholicam
2959 2215 3288 2280 Ecclesiam,
3319 2228 3417 2267 una
3448 2209 3634 2278 cumsit,

448 2317 507 2382 in
537 2328 701 2368 unam
745 2313 1014 2385 siquidem
1073 2315 1234 2370 nobis
1301 2312 1636 2370 credendum
1702 2326 1823 2367 esse
1883 2326 1949 2367 ex
1992 2309 2250 2383 Symbolo
2294 2311 2669 2377 addiscimus,
2718 2309 2903 2380 aliquo
2949 2309 3205 2380 ejusdem
3262 2304 3465 2378 generis
3511 2318 3630 2357 uuam

447 2420 595 2463 esse.

525 2503 581 2559 8.
619 2503 735 2568 Qua
796 2502 959 2574 igitur
1003 2503 1248 2560 Ecclesia
1300 2505 1562 2560 catholica
1615 2502 1856 2559 Ecclesia
1916 2516 2023 2556 una

450 2597 596 2662 erit,
627 2595 681 2650 id
724 2596 1070 2650 manifestum
1122 2598 1250 2661 erit,
1288 2599 1333 2651 si
1381 2598 1545 2653 altius
1579 2611 1891 2652 sermonem
1932 2612 2028 2650 au-

456 2688 816 2757 spicabimur.
850 2688 1093 2743 Ecclesia
1117 2699 1201 2744 est
1227 2689 1664 2744 Christianorum
1697 2688 2028 2744 orthodoxo—

455 2792 578 2832 rum
632 2779 947 2846 multitudo,
979 2796 1100 2850 quae
1131 2780 1185 2834 in
1222 2795 1391 2835 unum
1424 2778 1793 2834 Christianum
1842 2780 2030 2833 ortho-

457 2873 661 2927 doxum
714 2872 999 2942 redigitur,
1055 2886 1218 2941 quem
1262 2873 1384 2927 aliis
1432 2887 1698 2944 praeesse,
1733 2871 2029 2926 dummodo

455 2965 754 3022 Christiani
789 2967 899 3022 sint
923 3004 938 3027 .
981 2978 1207 3022 necesse
1241 2975 1345 3021 est.
1380 2964 1454 3022 Ita
1483 2965 1633 3021 enim
1661 2982 1720 3021 se
1747 2980 1835 3021 res
1867 2964 2030 3019 habet

457 3061 514 3116 in
538 3061 820 3129 omnibus,
850 3062 943 3133 qui
983 3063 1171 3132 populi
1211 3062 1514 3119 dominatui
1549 3078 1658 3117 non
1692 3060 2026 3117 subduatur.

456 3156 704 3224 Namque
729 3157 877 3226 gregi
910 3156 1196 3226 praefectus
1230 3166 1442 3222 taurus,
1480 3154 1854 3225 magnitudine
1872 3152 2026 3217 alios,

461 3248 791 3319 quandoque
833 3248 997 3303 etiam
1038 3247 1451 3319 pulchritudine
1495 3238 1797 3317 praecellit;
1833 3254 1887 3300 et
1929 3244 2033 3299 du-

2185 2498 2259 2570 η’.
2306 2498 2607 2571 Ἐκκλησία
2640 2497 2754 2551 τινὶ
2781 2496 2889 2568 ἄρα
2919 2495 3022 2565 μία
3048 2496 3254 2565 ἔσταιή
3289 2492 3528 2560 καθολικὴ

2129 2591 2353 2663 πλησία,
2414 2590 2554 2658 ὅπερ
2607 2589 2761 2644 ἔσται
2810 2587 2971 2659 δῆλον
3023 2586 3352 2660 ἀρξαμένοις
3404 2585 3665 2654 ἀνώτερον..

2136 2683 2435 2753 Ἐκκλησία
2469 2677 2564 2736 οὖν
2589 2684 2743 2735 ἐστιν
2773 2679 3080 2751 ὀρθοδόξων
3118 2680 3451 2752 Χριστιανῶν
3481 2676 3636 2755 πλῆθος

2129 2774 2209 2835 είς
2259 2772 2357 2825 ἕνα
2397 2770 2742 2842 Χριστιανῶν
2772 2768 3061 2841 ὀρθόδοξον
3118 2770 3467 2839 ἀναγόμενον,
3505 2765 3638 2827 dumi

2135 2866 2246 2919 τῶν
2276 2865 2451 2919 ἄλλων
2486 2863 2740 2936 προέχειν
2779 2862 2863 2916 δεῖ
2896 2863 3036 2917 καθὸ
3064 2863 3443 2936 ⁸Χριστιανῶν.
3500 2856 3636 2914 οιτως

2133 2959 2241 3029 γάρ
2270 2957 2363 3010 sui
2394 2957 2618 3009 πάντων
2645 2955 2758 3026 ἔχει
2786 2955 2896 3009 τῶν
2927 2956 3002 3026 μὴ
3053 2951 3569 3025 δημοκρατουμένων.
3596 2945 3639 2996 '0

2090 3050 2093 3055 ⁴
2126 3050 2237 3119 γάρ
2264 3047 2681 3118 προηγούμενος
2704 3050 2804 3116 τῆς
2850 3046 3059 3115 ἀγέλης
3088 3042 3292 3115 ταῦρος
3327 3042 3521 3114 μεγέθει
3561 3036 3639 3090 τῶν

2129 3137 2387 3208 ἇλλων,ἢ
2440 3135 2588 3191 ἔστιν
2616 3138 2705 3191 ὅτε
2741 3138 2834 3215 κα).
2895 3136 3088 3191 κάλλει
3146 3137 3389 3210 προέχει.
3438 3131 3527 3185 Καὶ
3574 3128 3639 3179 τὸν

2131 3231 2433 3302 στρατηγὸν
2455 3231 2509 3284 δὲ
2534 3229 2713 3300 πολλῷ
2733 3231 2841 3283 τῶν
2864 3230 3041 3284 ἄλλων
3076 3230 3342 3303 προέχειν
3396 3225 3489 3299 χρὴ
3514 3217 3642 3288 τόλμῃ

459 3351 668 3399 ctorem
724 3342 998 3397 exercitus
1052 3340 1224 3395 multo
1276 3339 1399 3394 aliis
1446 3338 1880 3409 praestantiorem
1910 3348 2031 3391 esse

2138 3327 2227 3378 ttat
2255 3323 2525 3395 ἐμπειρίᾳ
2551 3322 2826 3394 πολέμων.
2882 3324 2943 3376 Οἱ
2970 3324 3162 3392 μέντοι
3205 3314 3642 3393 δημοκρατούμενοι

461 3434 710 3496 addecet,
756 3442 810 3489 et
859 3433 1108 3496 audacia,
1140 3441 1196 3487 et
1252 3445 1437 3485 rerum
1485 3429 1803 3485 bellicarum
1868 3442 2032 3497 expc-

461 3526 680 3583 rientia.
711 3523 816 3580 Sed
849 3524 942 3593 qui
989 3536 1017 3576 a
1054 3518 1257 3592 popqu
1309 3531 1595 3591 reguntur,
1647 3517 1702 3573 id
1758 3515 2030 3589 neglectui

463 3621 691 3682 habent,
727 3630 977 3672 naturam
1031 3614 1460 3685 posthabcntes,
1519 3626 1640 3683 quae
1691 3610 2033 3682 praestantio-

464 3725 580 3767 rem
612 3708 891 3782 pejoribus
920 3718 1155 3777 praeesse
1180 3704 1464 3759 constituit
1491 3720 1506 3768 ;
1540 3718 1718 3772 neque
1749 3701 1896 3756 enim
1948 3692 2037 3755 re-

465 3808 574 3864 bus
622 3805 890 3867 honestis,
926 3794 1020 3858 sed
1062 3798 1477 3871 iucundissimis
1526 3797 1771 3853 student.
1809 3794 2037 3851 Videtur

464 3914 615 3957 vero
638 3900 690 3953 in
735 3894 964 3968 gruibus
997 3894 1186 3965 procul
1240 3907 1361 3949 esse
1399 3907 1428 3946 a
1457 3904 1628 3947 vero:
1682 3903 1861 3960 neque
1889 3889 2035 3943 enim

469 3993 712 4064 optimus
754 3989 1034 4060 praecedit,
1074 3986 1166 4042 sed
1201 3986 1295 4056 qui
1344 3984 1539 4041 ordine
1595 3982 1873 4039 secundus
1920 3988 2036 4061 est:

470 4086 615 4158 quod
650 4099 829 4154 neque
876 4083 944 4137 ab
973 4080 1224 4146 honesto,
1262 4094 1441 4149 neque
1475 4094 1504 4132 a
1551 4087 1745 4132 natura
1798 4074 2039 4130 excidit:

474 4194 711 4249 namque
743 4178 839 4248 qui
880 4176 1075 4231 ordine
1105 4173 1385 4228 secundus
1425 4178 1529 4233 est,
1557 4169 1731 4239 magis
1758 4166 1882 4221 aliis
1912 4165 2044 4220 sub-

473 4273 835 4346 sequentibus
879 4269 1165 4324 oculorum
1210 4265 1355 4328 acie,
1410 4276 1521 4333 quo
1556 4259 1889 4315 avolandum’
1926 4268 2041 4319 est,

477 4368 727 4424 edidicit.
760 4365 873 4419 lloe
899 4364 1041 4417 idem
1073 4368 1128 4415 ct
1152 4359 1205 4413 iu
1238 4355 1478 4412 Ecclesia
1509 4351 1912 4408 observandum
1938 4359 2043 4405 est.

475 4463 882 4528 Proptercaque
915 4450 1286 4510 Christianum
1341 4446 1514 4512 illum,
1566 4444 1620 4499 in
1675 4456 1836 4513 quem
1864 4442 2048 4497 multi-

479 4554 617 4610 tudo
650 4552 844 4605 collata
889 4549 944 4601 in
995 4558 1163 4598 unam
1205 4541 1498 4597 Eeelesiam
1552 4543 1934 4607 congregatur,
1965 4548 2049 4589 sa-

479 4644 709 4702 cerdotii
789 4641 1054 4710 dignitate
1135 4634 1604 4696 condecoramus,
1666 4636 1722 4683 et
1790 4638 1850 4681 ut
1927 4626 2049 4705 aliis

483 4735 921 4810 praestantiorem
952 4732 1286 4785 houoramus
1306 4735 1358 4782 et
1383 4724 1634 4788 colimus,
1662 4721 1830 4775 veluti
1851 4734 2052 4788 nempe

486 4842 757 4887 sanctum.
781 4835 838 4882 et
878 4827 1112 4886 virtute,
1144 4829 1197 4875 ct
1245 4833 1425 4871 rerum
1458 4815 1766 4870 divinarum
1800 4810 2050 4877 scientia,

488 4934 547 4979 et
585 4924 629 4977 si
655 4928 849 4977 ea~tcra
874 4916 1193 4975 deficerent,
1245 4907 1566 4964 sacerdotali
1595 4905 1854 4960 unctione
1915 4904 2051 4957 insi-

486 5015 719 5089 gnitum.
754 5010 868 5065 Hac
895 5006 1108 5062 ratione
1153 5017 1259 5056 una
1300 4999 1537 5055 Ecclesia
1559 4994 1914 5053 constituitur
1938 5010 2058 5047 om-

488 5109 640 5163 nium
661 5104 904 5164 minima,
925 5114 1045 5170 quae
1072 5093 1529 5167 apudhodiernos
1558 5090 1782 5146 Latinos
1803 5089 2056 5159 parantia,

489 5194 633 5265 apud
670 5207 770 5248 nos
804 5204 931 5243 vero
957 5188 1161 5247 e‘noria.
1197 5198 1396 5238 nomen
1428 5182 1613 5245 habet,
1633 5189 1889 5249 tanquam
1937 5193 2061 5247 quae

490 5305 602 5345 uno
653 5284 881 5339 minimo
931 5279 1168 5333 termino
1205 5272 1712 5331 circumscribatur.
1756 5268 1892 5325 Cum
1929 5283 2059 5322 vero

490 5382 745 5455 parmcim
789 5376 975 5430 multa:
1024 5373 1154 5434 sint,
1204 5369 1499 5437 multoque
1537 5353 1745 5419 similes
1775 5361 2056 5426 Ecclesize,

487 5454 545 5529 et
576 5487 673 5527 nos
696 5466 1118 5527 ostenderimus,
1164 5476 1386 5517 necesse
1430 5473 1569 5523 esse,
1604 5458 1659 5512 in
1704 5470 1870 5509 unum
1916 5454 2058 5507 mni.-

491 5565 784 5620 titudinem
814 5556 1153 5630 congregari,
1173 5569 1238 5609 eo
1267 5552 1411 5623 quod
1449 5550 1691 5620 ejusdem
1713 5547 1930 5618 generis
1953 5552 2059 5607 est,

493 5654 839 5711 naturalibus
889 5645 1451 5707 demonstrationibus
1506 5640 1679 5701 ducti,
1733 5637 1933 5692 multas
1969 5652 2063 5706 pa-

496 5746 693 5801 rmcias
748 5758 912 5797 unam
961 5740 1326 5810 episcopalem
1366 5734 1662 5788 Ecclesiam
1729 5730 1974 5791 facimus,
2008 5735 2063 5781 et

499 5828 757 5907 episeopo
805 5848 895 5887 cas
934 5833 1333 5901 conjungimus.
1370 5826 1543 5880 Simili
1600 5838 1812 5895 quoque
1855 5820 2064 5873 ratione

2138 3418 2299 3471 τοῦτο
2331 3414 2748 3487 περιφρονοῧσι,
2788 3417 3275 3487 κατακρατοῦντες
3327 3413 3420 3484 τῆς
3463 3406 3641 3479 φύσεως.

2139 3510 2286 3581 ἢπερ
2323 3509 2416 3563 τὸν
2445 3510 2735 3580 κρείττονα
2764 3509 2875 3561 τῶν
2899 3509 3170 3579 χειρόνων
3198 3508 3384 3580 ἄρχειν
3406 3502 3570 3555 ἐθέλει.
3590 3491 3641 3544 lii

2140 3607 2249 3675 γὰρ
2283 3602 2377 3656 τοῦ
2423 3598 2609 3667 καλοῦ,
2639 3603 2772 3657 ἀλλὰ
2796 3604 2887 3656 τοῦ
2928 3603 3152 3674 ἡδίστου
3172 3599 3517 3670 φροντίζουσι.
3561 3590 3631 3640 At-

2142 3698 2229 3749 κεῖ
2253 3694 2438 3764 μέντοι
2471 3695 2561 3746 ἐπὶ
2590 3695 2698 3746 τῶν
2739 3695 2986 3763 γεράνων
3013 3696 3122 3748 οὑκ
3170 3689 3462 3764 ἀληθεύειν.
3515 3683 3645 3750 Προη-

2145 3788 2323 3854 γεῖται
2353 3786 2459 3856 γάρ
2490 3785 2589 3855 οὐχ
2617 3788 2644 3839 ὁ
2669 3787 2957 3857 κρείττων,
2983 3784 3125 3837 ἀλλὰ
3161 3785 3229 3853 τῇ
3258 3778 3404 3842 τάξει
3429 3774 3642 3839 δεύτερος.

2148 3881 2218 3932 Ἦ
2243 3877 2364 3931 οὐδὲ
2396 3868 2556 3930 τοῦτο
2591 3876 2963 3932 ἐκπίπτειτοῦ
2995 3875 3168 3930 καλοῦ
3214 3879 3307 3927 καὶ
3340 3872 3430 3940 τῆς
3460 3865 3642 3935 φύσεως-

2161 3967 2218 4023 ’0
2247 3970 2357 4040 γὰρ
2389 3969 2735 4041 δεύτερος⁶τῇ
2771 3969 2925 4034 τάξει
2970 3968 3175 4038 μᾶλλον
3206 3966 3312 4019 τῶν
3335 3959 3578 4030 ἑπομένων
3599 3948 3645 4015 τῇ

2147 4061 2269 4131 ὄψει
2297 4063 2390 4115 ποῖ
2418 4060 2677 4114 πέτεσθαι
2708 4061 2811 4127 δεῖ,
2851 4060 3099 4131 ἐμυήθη.
3134 4058 3307 4112 Τοῦτο
3332 4055 3432 4126 ἄρα
3481 4045 3559 4101 καὶ
3604 4041 3645 4091 ἐν

2149 4157 2215 4225 τῇ
2254 4152 2549 4228 Ἐκκλησία
2572 4156 2763 4224 τηρεῖν
2797 4154 2896 4208 δεῖ.
2960 4152 3052 4205 Διὸ
3078 4153 3178 4205 καὶ
3225 4151 3315 4203 τὸν
3364 4132 3644 4228 Χριστιανθνν

2151 4224 2231 4310 είς
2255 4245 2314 4300 δν
2359 4224 2696 4318 ἀναγύμενον
2739 4245 2800 4298 τὸ
2830 4243 3033 4310 πλῆθος
3089 4245 3172 4306 είς
3217 4242 3344 4311 μίαν
3388 4224 3647 4318 Ἐκκλησίξν

2153 4311 2491 4406 συνάγεται,ἰ
2526 4311 2605 4409 τῷ
2638 4338 2740 4407 τῆς
2785 4336 3087 4405 ἱερωσύνης
3138 4329 3440 4404 κοσμοῦμεν
3482 4311 3645 4409 βαομῷι

2153 4434 2249 4485 καὶ
2273 4430 2347 4494 ὡς
2382 4406 2668 4500 κρείττονα
2698 4406 2946 4498 τιμῶμεν
2972 4445 3029 4480 τε
3065 4429 3160 4481 καὶ
3200 4420 3474 4493 σεϐόμεθα,
3508 4406 3646 4500 ὡίδῆ;

2156 4523 2246 4576 θεν
2276 4491 2434 4586 ἅγιον
2460 4524 2630 4590 ἀρετῇ
2664 4537 2723 4573 τε
2882 4521 2948 4591 τῇ
2996 4518 3106 4570 τῶν
3165 4491 3644 4586 θείωννὲῖειστὴμῐιιῆ

2157 4616 2206 4667 εί
2238 4615 2403 4685 μηδὲν
2427 4613 2576 4680 ἄλλο,
2606 4612 2682 4682 τῷ
2716 4613 2819 4685 τῆς
2854 4609 3158 4681 ἱερωσύνης
3197 4607 3465 4677 χρίσματι.
3508 4590 3646 4686 Οὖτυις

2083 4692 2139 4746 θ’
2169 4704 2464 4775 Ἐκκλησία
2505 4705 2602 4775 μία
2635 4704 2953 4757 συνίσταται
2982 4703 3015 4770 ἡ
3067 4698 3392 4770 μικροτάτη,
3444 4690 3646 4775 nepotari!

2164 4801 2263 4871 μὲν
2302 4767 2454 4868 παρὰ
2487 4767 2595 4851 τῶν
2629 4796 2728 4850 νῦν
2758 4767 3025 4858 Λατίνων,
3070 4767 3206 4865 παρ’
3238 4790 3387 4861 ἡμῶν
3438 4783 3487 4835 δὲ
3510 4767 3647 4871 illi?!“

2163 4864 2496 4961 καλουμένη,
2518 4889 2595 4952 ὡς
2626 4889 2707 4941 ἐνὶ
2740 4887 2819 4957 τῷ
2847 4864 3167 4957 μικροτάτην
3186 4885 3295 4953 ὅρῳ
3326 4864 3644 4959 περιεχομένθο

2172 4981 2392 5051 Ἐπειδὴ
2424 4980 2481 5034 δὲ
2509 4978 2715 5049 ἐνορίαι
2749 4977 2943 5030 πολλαί
2977 4979 3104 5034 εἰσι.
3130 4975 3226 5027 καὶ
3242 4969 3419 5025 πολλαὶ
3441 4964 3490 5017 αἱ
3515 4969 3646 5051 tot?”

2164 5097 2258 5134 ται
2307 5046 2650 5145 Ἐκκλησίαι,
2680 5071 2790 5125 δεῖν
2824 5070 2880 5124 δε
2919 5066 3278 5136 ἀπεδείξαμεν
3305 5062 3386 5115 ἀει
3415 5046 3647 5133 antibo.-

2165 5173 2244 5237 εἰς
2274 5170 2332 5224 ἓν
2364 5167 2691 5234 συνάγεσθαι
2722 5163 2798 5233 τῷ
2844 5161 3103 5232 δίλοείδεῖν
3143 5155 3391 5227 φυσωωῖς
3438 5145 3649 5238 “Qui;

2165 5263 2501 5332 κινούμενοι,
2560 5258 2657 5318 τὰς
2710 5254 2911 5317 πολλὰς
2959 5253 3168 5323 ὲνορίας
3205 5247 3329 5318 μίαν
3358 5239 3652 5294 ἐπισκοπικην

2177 5355 2507 5425 Ἐκκλησίαν
2541 5348 2821 5420 ποιοῦμεν,
2859 5346 2935 5418 τῷ
2959 5345 3235 5413 ὲπισκόπῳ
3253 5340 3412 5397 πάσας
3440 5327 3648 5425 ἐνοθντξς·

2177 5418 2412 5518 Ὁμοίως
2446 5446 2544 5498 καὶ
2586 5418 2716 5505 τάςή
2749 5439 2949 5501 πολλὰς
3008 5432 3324 5494 ὲπισκοπάς.
3376 5418 3647 5518 μητρότξσλξί

2173 5498 2307 5611 ut;
2324 5498 2682 5608 ποιήσαντες,
2711 5532 2788 5601 τῷ
2809 5533 2889 5584 ἐνὶ
2924 5498 3288 5600 μητροπολίτῃ
3339 5498 3643 5611 nocuisti?

2172 5599 2574 5702 συνηγάγομεν.
2612 5599 2778 5677 Πάλιν
2810 5622 2867 5675 δὲ
2906 5599 3004 5682 τὰς
3041 5614 3387 5689 μητροπόλεις

2171 5695 2467 5796 τρωῶιτὲῆ
2581 5714 2879 5785 Ἐκκλησίᾳ
2966 5708 3382 5779 συντιρμόσαντεί

2177 5780 2408 5887 τριάρῖὶῃ
2441 5780 2518 5863 ζέε
2553 5811 2682 5881 μίαν
2721 5780 2968 5877 μεγάλην
3004 5799 3317 5870 Ἐκκλησίαν
3365 5780 3640 5855 συνήψαμεν
