3902 6208
276 385 381 455 8.9

1250 401 1348 461 DE
1386 402 1541 461 UNA
1578 400 1677 461 ET
1718 399 2145 461 CATIIOLICA
2185 404 2567 465 ECCLESIA.

3406 397 3514 460 850

277 505 433 555 τοίτο
462 504 690 570 γίνεταν,
722 506 775 558 ἀ)
787 507 833 558 λ’
861 507 1025 561 ἵναθοί
1055 507 1220 562 αὐτοῦ
1247 512 1678 580 μνημονεύοντες
1711 512 1841 563 ἐνω-

1960 533 2106 571 orum
2138 515 2421 585 putridum
2456 513 2783 583 rejieiendus
2820 523 2923 567 est.
2962 511 3149 580 Neque
3174 512 3361 566 eadem
3393 528 3515 579 quae

278 590 413 649 θῶσι
468 599 532 667 τῇ
573 599 669 667 μιᾷ
703 598 961 669 καθολικῇ
1010 601 1333 673 Ἐκκλησία.
1367 605 1614 673 -Ὣσπερ
1649 607 1759 672 γάρ
1789 607 1845 655 ἐν

281 686 498 755 στρατῷ
533 686 581 736 ei
610 686 743 739 δέκα
794 689 1130 759 στρατιῶται
1188 690 1266 759 τῷ
1297 693 1551 763 δεκάρχῳ
1600 693 1845 747 ὲνοῦνται

280 777 357 838 εἰς
384 774 464 833 ἓν.
496 777 591 828 καὶ
639 778 688 830 oi
721 777 851 832 δέκα
886 780 1143 851 δέκαρχοι
1172 782 1249 852 τῷ
1276 785 1689 855 ἐκατοντάρχῳ.
1750 786 1847 838 καὶ

278 868 324 919 οἱ
354 867 486 918 δέκα
517 867 908 939 ἑκατόνταρχοι
968 873 1045 940 τῷ
1073 874 1363 943 χιλιάρχῳ,
1426 876 1517 927 καὶ
1548 876 1597 927 οί
1627 874 1848 945 ’χιλίαρ-

278 976 360 1029 χοι
389 958 466 1027 τῷ
501 960 811 1030 στρατηγῷ,
845 963 893 1014 οί
919 962 981 1029 δὲ.
1027 964 1213 1018 πολλοὶ
1243 966 1464 1036 στρατοὶ
1496 968 1590 1018 καὶ
1618 982 1848 1035 στρατη-

280 1048 368 1114 γοὶ
399 1049 476 1116 τῷ
505 1050 585 1101 ἑνὶ
618 1050 820 1117 βοςιλεϊ
847 1052 935 1104 καὶ
967 1054 1352 1127 αὐτοκράτορι·
1397 1055 1572 1119 οὕτως
1616 1056 1849 1127 ἔχεικαὶ

280 1146 337 1193 ἑν
363 1143 428 1210 τῇ
464 1140 554 1193 τοῦ
585 1142 721 1193 Θεοῦ
748 1143 1070 1214 Ἐκκλησία.
1103 1124 1251 1199 ’Λντῖ
1271 1147 1379 1215 γὰρ
1406 1124 1688 1217 δεκάρχων
1722 1149 1849 1210 τοὺς

283 1232 381 1301 μὲν
420 1233 642 1303 ὲνοριῶν
692 1234 857 1303 ίερεῖς
891 1234 1109 1304 ἔχομεν,
1156 1237 1588 1307 ἑκατοντάρχους
1645 1239 1701 1290 δὲ
1721 1239 1848 1302 τοὺς

281 1324 613 1387 ἐπισκόπους
654 1326 801 1378 εἴποι
830 1343 915 1388 τις
968 1326 1057 1393 ἂν,
1121 1329 1246 1391 τοὺς
1300 1328 1354 1381 δὲ
1382 1329 1849 1400 ἀρχιεπισκότῖους

280 1414 615 1486 χιλιάρχους,
648 1420 991 1487 στρατηγοῦς
1024 1420 1081 1472 δὲ
1124 1420 1380 1488 μεγάλων
1431 1422 1683 1490 στρατῶν
1721 1421 1849 1483 τοὺς

286 1507 553 1574 μεγάλους
593 1505 706 1573 ἐγὼ
735 1511 828 1560 καὶ
863 1508 1044 1572 θείους
1074 1513 1427 1581 πατριάρχας
1458 1512 1726 1583 ἠγοῦμαι.
1790 1513 1849 1567 ’0

283 1596 336 1648 δὲ
359 1599 591 1660 πάππας
614 1598 687 1662 ὡς
721 1600 1078 1671 αὐτοκράτωρ
1129 1602 1222 1655 καὶ
1263 1601 1519 1671 βασιλεὺς
1580 1604 1681 1672 τῆς
1727 1604 1850 1658 Ἐκ-

282 1688 510 1753 κλησίας
542 1688 707 1743 ἐστίν.
752 1690 834 1743 Ὠ·
864 1690 1119 1759 βασιλεὺς
1145 1693 1201 1745 δὲ
1233 1689 1408 1758 εἶπον,
1473 1697 1594 1748 ἐπεὶ
1625 1697 1725 1767 οὐχ
1774 1698 1852 1760 ὡς

279 1778 561 1847 τύραννος,
597 1780 711 1834 ἀλλ’
742 1784 978 1836 ἑκόντων
1010 1786 1119 1836 τῶν
1149 1785 1410 1855 ὑπηκόων
1443 1789 1633 1858 ἄρχειν
1686 1790 1853 1843 α’ύτόν

280 1873 377 1924 δεῖ.
433 1873 600 1925 Ὥστε
634 1874 764 1926 ὅταν
791 1877 922 1944 περί
962 1895 1107 1940 τινος
1141 1877 1251 1930 τῶν
1285 1879 1643 1948 θεολογικῶν,
1691 1883 1721 1950 ἦ
1756 1885 1851 1937 καὶ

280 1964 387 2016 τῶν
423 1963 542 2016 κατ’
579 1967 891 2032 οἰκονομίαν
929 1968 1063 2036 πρὸς
1095 1970 1369 2037 σωτηρίαν
1401 1973 1711 2041 ἀναγκαίων
1750 1973 1850 2043 ζη-

280 2052 466 2118 τῆται,
497 2053 596 2103 οὐκ
645 2054 807 2106 αὐτὸν
870 2056 1098 2123 κρίνειν,
1144 2058 1277 2110 ἀλλὰ
1315 2064 1380 2131 τῇ
1418 2063 1521 2131 τῶν
1578 2064 1849 2116 πλειόνων

282 2139 591 2209 ἀρχιερέων
626 2143 1032 2198 ἀκολουθοῦντα
1074 2150 1321 2221 γνώμην,
1378 2124 1572 2225 φέρειν
1604 2155 1705 2226 τὴν
1744 2156 1853 2224 ψῆ-

285 2246 404 2299 φονο
437 2233 683 2302 καθάπερ
715 2235 801 2303 ἐφ’
826 2238 957 2306 ἡμῖν
990 2237 1242 2310 Εὒγὲνιος
1272 2246 1300 2296 6
1330 2245 1504 2313 μέγας
1535 2249 1593 2300 ἐν
1623 2251 1688 2316 τῇ
1727 2265 1852 2301 συν-

283 2323 389 2393 όδῳ
428 2326 491 2392 τῇ
520 2342 585 2376 πε
598 2326 651 2395 ρὶ
692 2326 792 2397 τῆς
812 2328 1193 2399 ὲκπορεύσεως
1225 2333 1318 2387 τοῦ
1347 2336 1507 2401 ἁγίου
1534 2337 1853 2408 Πνεῦματος

284 2413 570 2488 ζητησάσῃ
605 2419 923 2488 ἐποιήσατο.
963 2421 1117 2474 "031‘
1148 2423 1250 2493 ήδη
1302 2426 1653 2495 κεκυρῶσθαι
1696 2430 1857 2484 τοῦτο

282 2506 345 2559 τὸ
394 2508 641 2580 ζήτημα,
696 2515 786 2564 καὶ
844 2514 923 2584 τῷ
986 2516 1292 2585 ἁναθέματι
1349 2520 1671 2575 ὑποκεῖσθαι
1729 2526 1856 2587 τοὺς

284 2600 647 2662 ἀπειθοῦντας
708 2605 774 2674 τῇ
823 2606 881 2657 ἐν
936 2605 1249 2678 Φλωρεντίᾳ
1306 2612 1576 2683 γενομένῃ
1632 2616 1854 2688 συνόδῳ.

285 2691 458 2744 Τοῦτο
521 2693 628 2762 γὰρ
685 2694 915 2765 ὥρισται
950 2701 1089 2751 κατὰ
1143 2699 1251 2752 τῶν
1306 2702 1680 2760 ἀπειθούντων
1735 2712 1858 2772 ταῖς

284 2781 599 2845 καθολικαῖς
630 2784 889 2848 συνίδοις.
922 2786 1020 2839 Ἐκ
1050 2787 1269 2842 πάντων
1297 2786 1391 2844 οὖν
1444 2793 1654 2846 τούτων
1692 2813 1857 2863 φανε-

285 2875 400 2944 ρὸν,
428 2874 518 2926 τὸν
565 2873 797 2927 πάππαν
855 2873 1019 2943 εἶναι,
1117 2881 1267 2933 πᾶσα
1296 2883 1327 2946 ἡ
1357 2883 1415 2934 ἐν
1457 2884 1688 2939 καθόλου
1736 2888 1857 2942 Ἐκ-

286 2967 485 3037 κλησία
522 2969 835 3037 συνάγεται.
867 2971 1176 3040 Πᾶσαιγὰρ
1212 2974 1269 3025 αἱ
1294 2974 1580 3044 ἐκκλησίαι
1611 2981 1675 3047 τῇ
1725 2978 1859 3031 Ῥώ-

289 3078 393 3130 μης
424 3059 710 3123 ἑνίζονται.
740 3061 886 3133 Αὕτη
919 3063 977 3117 δὲ
1020 3065 1098 3132 τῷ
1131 3067 1354 3137 πάππα.
1416 3070 1594 3122 Πᾶσαι
1645 3073 1752 3141 ἄρα
1780 3072 1857 3143 τῷ

1946 619 2001 663 et
2052 623 2302 662 summus
2354 606 2594 675 pontifex
2635 602 2822 666 sentit,
2865 604 2956 669 qui
3005 603 3154 656 illius
3183 616 3518 655 commemo-

1949 702 2211 754 rationem
2251 716 2360 753 non
2414 699 2562 753 ficit.
2618 696 3082 752 Commemoratio
3131 697 3314 764 itaque
3365 695 3515 747 illius

1950 784 2092 845 inter
2148 792 2434 845 Missarum
2501 791 2765 844 solemnia
2808 788 3052 851 facienda
3114 796 3220 840 est.
3283 786 3349 839 Et
3401 786 3514 838 haec

1950 883 2094 936 illius
2122 884 2407 958 memoria,
2446 898 2552 936 non
2587 892 2645 936 ut
2674 883 2748 936 illi
2787 882 2966 935 honor
3008 878 3379 947 impendatur,
3433 877 3514 935 lit.

1948 974 2042 1027 sed
2074 982 2132 1027 ut
2162 974 2254 1043 qui
2287 974 2436 1027 illum
2467 980 2935 1035 commemorant,
2969 971 3066 1025 uni
3098 969 3377 1024 catholieze
3416 967 3518 1022 Ec-

1949 1065 2131 1119 clesiae
2184 1065 2463 1119 uniantur.
2497 1064 2675 1119 Veluti
2727 1064 2875 1118 enim
2906 1063 2981 1118 'in
3033 1060 3275 1117 exercitu
3327 1060 3516 1113 decem

1950 1157 2153 1212 milites
2186 1157 2474 1211 dechriuni
2512 1158 2566 1211 iu
2604 1172 2770 1210 unum
2808 1156 3094 1216 uniuntur.
3127 1153 3400 1206 ctuleecm
3428 1150 3522 1202 de-

1950 1247 2206 1301 curiones
2254 1246 2585 1311 centurioni,
2619 1253 2673 1300 ct
2726 1245 2915 1300 decem
2969 1243 3320 1298 centuriones
3371 1239 3519 1293 mille

1952 1340 2184 1394 militum
2214 1340 2493 1410 pnet'ecto,
2527 1349 2583 1395 et
2614 1340 2762 1394 mille
2808 1339 3040 1393 militum
3082 1336 3371 1407 praefectus
3422 1335 3524 1386 (lu-

1940 1429 2085 1491 ctori
2142 1429 2443 1499 exercitus.
2498 1429 2651 1483 multi
2701 1444 2834 1483 vero
2878 1428 3156 1482 exercitus
3220 1436 3274 1478 et
3328 1439 3521 1478 eorum

1951 1521 2120 1575 duces
2148 1522 2242 1576 uni
2270 1522 2381 1590 regi
2410 1531 2464 1576 et
2486 1521 2825 1591 imperatori,
2887 1520 2960 1575 ita
2988 1530 3044 1575 ct
3070 1520 3123 1574 iu
3157 1518 3247 1572 Dei
3278 1516 3523 1571 Ecclesia

1954 1610 2032 1664 lit.
2066 1609 2205 1666 Sunt
2238 1613 2383 1665 enim
2418 1610 2576 1664 nobis
2614 1610 2973 1663 decurionum
3000 1608 3116 1662 vice
3157 1606 3521 1675 parmeiarum

1953 1701 2286 1763 sacerdotes,
2331 1712 2388 1756 et
2418 1701 2779 1755 centuriones
2832 1700 3118 1770 episcopos
3163 1713 3268 1752 non
3319 1698 3526 1751 incom-

1956 1789 2116 1844 mode
2160 1790 2548 1860 appellat-eris,
2581 1789 3029 1859 archiepiscopos
3084 1788 3231 1842 milie
3290 1788 3521 1841 militum

1955 1883 2284 1956 praefectos:
2334 1882 2591 1936 ductores
2635 1896 2771 1936 vero
2823 1895 3142 1949 magnorum
3179 1880 3520 1933 exercituum

1953 1992 2180 2046 magnos
2212 1991 2314 2045 ego
2358 1975 2683 2042 divinosque
2743 1971 3088 2042 patriarchas
3135 1980 3347 2037 reputo.
3382 1970 3522 2039 Papa

1952 2084 2086 2123 vero
2115 2077 2203 2123 est
2242 2067 2409 2122 veluti
2436 2066 2696 2121 Ecclesia:
2727 2065 3027 2132 imperator
3058 2070 3115 2116 et
3158 2077 3271 2117 rex.
3310 2060 3429 2116 Dixi
3465 2071 3525 2114 ut

1956 2174 2070 2220 rex,
2105 2173 2281 2228 neque
2309 2158 2455 2211 enim
2490 2165 2754 2228 tyrannus
2776 2165 2881 2221 est,
2930 2154 3022 2224 qui
3050 2155 3123 2208 ita
3154 2151 3526 2207 annuentihus

1956 2250 2193 2304 subditis
2240 2249 2490 2319 imperat.
2544 2248 2893 2317 Quapropter
2942 2260 3067 2300 cum
3118 2245 3184 2299 de
3233 2245 3412 2308 aliqua
3466 2257 3526 2296 re

1960 2345 2287 2411 theologica.
2322 2344 2436 2397 sive
2466 2343 2533 2394 de
2576 2342 2642 2395 iis
2673 2356 2796 2409 quae
2825 2341 2890 2395 ad
2931 2340 3164 2393 salutem
3217 2335 3525 2390 necessaria

1956 2447 2108 2498 sunt,
2136 2435 2366 2504 qumstio
2398 2435 2678 2498 inviderit,
2710 2448 2821 2487 non
2852 2432 2967 2500 ipse
3007 2428 3237 2499 iudicat.
3271 2425 3365 2480 sed
3407 2424 3526 2492 plu-

1958 2529 2098 2583 rium
2132 2527 2425 2597 prmsulum
2462 2524 2747 2579 sententia:
2784 2521 3044 2577 insistens
3067 2558 3082 2583 ,
3111 2515 3380 2571 calculum
3429 2512 3528 2567 ad-

1957 2621 2073 2675 dit:
2104 2620 2271 2675 veluti
2316 2618 2416 2673 hac
2448 2626 2634 2670 nostra
2676 2623 2837 2669 aetate
2887 2624 3116 2681 magnus
3158 2606 3436 2678 Eugenius
3470 2606 3523 2659 in

1956 2711 2185 2782 synodo.
2214 2726 2336 2780 qum
2385 2708 2453 2762 de
2500 2706 2851 2778 processione
2897 2701 3135 2773 Spiritus
3166 2698 3336 2755 sancti
3381 2711 3524 2767 qua--

1956 2801 2191 2856 stionem
2248 2811 2516 2863 moverat,
2568 2794 2836 2851 coniecit:
2897 2804 2956 2848 ut
2984 2794 3093 2863 jam
3137 2790 3206 2845 de
3235 2790 3325 2845 illa
3378 2803 3528 2857 qua}-

1956 2892 2135 2948 stione
2169 2893 2441 2947 lirmatum
2469 2890 2561 2952 sit,
2587 2898 2643 2943 et
2691 2885 3026 2943 anathemati
3058 2884 3395 2954 subjaccaut,
3431 2880 3525 2951 qui

1957 2984 2164 3055 synodo
2192 2981 2480 3037 Florentiae
2510 2991 2714 3037 coactae
2764 2995 2869 3033 non
2916 2977 3198 3032 obediunt.
3225 2973 3338 3028 Hoc
3370 2988 3525 3049 uatu-

1957 3091 2064 3144 quc
2100 3075 2152 3128 in
2195 3089 2291 3129 eos
2327 3074 2418 3143 qui
2450 3071 2797 3142 generalibus
2843 3067 3065 3140 synodis
3095 3082 3201 3121 non
3235 3063 3524 3121 obediunt.

289 3151 510 3223 πάππα.
543 3154 651 3209 Kal.
690 3154 779 3207 διὰ
820 3155 981 3209 τοῦτο
1009 3157 1059 3207 oi
1091 3158 1165 3226 μὴ
1197 3158 1447 3225 θέλοντες
1495 3162 1662 3216 αὑτοῦ
1683 3202 1700 3228 ,
1726 3165 1855 3218 ὅταν

1960 3167 2313 3220 constitutum
2349 3174 2451 3219 est.
2493 3164 2589 3218 His
2621 3163 2877 3217 omnibus
2922 3161 3079 3230 plane
3132 3166 3297 3229 patet,
3334 3169 3527 3226 papam

287 3244 387 3311 δεῖ,
409 3245 506 3297 καὶ
535 3244 608 3307 ὡς
637 3245 736 3312 δεῖ,
768 3248 989 3319 μνήμην
1013 3250 1311 3316 ποιεῖσθαι,
1341 3251 1448 3323 ἰδίᾳ
1472 3253 1724 3324 βουλήσει
1752 3256 1851 3322 τῆς

287 3339 417 3406 μιᾶς
441 3338 735 3408 καθολικῆς
760 3337 1087 3411 Ἐκκλησίας
1112 3343 1585 3414 ἀποκηρύττουσιν
1602 3329 1850 3411 ἑαυτούς.

1962 3272 2129 3310 unum
2152 3271 2296 3320 csse,
2322 3269 2428 3322 quo
2453 3254 2691 3309 Ecclesia
2725 3253 2994 3307 catholica
3020 3252 3072 3305 in
3096 3267 3263 3305 unum
3294 3249 3527 3318 cogilur.

1961 3348 2398 3415 Universaccnim
2414 3348 2671 3402 Ecclesia:
2691 3348 2946 3401 Romana)
2961 3345 3245 3410 nniuntur,
3263 3346 3376 3412 ipsa
3402 3356 3530 3394 vero

286 3447 458 3502 papae.
488 3433 629 3502 Ergo
671 3434 941 3488 universae
989 3452 1160 3505 papae.
1222 3436 1403 3503 Quare
1444 3439 1538 3509 qui
1575 3438 1721 3496 illius
1775 3442 2381 3501 commemorationem,
2413 3456 2538 3497 cum
2570 3455 2709 3510 opus
2747 3450 2850 3504 est,
2905 3448 2961 3495 et
3002 3439 3164 3493 modo
3219 3452 3327 3506 quo
3361 3434 3545 3488 atlde-r

285 3536 395 3590 cet,
423 3539 708 3598 reSpuuut,
770 3529 990 3601 propria
1023 3531 1301 3587 voluntate
1343 3547 1463 3588 sese
1506 3534 1576 3590 ab
1620 3551 1726 3590 una
1753 3536 2023 3592 catholica
2062 3535 2299 3592 Ecclesia
2330 3536 2583 3606 ejiciunt.

361 3625 451 3680 ια’.
502 3627 624 3679 Ἔτι
649 3628 730 3679 δεῖ
754 3627 970 3689 πάντως
1002 3626 1157 3691 τάξιν
1206 3623 1348 3681 εἶναι
1382 3631 1438 3682 ὲν
1481 3632 1549 3701 τῇ
1592 3632 1852 3702 καθολικῇ

290 3719 384 3771 καὶ
407 3719 837 3791 μιᾷἘκκλησία.
864 3719 936 3773 Τὸ
960 3720 1070 3791 γὰρ
1094 3720 1329 3774 ἄτακτον
1357 3721 1422 3773 ἓν
1449 3716 1588 3775 εἶναι
1612 3724 1673 3775 οὒ
1694 3722 1857 3775 δύνα-

296 3826 400 3866 ται.
452 3812 645 3876 Ἠμ;ῖς
674 3811 730 3863 δὲ
764 3812 845 3874 είς
894 3813 1027 3882 μίαν
1060 3813 1336 3866 πιστεύειν
1370 3813 1699 3885 Ἐκκλησίαν
1726 3814 1858 3884 παρ’

291 3902 457 3957 αύτεῦ
520 3905 615 3956 τοῦ
666 3904 942 3975 Συμϐόλου
1001 3907 1364 3976 κελευόμεθα.
1431 3907 1596 3973 Τάξις
1647 3908 1703 3961 δὲ
1760 3907 1865 3963 οὐκ

293 3994 445 4050 ἔσται
471 3997 528 4049 ὲν
556 3999 672 4059 ταῖς
705 3998 1048 4068 ἐκκλησίαις,
1117 3999 1191 4070 μὴ
1229 3998 1396 4069 οὔσης
1454 3999 1598 4062 τινὸς
1640 3998 1864 4069 πρώτης

293 4090 385 4141 καὶ
439 4089 720 4160 δευτέρας.
786 4091 986 4163 Πρώτη
1020 4089 1077 4143 δὲ
1126 4091 1294 4162 ήτῆς
1367 4091 1606 4162 Ῥώμης.
1672 4092 1859 4163 Ταύτῃ

293 4179 403 4250 ἄρα
462 4182 541 4234 δεῖ
568 4181 799 4235 ἕπεσθαι
873 4184 950 4244 ώς
986 4181 1178 4255 πρώτῃ
1208 4182 1287 4253 τῷ
1333 4182 1627 4253 ἀξιώματι,
1681 4185 1742 4237 οὐ
1798 4188 1864 4255 τῇ

293 4270 687 4340 ἅπαριθμήσει.
714 4258 790 4324 Τὸ
822 4273 931 4342 γὰρ
966 4273 1186 4343 πρῶτον
1246 4276 1309 4343 τῇ
1345 4275 1725 4344 ἀπαριθμήσει
1757 4275 1860 4327 οὐκ

291 4361 408 4414 ἐστι
453 4361 532 4432 τῷ
565 4362 856 4433 πράγματι
891 4364 1129 4432 πρῶτον,
1184 4364 1321 4418 ἀλλὰ
1352 4368 1417 4436 τῇ
1463 4366 1715 4435 βουλήσει
1765 4365 1879 4419 τοῦ.

291 4453 649 4523 ἀριθμοῦντος
668 4498 684 4522 ,
708 4455 788 4509 διδ
814 4457 909 4508 καὶ
935 4456 1290 4526 μεταπίπτει,
1324 4458 1721 4526 μεταϐαλόντος
1763 4460 1858 4514 τοῦ

2036 3633 2122 3686 Η.
2154 3632 2442 3687 Przcterca.
2486 3632 2540 3685 iu
2573 3629 2842 3684 catholica
2878 3637 2931 3682 et
2979 3642 3086 3680 una
3135 3622 3373 3679 Ecclesia
3432 3636 3531 3676 nc-

1964 3723 2203 3779 cessario
2253 3725 2392 3778 ordo
2443 3723 2767 3793 requiritur.
2803 3720 2958 3787 Quod
2996 3718 3202 3773 etenim
3257 3715 3534 3769 inordina-

1968 3826 2081 3868 tum
2104 3824 2208 3878 est,
2262 3829 2432 3869 unum
2465 3830 2585 3868 esse
2616 3829 2722 3867 non
2757 3821 2970 3882 potest;
3011 3819 3066 3864 et
3099 3808 3260 3862 nobis
3292 3807 3345 3859 in
3369 3820 3532 3859 unam

1963 3906 2264 3963 Ecclesium
2327 3908 2572 3970 credere,
2603 3905 2672 3960 ah
2723 3905 2843 3976 ipso
2894 3902 3152 3974 Symbolo
3195 3900 3529 3971 prmcipitur.

1962 3999 2110 4055 Ordo
2154 4014 2287 4053 vero
2320 3999 2372 4053 in
2407 3999 2668 4052 Ecclesiis
2697 3997 2879 4051 nullus
2910 3997 3036 4058 erit,
3065 3996 3108 4049 si
3145 3995 3198 4049 in
3229 3995 3335 4048 illis
3360 3994 3534 4062 prima

1964 4101 2018 4145 ct
2063 4090 2300 4145 secunda
2358 4106 2466 4143 non
2517 4098 2621 4142 est.
2676 4088 2853 4141 Prima
2917 4096 3096 4139 autem
3139 4085 3380 4139 Romana
3429 4093 3532 4137 est.

1966 4181 2045 4236 llli
2093 4184 2259 4253 igitur
2309 4182 2385 4235 uti
2440 4179 2633 4250 prima:
2661 4179 2944 4247 dignitate,
2985 4191 3093 4229 non
3124 4174 3537 4229 enumeratione

1966 4273 2457 4329 oh~ccumlandum
2489 4283 2592 4327 est.
2624 4272 2756 4326 Nam
2788 4271 3019 4340 primum
3050 4268 3537 4323 inenumeratione

1967 4383 2025 4420 re
2053 4367 2285 4435 primum
2334 4379 2439 4418 non
2471 4372 2573 4422 est.
2615 4363 2709 4417 scd
2743 4362 2975 4415 arbitrio
3006 4369 3115 4415 stat
3142 4358 3535 4429 enumerantis.

1968 4468 2363 4529 promereaque
2401 4459 2636 4527 primatu
2688 4456 2913 4519 excidit.
2966 4455 3008 4509 si
3043 4467 3373 4509 enumerans
3417 4450 3561 4504 loco~

288 4544 650 4615 ἁριθμοῦντος
695 4548 757 4599 τὸ
787 4546 1061 4618 δεύτερον,
1117 4549 1240 4619 ἢτδ
1308 4551 1514 4619 τρίτον.
1560 4551 1592 4621 ἢ
1650 4550 1779 4605 ἄλλο
1806 4570 1856 4605 τι

1969 4552 2114 4606 illius
2160 4551 2458 4604 secundum
2504 4562 2597 4603 aut
2629 4550 2850 4603 tertium
2894 4546 3263 4602 collocaverit.
3292 4544 3538 4598 Romana

288 4637 414 4689 ἀντὶ
444 4636 535 4690 τοῦ
567 4637 807 4707 πρώτου.
865 4637 929 4691 Ἦ
959 4638 1013 4690 δὲ
1038 4638 1136 4708 τῆς
1181 4639 1399 4709 Ῥώμης
1434 4639 1731 4713 Ἐκκλησία
1770 4647 1864 4696 καὶ

288 4723 360 4799 ἦν
396 4730 487 4781 καὶ
514 4729 628 4781 ἐστι
665 4730 760 4783 καὶ
809 4731 964 4782 ἔσται
1001 4730 1192 4800 πρώτη
1251 4747 1441 4784 πασων
1474 4734 1582 4785 τῶν
1638 4734 1867 4802 Ἐκκλη-

293 4820 448 4874 σιῶν.
487 4821 594 4873 Καὶ
631 4822 658 4874 ό
686 4822 887 4893 ταύτης
914 4824 1026 4892 ἄρα
1082 4824 1288 4894 ποιμὴν
1347 4824 1560 4894 πρῶτός
1604 4826 1720 4877 ὲστι
1754 4825 1864 4885 τῶν

291 4911 567 4981 ποιμένων
598 4913 814 4966 πάντων
842 4914 942 4981 τῆς
973 4913 1326 4984 Ἐκκλησίας,
1360 4916 1421 4968 ού
1448 4918 1512 4984 τῇ
1538 4916 1858 4985 ἀπαρθμή-

293 5019 401 5067 σει,
425 5003 562 5057 ἀλλά
592 5006 658 5076 τῇ
686 5005 837 5075 ἀξία.
870 5006 1083 5076 ’Ὠσπερ
1104 5006 1215 5076 γὰρ
1240 5008 1539 5078 Ἐκκλησία
1583 5008 1696 5077 ἔχει
1730 5010 1865 5078 προς

301 5095 656 5167 Ἐκκλησίαν,
682 5098 826 5152 οὕτω
854 5102 951 5153 κοιλ⁸
987 5100 1193 5171 ποιμὴν
1228 5100 1361 5168 πρὸς
1395 5104 1652 5168 ποιμένα.
1695 5093 1865 5163 Οὗτος

292 5187 405 5255 ἄρα
434 5190 581 5242 ἐστὶν
630 5192 659 5244 6
689 5190 933 5262 διάδοχος
990 5192 1082 5246 τοῦ
1135 5192 1351 5264 πρώτου
1407 5191 1516 5245 τῶν
1551 5192 1864 5245 ἀποστόλων

296 5282 528 5349 Πέτρου.
559 5282 765 5345 Πάντες
793 5286 901 5352 γὰρ
924 5284 973 5336 οἱ
1001 5284 1226 5353 μεγάλοι
1260 5286 1540 5354 ἀρχιερεῖς
1575 5284 1684 5336 τῶν
1731 5286 1866 5337 ἀπο-

294 5374 505 5426 σεόλων
539 5376 632 5427 καὶ
664 5375 911 5442 λέγονται
936 5378 1030 5430 καὶ
1067 5376 1175 5428 εἰσὶ
1196 5375 1431 5445 διάδοχοι
1455 5391 1469 5406 ο
1515 5375 1611 5427 καὶ
1657 5376 1685 5427 6
1712 5375 1864 5443 πρῶ-

292 5480 386 5521 τος
419 5464 706 5534 ἀρχιερεὺς
733 5465 841 5535 ἀρα
875 5464 969 5518 τοῦ
1019 5466 1323 5534 κορυφαίου
1365 5465 1473 5517 τῶν
1523 5465 1859 5519 ἀποστόλων.

308 5553 602 5623 Ἐδόθησαν
639 5555 695 5607 δὲ
718 5557 771 5609 at!
812 5556 957 5619 κλεῖς
984 5557 1081 5625 τῆς
1135 5556 1413 5625 βασιλείας
1465 5555 1575 5608 τῶν
1620 5556 1866 5624 οὐρανῶν

298 5643 450 5711 μόνῳ
478 5645 698 5711 ἀμέσως
730 5644 805 5713 τῷ
838 5646 1048 5716 Πέτρην
1087 5646 1181 5699 καὶ
1217 5644 1295 5714 τῷ
1343 5645 1541 5716 πάππα
1564 5646 1670 5714 ἄρα
1724 5646 1867 5697 κατά

291 5734 570 5803 διαδοχήν.
605 5735 761 5786 Ὅσοι
790 5733 882 5786 οὖν
906 5736 1014 5788 τῶν
1055 5737 1365 5806 ἀρχιερέων
1427 5735 1725 5804 δίεσχινται
1758 5735 1865 5786 ἀπὸ

294 5825 398 5894 τῆς
439 5826 765 5899 Ἐκκλησίας
822 5829 920 5899 τῆς
986 5828 1238 5900 Ῥώμηςξ,
1298 5830 1373 5897 μὴ
1432 5828 1863 5898 μνημονεύοντες

1967 4657 2094 4693 vero
2128 4641 2368 4695 Ecclesia
2414 4650 2470 4695 et
2522 4641 2647 4706 fuit,
2681 4649 2735 4693 et
2785 4651 2890 4704 est,
2933 4649 2986 4693 et
3017 4641 3124 4692 erit
3152 4640 3393 4691 omnium
3442 4636 3542 4689 Ec-

1967 4733 2253 4785 clesiarum
2289 4732 2485 4798 prima.
2538 4732 2688 4802 Illius
2721 4730 2887 4800 igitur
2938 4741 3127 4799 pastor
3156 4737 3242 4783 est
3292 4728 3539 4781 omnium

1970 4823 2224 4876 Ecclesiae
2262 4830 2540 4892 pastorum
2570 4822 2798 4890 primus,
2839 4837 2945 4874 non
2982 4820 3421 4878 enumeratione,
3444 4818 3543 4872 sed

1965 4913 2250 4983 dignitate.
2309 4913 2394 4969 Uti
2431 4914 2577 4967 enim
2615 4928 2673 4966 se
2729 4913 2894 4967 habet
2949 4912 3192 4966 Ecclesia
3229 4911 3296 4964 ad
3354 4910 3544 4964 Eccle-

1967 5006 2124 5065 siam,
2158 5006 2229 5059 ita
2260 5016 2315 5060 et
2340 5014 2524 5075 pastor
2557 5005 2623 5058 ad
2652 5014 2946 5071 pastorem.
2991 5004 3090 5058 llic
3118 5017 3257 5073 ergo
3280 5013 3364 5056 est
3396 5001 3542 5056 Petri

1966 5098 2337 5167 apostolorum
2367 5098 2625 5167 principis
2664 5112 2971 5151 successor.
3026 5098 3229 5152 Omnes
3271 5095 3545 5165 siquidem

1966 5190 2313 5260 insigniores.
2346 5189 2607 5260 prxsulcs
2665 5188 3039 5255 apostolorum
3091 5168 3455 5240 succcssorcs‘
3484 5194 3543 5239 et

1966 5280 2249 5343 dicuntur.
2274 5292 2338 5336 et
2386 5290 2533 5333 sunt.
2572 5280 2640 5334 Et
2682 5280 2890 5348 primus
2943 5280 3125 5347 itaque
3158 5277 3543 5348 prmsuﬁ‘apo-

1966 5373 2231 5427 stolarum
2291 5373 2574 5443 principis.
2624 5372 2964 5427 Concrcdita:
3015 5387 3142 5426 vero
3196 5382 3323 5426 sunt
3376 5374 3529 5443 regni

1966 5465 2227 5519 caelorum
2286 5465 2465 5518 claves
2517 5464 2616 5519 Soli
2678 5464 2839 5518 Petro
2891 5464 3227 5528 immediate,
3270 5464 3438 5533 igitur
3482 5473 3541 5520 et

1971 5569 2121 5622 pana:
2171 5556 2476 5606 secundum
2515 5555 2941 5608 successionem.
2986 5554 3313 5619 Quicunque
3358 5554 3544 5622 itaque

1969 5642 2231 5712 prasules
2283 5644 2353 5697 ab
2414 5644 2657 5699 Ecclesia
2716 5645 2960 5698 Romana
3024 5645 3380 5707 dividuntur,
3434 5660 3543 5698 non

1969 5742 2483 5797 commemorantes,
2515 5730 2598 5789 ‘ut
2651 5735 2913 5799 addecet,
2990 5735 3187 5788 summi
3238 5736 3537 5804 pontiﬁcis,

1973 5842 2078 5882 non
2114 5827 2318 5882 haben.
2350 5828 2551 5884 claves.
2583 5828 2817 5895 ldcuqlw
2867 5837 2921 5883 et
2957 5829 3082 5895 ipsi,
3132 5842 3183 5884 ct
3237 5845 3426 5883 eet-tm:
3451 5841 3541 5881 se.
