3902 6208
234 375 363 455 δεῖ

1220 379 1315 436 DE
1362 377 1523 439 ΗΜΛ
1570 379 1662 437 ET
1704 378 2133 439 CATIIULICA
2166 379 2551 443 ECCLESM.

3383 389 3491 453 858

233 491 520 559 ἑπόμενον.
559 487 795 552 Σώζεται
832 487 886 538 δὲ
918 485 1090 547 οὐδεὶς
1129 486 1203 555 μὴ
1235 486 1541 555 ὀρθόδοξος.
1586 484 1798 538 ’Λδύνα-

1911 485 2060 539 nitur
2083 501 2213 540 vero
2243 488 2444 543 animal
2480 498 2646 554 tactu,
2696 492 3035 547 deﬁniuntur
3075 503 3128 549 et
3169 495 3285 564 ipsa
3343 510 3489 553 recta

154 622 161 635 ι
234 599 326 635 τον
356 581 463 649 ἄρα
496 580 731 650 σωθῆναι
759 580 849 631 τὸν
892 579 966 648 μὴ
996 580 1063 648 τῇ
1109 578 1407 650 Ἐκκλησία
1439 579 1536 647 τῆς
1576 577 1803 647 Ῥώμης

235 671 741 740 συνοροοδοξοῦντα.
912 699 917 705 ~

1914 576 2165 646 dogmata
2218 578 2467 659 Ecclesia
2521 582 2764 636 Romana
2815 601 2827 646 ;
2896 595 2955 638 ut
3004 585 3346 640 ortltodoxns
3397 588 3489 642 illc

1915 676 2229 737 reputetur,
2260 672 2353 740 qui
2386 671 2644 727 Romana:
2677 675 2933 729 Ecclesia:
2968 676 3363 746 professionem
3399 695 3489 732 se-

238 768 446 837 quitur.
482 768 551 821 At
599 767 806 826 nullus.
852 760 946 838 qui
988 767 1329 821 ortltodoxus
1358 780 1467 821 non
1501 765 1595 831 sit,
1628 765 1858 821 salutem
1900 766 2276 835 consequitur.
2306 766 2449 821 Fieri
2498 783 2631 839 ergo
2673 786 2778 823 non
2812 779 3010 839 potest,
3040 780 3097 826 ut
3127 788 3267 827 unus
3292 773 3491 842 aliquis

233 864 396 918 saluti
431 881 543 917 sine
596 864 901 933 provideat.
928 865 1019 934 qui
1066 879 1190 917 cum
1227 862 1469 917 Romana
1517 862 1760 917 Ecclesia
1818 876 1925 916 una
1961 862 2297 917 ortltodoxus
2325 878 2432 916 non
2468 876 2571 919 cst.

302 957 383 1014 ιδ’.
416 959 686 1028 Βούλομαι
709 959 754 1012 δ’
779 961 967 1028 ἐπειδὴ
992 960 1149 1024 τάξιν
1166 959 1254 1029 ἔχε
1266 977 1314 1013 ιν
1339 961 1441 1023 τὰς
1478 960 1806 1031 Ἑκκλησίας

232 1051 295 1102 ὲκ
330 1048 438 1102 τῶν
483 1051 830 1120 πραγμάτων
875 1051 1055 1103 αὐτῶν
1111 1050 1209 1103 καὶ
1256 1051 1355 1119 τῆς
1402 1044 1803 1124 ὁμοιώσεως,ᾖ

232 1142 674 1212 παραϐάλλουσιν
704 1142 756 1195 οἱ
790 1145 923 1195 θεῖοι
961 1144 1207 1212 Πατέρες
1240 1142 1411 1205 αὐτὰς
1438 1145 1560 1206 ταῖς
1608 1143 1803 1211 αἰσθή-

233 1226 400 1293 σεᾱιει,
431 1228 816 1299 ἀπεδείξαμεν,
847 1230 909 1284 ού
935 1233 1036 1300 τὴν
1066 1233 1189 1284 κατ’
1235 1232 1633 1304 ἀπαρίθμησιν,
1668 1232 1805 1287 ἀλλὰ

233 1322 625 1392 πραγματικὴν
660 1326 753 1376 καί
778 1321 1057 1393 ἀληθινὴν,
1087 1323 1210 1394 ἥτις
1243 1325 1389 1376 ἐστὶν
1413 1326 1444 1394 ἡ
1473 1325 1593 1376 κατ’
1621 1324 1800 1389 sgm-

231 1418 291 1466 οὺ
332 1415 439 1481 γὰρ
496 1415 727 1467 δυνατὸν
789 1414 955 1485 ἄλλην
1003 1415 1037 1485 ἢ
1091 1417 1192 1485 τὴν
1251 1419 1373 1470 κατ’
1436 1418 1592 1483 ἀξίαν
1651 1403 1802 1482 τάξιν

231 1505 636 1576 πραγματικῶς
696 1505 845 1573 ἔχειν
901 1510 999 1568 τὰς
1061 1507 1411 1576 Ἐκκλησίας,
1467 1510 1624 1576 ὀλίγα
1678 1512 1802 1563 τινὰ

237 1604 362 1667 περὶ
419 1601 516 1667 τῆς
589 1600 985 1667 πραγματικῆς
1055 1599 1261 1667 ταύτης
1323 1599 1529 1665 τάξεως
1600 1603 1799 1658 εἰπεῖν.

234 1690 407 1741 ιιλείω
436 1694 542 1756 γὰρ
562 1690 623 1741 οὐ
656 1688 896 1755 δύναμαι
927 1691 987 1741 τό
1017 1705 1079 1757 γε
1107 1686 1203 1741 νῦν
1236 1689 1359 1758 ἔχον
1391 1689 1575 1757 λέγειν
1597 1706 1610 1719 ·
1643 1692 1802 1743 τοῦτο

235 1782 331 1850 μὲν
354 1781 431 1850 τῷ
463 1780 640 1844 ἄλλοις
672 1780 1009 1850 ἐνοχλεῖσθαι
1040 1780 1283 1846 πολλοῖς,
1315 1782 1475 1834 τοῦτο
1502 1783 1557 1836 δὲ
1601 1784 1695 1835 καὶ
1725 1785 1802 1851 τῷ

1988 960 2073 1014 li.
2110 960 2206 1015 Est
2240 977 2406 1028 porro
2454 963 2506 1015 in
2557 962 2763 1025 animo,
2820 978 2941 1017 cum
2973 964 3225 1020 ordinem
3258 981 3378 1019 esse
3432 968 3486 1019 in

1913 1050 2192 1115 Ecclesiis,
2235 1069 2300 1107 ex
2354 1053 2519 1108 rebus
2561 1055 2716 1123 ipsis,
2768 1066 2823 1111 et
2853 1057 3231 1120 similitudine,
3259 1074 3365 1126 qua
3394 1074 3487 1113 eas

1910 1143 2084 1198 sancti
2108 1144 2298 1200 Patres
2328 1162 2450 1200 cum
2484 1150 2737 1202 sensibus
2760 1158 3097 1218 comparant,
3121 1152 3485 1215 ostendimus,

1912 1250 2022 1289 non
2073 1252 2201 1291 eum
2238 1238 2328 1307 qui
2381 1252 2448 1292 ex
2492 1239 2909 1294 enumeratione
2950 1243 3327 1306 consequitur,
3386 1244 3482 1297 sed

1912 1328 2111 1382 realem
2151 1340 2207 1383 et
2246 1345 2459 1395 verum,
2491 1331 2584 1400 qui
2639 1340 2724 1385 est
2778 1332 3083 1385 secundum
3126 1332 3483 1402 dignitatem;

1906 1431 2086 1486 neque
2112 1419 2259 1473 enim
2306 1420 2421 1473 ﬁeri
2454 1430 2657 1489 potest,
2691 1429 2749 1474 ut
2786 1420 2948 1475 alium
2982 1436 3145 1490 quam
3180 1424 3354 1486 illum,
3387 1424 3482 1491 qui

1904 1521 1971 1560 ex
2013 1507 2278 1577 dignitate
2325 1519 2427 1571 est,
2466 1510 2713 1564 ordinem
2769 1511 2949 1579 reipsa
3007 1512 3265 1566 Ecclesiae
3309 1515 3487 1582 possi-

1904 1596 2094 1661 deant,
2120 1614 2290 1666 pauca
2314 1600 2563 1668 quaedam
2618 1600 2686 1653 de
2727 1601 2859 1655 reali
2909 1602 3015 1654 hoc
3065 1603 3260 1656 ordine
3312 1604 3486 1655 disse-

1905 1703 2059 1756 rere;
2088 1704 2213 1744 cum
2241 1707 2348 1744 non
2387 1694 2539 1761 plura
2569 1693 2713 1747 vires
2738 1694 2790 1747 in
2832 1694 3120 1763 praesentia
3158 1704 3478 1764 suppetant.

1906 1788 2020 1833 tum
2075 1782 2223 1850 quod
2283 1783 2406 1838 aliis
2466 1786 2653 1839 muitis
2698 1800 3027 1855 praegravor,
3061 1793 3177 1838 tum
3229 1787 3372 1854 quod
3427 1787 3482 1839 in

235 1877 307 1943 μὴ
335 1873 622 1927 ἀσκείσοαξ
659 1891 769 1941 μοι,
802 1873 877 1935 ὡς
908 1872 1193 1942 βούλομαι,
1223 1874 1314 1925 τὸν
1349 1873 1590 1941 Ἕλληνα
1616 1874 1795 1941 λόγον.

1904 1871 2083 1941 lingua
2108 1873 2317 1933 Grzrca.
2341 1883 2398 1928 ut
2431 1875 2644 1938 vellem,
2668 1877 2943 1930 exercitus
2971 1890 3080 1928 non
3106 1875 3206 1929 sint
3227 1892 3241 1940 ;
3260 1878 3482 1944 quando

232 1967 340 2018 Καὶ
381 1966 513 2019 αὐτὸ
545 1967 653 2035 γὰρ
692 1965 754 2018 τὸ
799 1966 1093 2034 χαράττειν
1139 1967 1267 2028 τοὺς
1309 1964 1661 2036 Ἑλληνικοὺς
1690 1967 1800 2019 τῶν

231 2057 572 2126 γραμμάτων
627 2056 982 2126 χαρακτῆρας
1031 2056 1293 2127 δυσχερές
1339 2058 1430 2127 μοι
1462 2057 1605 2111 ἐστι.
1639 2056 1702 2110 Εἰ
1744 2056 1801 2109 δὲ

229 2148 407 2219 δοθείη
445 2149 533 2217 μοι
567 2164 692 2201 ποτε
739 2149 925 2219 σχολὴ,
958 2147 1153 2218 γράψω
1187 2150 1498 2213 Λατινικῶς
1531 2151 1661 2221 περὶ
1691 2150 1800 2201 τῶν

229 2239 492 2291 τοιούτων
528 2238 889 2307 πλατύτερον,
936 2237 1128 2310 ὥσπερ
1158 2240 1252 2293 καὶ
1282 2244 1410 2311 περὶ
1445 2242 1622 2295 ἄλλων
1671 2242 1802 2295 πολ·

230 2328 337 2381 λῶν
359 2345 373 2358 ’
400 2329 485 2381 ῐνα
512 2332 559 2382 εἰ
590 2330 683 2381 καὶ
705 2329 873 2400 μηδὲν
895 2327 1045 2395 ἄλλο,
1068 2331 1407 2401 ἁμαρτωλῶν
1425 2333 1598 2386 ὄντων
1619 2334 1796 2404 ἡμῶν,

230 2419 363 2473 ἀλλὰ
390 2420 518 2487 γοῦν
546 2421 615 2473 τὰ
639 2421 737 2489 τῆς
775 2420 1088 2491 ὀρθοδοξίας
1116 2424 1214 2491 τῆς
1241 2422 1518 2491 ἡμετέρας
1552 2425 1631 2485 ei;
1670 2423 1800 2493 6:9:-

230 2513 316 2575 λος
367 2511 477 2564 τῶν
515 2512 811 2581 μετέπειτα
866 2515 1255 2584 περιφέρηται.
1292 2515 1506 2586 Ὠσπερ
1538 2516 1647 2584 γὰρ
1693 2516 1800 2587 χρὴ

230 2604 668 2674 ἐξομολογεῖσθαι
715 2604 815 2666 τὰς
853 2605 988 2668 ιδίας
1022 2605 1303 2677 ἁμαρτίας
1337 2606 1428 2658 τόν
1447 2623 1509 2673 γε
1543 2607 1803 2674 Χριστια-

229 2699 355 2759 ν“ιν,
413 2694 554 2748 οὕτω
612 2698 708 2749 καὶ
757 2699 853 2766 τὴν
917 2697 1228 2767 ὀρθοδοξίαν
1280 2697 1445 2750 αὐτοῦ
1507 2700 1800 2767 κηρύττειν

229 2790 549 2857 ἀναγκαῖον,
577 2787 650 2851 ὡς
673 2788 806 2859 παρ’
828 2789 995 2843 αὑτοῦ
1022 2790 1385 2859 δεδιδάγμεοα
1405 2789 1498 2842 τοῦ
1525 2790 1795 2859 Σωτῆρος.

238 2881 634 2951 Ὀμολογήσειν
662 2881 774 2952 γὰρ
808 2882 1208 2949 ἐπαγγέλλεται
1238 2881 1550 2951 ἔμπροσθεν
1571 2880 1665 2934 τοῦ
1693 2883 1802 2934 ila-

227 2975 352 3044 τρδς
380 2975 505 3036 τοὺς
558 2972 957 3042 ὁμολογοῦντας
1009 2974 1172 3026 αὑτὸν
1228 2972 1538 3043 ἔμπροσθεν
1567 2972 1679 3025 τῶν
1709 2975 1797 3026 ἀν-

230 3065 485 3134 ορώπων.
519 3064 687 3129 Τάξις
714 3061 807 3118 οὖν
835 3066 983 3117 ἐστιν
1030 3067 1089 3117 ὲν
1122 3067 1187 3135 τῇ
1232 3064 1528 3134 Ἐκκλησία
1564 3064 1627 3117 οὐ
1678 3064 1798 3116 κατ’

229 3158 605 3229 ἀπαρίθμησιν
629 3200 644 3220 ,
707 3158 845 3211 ἀλλὰ
879 3157 1265 3228 πραγματικὴ,
1301 3156 1360 3208 ού
1394 3155 1631 3224 φύσεως,
1685 3155 1798 3207 ἀλλ’
1826 3189 1869 3244 C

228 3248 407 3313 ἀξίας.
436 3250 548 3317 Τῆς
577 3249 635 3301 δὲ
666 3248 1058 3318 πραγματικῆς
1083 3245 1294 3312 τάξεως
1321 3245 1479 3299 τοῦτο
1505 3246 1635 3298 ἴδιόν
1657 3246 1796 3313 ἐστι,

224 3341 286 3392 τὸ
311 3342 559 3411 προέχειν
587 3341 694 3394 τῶν
721 3341 1005 3410 ἑπομένων
1033 3338 1101 3391 τὰ
1117 3339 1373 3408 ,πρότερα
1390 3353 1404 3366 ·
1433 3333 1544 3390 οἷον
1569 3336 1628 3389 τὸ
1650 3336 1800 3407 πρῶ-

224 3447 317 3483 τον
346 3433 507 3494 εὐθὺς
540 3434 760 3486 πάντων
798 3431 908 3484 τῶν
940 3430 1057 3500 μετ’
1088 3431 1288 3495 ἐκεῖνο,
1332 3428 1430 3481 καὶ
1456 3428 1518 3480 τὸ
1546 3427 1799 3497 δεύτερον

229 3524 571 3594 ἐξῃρημένον
601 3523 696 3576 τοῦ
730 3520 945 3593 πρῶτον
977 3522 1197 3575 πάντων
1225 3521 1333 3575 τῶν
1359 3519 1581 3589 ἐφεξῆς,
1611 3519 1706 3574 καὶ
1733 3520 1796 3572 τὸ

224 3618 405 3684 τρίτον
440 3616 643 3686 ὁμοίως
688 3618 798 3669 τῶν
852 3614 997 3669 κατὰ
1047 3611 1245 3668 ταῦτα.
1296 3613 1396 3665 Διὰ.
1424 3611 1587 3666 τοῦτο
1625 3612 1661 3682 ἠ
1689 3613 1796 3664 τῶν

237 3711 632 3780 Ἱεροσολύμων
672 3709 967 3781 Ἐκκλησία
1004 3709 1215 3778 ἐσχάτη
1247 3706 1381 3760 οὖσα
1408 3709 1475 3777 τῇ
1515 3705 1667 3770 τάξει
1698 3705 1796 3757 αύ-

225 3804 324 3871 τὴν
383 3804 553 3871 μόνην
590 3802 920 3874 κυϐερνήσει
958 3802 1053 3854 καὶ
1086 3800 1347 3870 οὐδεμίαν
1399 3799 1512 3865 εξει
1545 3797 1797 3863 ἐξουσίαν

226 3896 367 3947 κατὰ
393 3896 501 3948 τῶν
535 3895 732 3950 ἄλλων.
780 3895 847 3947 'H
894 3893 952 3947 δὲ
1000 3894 1100 3963 τῆς
1164 3890 1493 3961 Ἀντιοχείας
1532 3890 1666 3959 πρὸς
1697 3890 1796 3958 μὲν

221 3990 323 4063 τας
361 3990 783 4059 προηγουμένας
813 3986 968 4039 οὐδὲν
993 3987 1242 4049 δύναται,
1274 3983 1468 4054 καιροῦ
1490 3983 1545 4036 δὲ
1569 3976 1796 4035 καλοῦνὲ

152 4080 161 4087 ’
222 4096 314 4142 τος
362 4080 652 4149 δυνήσεταί
705 4094 829 4131 τινα
888 4077 1026 4147 μετὰ
1080 4076 1178 4145 τῆς
1225 4076 1336 4127 τῶν
1387 4074 1792 4145 ἰεροσοἰύμων.

222 4166 351 4224 υἷὸν
382 4190 434 4225 τι
487 4173 649 4238 λέγω.
702 4172 981 4243 Ἀφορίζει
1029 4172 1058 4223 ὁ
1094 4169 1204 4221 τῶν
1246 4166 1639 4239 Ἰεροσολύμων
1686 4182 1795 4219 πα-

220 4255 491 4336 τριάρχης
526 4264 668 4318 τινὰ.
706 4264 767 4317 -Ὀ
811 4264 868 4316 δὲ
914 4262 1254 4330 καταφεύγει
1286 4262 1378 4311 ἐπὶ
1408 4259 1498 4312 τὸν
1528 4259 1626 4329 τῆς
1675 4259 1795 4311 Ἀν-

220 4359 483 4427 τιοχείας.
539 4357 670 4409 Λύει
722 4353 914 4408 τοῦτον
945 4354 1192 4416 ἐκεῖνος,
1242 4349 1423 4422 μηδὲν
1470 4350 1581 4402 τῶν
1618 4349 1797 4402 ἄλλων

221 4449 557 4514 ποιούντων,
620 4447 654 4517 ἦ
719 4446 1011 4515 λεγόντων.
1067 4441 1217 4514 ’Δρα
1282 4443 1357 4505 ὡς
1414 4441 1796 4511 ἀφωρισμένον

1904 1969 1959 2015 et
1995 1963 2138 2030 ipsas
2169 1962 2483 2017 Gratiarum
2522 1965 2832 2019 litterarum
2882 1974 3040 2019 notas
3090 1979 3319 2018 exarare
3347 1981 3482 2033 per-

1904 2051 2128 2107 dil'licile
2165 2055 2296 2108 mihi
2327 2055 2398 2108 sit
2426 2073 2440 2108 :
2476 2057 2619 2125 quod
2659 2058 2702 2110 si
2723 2057 2947 2110 dabitur
2969 2055 3261 2125 aliquando
3281 2058 3479 2121 otium,

1904 2144 1973 2198 de
1997 2143 2064 2198 iis
2098 2145 2288 2200 iisdem
2320 2147 2486 2202 rebus
2526 2147 2761 2202 scribam
2811 2148 3004 2203 Latine
3035 2148 3231 2213 iusius,
3280 2165 3476 2217 quent-

1903 2234 2197 2290 admodum
2225 2239 2417 2307 scripsi
2443 2249 2498 2293 et
2523 2240 2589 2294 de
2621 2241 2747 2294 aliis
2794 2239 3019 2304 multis;
3057 2251 3137 2306 ut,
3173 2243 3278 2295 ctsi
3320 2240 3472 2295 .nihil

1903 2324 2076 2392 aliud,
2129 2342 2251 2382 cum
2311 2330 2528 2398 ﬂagitiis
2584 2346 2900 2395 oneremur,
2962 2333 3151 2386 saltem
3193 2348 3315 2401 quae
3375 2347 3479 2387 nos

1902 2428 2054 2472 recte
2073 2418 2383 2481 sentimus,
2406 2420 2472 2471 ad
2525 2430 2868 2488 posterorum
2908 2423 3196 2476 utilitatem
3236 2423 3474 2476 circum-

1902 2506 2171 2562 l'erantur.
2230 2507 2317 2563 Uti
2367 2510 2514 2563 enim
2562 2509 2933 2565 Christianum
2975 2511 3204 2567 addecet
3257 2514 3476 2582 propria

1902 2600 2151 2655 conﬁteri
2182 2617 2294 2670 pce;
2316 2612 2423 2666 ata,
2456 2602 2527 2655 ita
2569 2612 2625 2655 et
2650 2602 2923 2671 propriam
2961 2611 3164 2656 rectam
3204 2611 3367 2672 atque
3396 2603 3478 2657 in-

1906 2700 2108 2759 tegrant
2148 2691 2216 2745 de
2248 2694 2412 2745 rebus
2456 2690 2579 2745 fidei
2629 2691 2980 2761 dogmatibus
3013 2692 3265 2761 evulgare
3314 2692 3477 2747 debet

1902 2780 2248 2842 sententiam.
2284 2790 2344 2834 ut
2370 2781 2438 2834 ab
2467 2781 2585 2850 ipso
2612 2780 2902 2835 Set-valere
2935 2790 3126 2835 nostro
3153 2781 3475 2845 didicimus,

1902 2871 1993 2939 qui
2025 2871 2291 2941 promittit
2316 2887 2373 2925 se
2396 2887 2577 2925 coram
2616 2870 2772 2925 Patre
2823 2872 3202 2925 coniessurum
3239 2872 3359 2925 illos
3379 2873 3478 2940 qui

1901 2975 2026 3014 eum
2052 2974 2235 3014 coram
2265 2960 2581 3015 hominibus
2600 2961 3039 3028 conﬁtebuntur.
3058 2961 3167 3025 Est
3202 2962 3389 3031 itaque
3421 2963 3477 3015 in

1902 3053 2132 3107 ecclesia
2160 3053 2423 3106 ordonon
2470 3052 3046 3118 enumerationeysed
3076 3069 3156 3122 re,
3216 3070 3323 3107 non
3378 3071 3477 3108 na-

1905 3157 2061 3212 turae,
2087 3145 2182 3200 sed
2213 3145 2516 3215 dignitatis.
2571 3144 2753 3200 lieailis
2786 3162 2949 3215 porro
2976 3147 3187 3201 ordinis
3239 3147 3292 3200 id
3344 3161 3479 3218 pro-

1908 3235 2084 3304 pt‘iutn
2104 3243 2203 3298 est,
2224 3237 2402 3303 priora
2432 3234 2497 3287 iis
2515 3250 2636 3303 qua:
2683 3244 3117 3302 consequuntur,
3137 3237 3472 3302 praecellere,

1905 3327 2137 3391 exempli
2185 3325 2384 3394 gratia,
2439 3326 2674 3394 primum
2722 3326 2986 3379 continuo
3034 3326 3311 3393 omnibus,
3354 3314 3487 3395 quae

1906 3427 2027 3486 post
2062 3417 2194 3470 illud
2232 3428 2382 3480 sunt,
2406 3427 2461 3471 et
2515 3417 2843 3480 secundum,
2876 3432 2987 3472 uno
3016 3428 3245 3486 excepto
3274 3419 3475 3486 primo,

1905 3505 2182 3572 omnibus,
2223 3522 2345 3576 qua:
2406 3516 2517 3559 tum
2567 3506 2693 3560 inde
2723 3516 3102 3568 numerantur,
3130 3514 3187 3559 et
3252 3511 3476 3560 tertium

1906 3596 2158 3650 similiter
2182 3598 2252 3651 iis
2278 3612 2399 3666 qua:
2441 3597 2744 3651 secundum
2789 3596 2922 3650 illud
2972 3608 3120 3651 sunt.
3176 3596 3474 3664 Propterea

1905 3684 2390 3756 Hierosolytnitaua
2445 3686 2709 3750 Ecclesia,
2764 3701 2888 3740 cum
2938 3686 3009 3739 sit
3068 3688 3314 3738 omnium
3378 3701 3476 3756 po.

1905 3786 2107 3832 strema
2137 3779 2353 3840 ordine,
2388 3779 2735 3847 sentetipsam
2790 3779 2960 3831 solam
2997 3779 3347 3847 gubernabit,
3372 3795 3476 3833 nec

1909 3870 2073 3923 ullam
2103 3870 2155 3922 in
2191 3870 2431 3938 reliquas
2455 3869 2727 3923 Ecclesias
2762 3870 3146 3922 anetoritatem
3168 3870 3472 3925 adhibebit.

1887 3962 2244 4022 .Antiocitena
2266 3978 2394 4032 erga
2418 3977 2512 4016 eas
2543 3978 2663 4031 qua:
2692 3977 2815 4016 sese
2838 3961 3179 4030 prwccduul,
3209 3961 3302 4030 jus
3350 3964 3477 4017 nui-

1902 4053 2016 4109 lum
2045 4052 2148 4109 sibi
2171 4053 2462 4107 vendicat:
2505 4054 2549 4105 si
2584 4066 2704 4105 sese
2741 4060 2921 4104 tamen
2953 4050 3136 4104 tulerit
3202 4054 3422 4107 occasio
3453 4093 3473 4118 ,

1902 4147 2163 4201 nonnulla
2196 4146 2250 4200 in
2281 4144 2830 4218 llierosolymitanam
2864 4144 3165 4198 exercebit.
3231 4143 3474 4214 Exempli

1902 4253 2067 4295 causa
2090 4249 2326 4309 ponatur
2353 4256 2367 4293 :
2405 4238 2719 4292 Patriarcha
2765 4236 3293 4307 Hierosolytnitanus
3324 4252 3476 4291 come

1902 4335 2163 4389 munione
2194 4332 2434 4387 ﬁdelium
2463 4332 2700 4400 aliquem
2749 4331 2931 4400 privat
2970 4332 3103 4386 :ille
3153 4332 3221 4385 ad
3283 4332 3474 4386 Antiu-

1903 4428 2142 4483 chenum
2190 4426 2456 4495 confugit,
2511 4426 2768 4493 hancque
2813 4425 2929 4489 ille,
2978 4425 3118 4478 nihil
3179 4425 3302 4481 aliis
3362 4424 3476 4479 etii-

219 4515 668 4610 ἁποστρέφεσοαι
699 4539 807 4609 χρὴ
839 4540 931 4590 τὸν
961 4536 1153 4606 ἄνδρα,
1197 4533 1349 4607 ἠοῦς
1378 4534 1613 4607 Μεγάλῃ
1646 4535 1796 4604 φωνῇ

1904 4518 2199 4582 cientibus,
2239 4525 2335 4570 aut
2399 4517 2871 4577 annuutiantibus,
2904 4515 2958 4568 itt
3031 4516 3470 4569 communionem

221 4633 418 4703 κράζω
445 4631 505 4683 τὸ
526 4628 742 4694 δοκοῦν,
768 4632 818 4681 εἰ
855 4628 1069 4697 ἀνάγκη
1103 4644 1196 4697 μοι
1240 4625 1393 4679 ἔσται
1440 4625 1599 4677 τοῦτο
1644 4639 1796 4691 περι-

222 4726 434 4785 πεσεῖν,
500 4722 746 4789 κρεῖττόν
799 4736 889 4789 μοι
945 4716 1087 4771 εἶναι
1144 4716 1353 4787 νομίζω
1412 4716 1796 4785 ἀφωρισμένον

219 4813 367 4870 εἶναι
419 4817 571 4884 παρὰ
606 4812 704 4867 τοῦ
744 4811 1150 4882 Ἱεροσολύμων,
1190 4813 1297 4863 ’καὶ
1328 4808 1617 4876 λελυμένον
1647 4808 1796 4876 παρὰ

216 4909 320 4962 τοῦ
370 4909 721 4976 Ἀντιοχείας,
770 4906 802 4976 ἢ
838 4904 1223 4974 ἀτωρισμένον
1260 4903 1409 4965 παρὰ
1455 4897 1548 4952 τοῦ
1591 4900 1796 4951 Ἀντιο-

218 5001 377 5069 λείας
410 5001 502 5052 καὶ
532 4998 824 5065 λελυμένον
860 4994 1012 5062 παρὰ
1039 4991 1134 5045 τοῦ
1176 4990 1587 5059 Ἱεροσολύμων.
1625 4986 1795 5042 Τοῦτο

218 5108 333 5160 γαρ
363 5120 381 5142 ι
413 5092 565 5156 λόγος
592 5090 686 5159 τῆς
732 5088 935 5150 ταξεως
971 5088 1065 5136 καὶ
1119 5085 1180 5135 τὸ
1223 5083 1434 5152 πρέπον
1464 5081 1595 5132 αὐτὸ
1626 5084 1794 5133 ἁπαι-

218 5187 331 5239 τεί.
378 5185 489 5235 ’Λεὶ
518 5187 625 5250 γαρ
656 5179 750 5232 τοῦ
782 5179 1054 5246 προτέρου
1089 5177 1157 5245 τῇ
1190 5174 1365 5239 τάξει,
1416 5174 1512 5224 καὶ
1549 5174 1615 5242 τῇ
1670 5171 1797 5241 ἀξίᾳ

219 5277 257 5346 ἡ
289 5273 514 5343 δύναμις
541 5273 769 5341 φέρεται
797 5276 876 5333 εἰς
925 5270 995 5321 τὰ
1039 5266 1263 5334 ὕστερον
1286 5277 1301 5291 °
1332 5261 1427 5315 τοῦ
1457 5263 1515 5315 δὲ
1561 5262 1794 5333 ὑστέρου

220 5369 305 5430 εἰς
334 5367 401 5419 τὰ
430 5366 698 5434 πρότερον
724 5362 999 5431 οὐδαμῶς.
1046 5361 1147 5411 Δια
1175 5356 1331 5410 τοῦτο
1359 5358 1386 5409 6
1412 5354 1513 5435 μὲν
1542 5353 1794 5424 βασιλεὺς

217 5462 351 5519 τοὺς
379 5456 719 5526 στρατηγοὺς
754 5454 959 5524 κρίνειν
990 5452 1233 5512 δικαίως,
1261 5450 1353 5502 καὶ
1385 5448 1634 5511 κολάζειν
1659 5447 1797 5500 κατὰ

217 5552 352 5612 τοὺς
383 5554 577 5618 νόμους
609 5550 702 5600 καὶ
742 5547 811 5598 τὰ.
844 5544 940 5615 ἐοη
975 5541 1225 5603 δύναται,
1276 5543 1369 5592 καὶ
1414 5540 1442 5591 ὁ
1491 5538 1795 5609 στρατηγὸς

217 5644 352 5705 τοὺς
403 5628 882 5712 χιλιάρχους,’κα”ι
938 5639 967 5689 ὁ
1013 5636 1295 5706 χιλίαρχος
1342 5632 1468 5693 τοὺς
1506 5630 1595 5682 ὑπ’
1632 5633 1796 5682 αὑτὸν

218 5737 660 5807 ἑκατοντάρχους
707 5735 890 5788 τάττει
929 5732 1004 5794 ὡς
1048 5731 1152 5796 δεῖ,
1202 5727 1297 5782 καὶ
1328 5725 1453 5788 τοὺς
1488 5727 1565 5794 μὴ
1595 5725 1795 5792 φυλάτ-

214 5845 418 5894 τοντας
443 5829 544 5901 τὴν
570 5827 725 5893 τάξιν
759 5823 995 5891 κολάζει,
1031 5821 1124 5875 καὶ
1162 5821 1191 5872 ὁ
1238 5817 1632 5888 ἑκατόνταρχος
1664 5815 1790 5875 τοὺς

1898 4609 2157 4664 restituit.
2193 4608 2380 4661 Eritne
2439 4606 2530 4660 hic
2574 4607 2739 4659 homo
2784 4614 3041 4675 tanquam
3077 4606 3212 4659 diris
3240 4608 3475 4662 devotus

1896 4701 2154 4756 vitandus
2190 4699 2272 4753 vel
2308 4698 2455 4752 non?
2502 4698 2691 4766 Magna
2720 4712 2853 4751 voce
2914 4700 3246 4751 sententiam
3296 4712 3468 4752 meam

1900 4794 2111 4858 intono,
2147 4792 2195 4845 si
2220 4790 2520 4845 necessitas
2542 4806 2627 4844 me
2652 4804 2892 4859 unquam
2916 4790 2985 4844 ad
3019 4791 3073 4857 id
3096 4791 3425 4859 compulerit
3452 4807 3467 4843 :

1897 4883 2241 4939 commodius
2281 4885 2412 4938 mihi
2440 4884 2559 4938 fore
2575 4883 2829 4938 existimo
2869 4883 2940 4937 ah
2980 4882 3473 4953 llierusulytnitanu

1897 4980 2289 5034 communione
2315 4978 2558 5032 lideiium
2577 4992 2699 5032 esse
2728 4978 3024 5046 privatum,
3050 4976 3473 5046 restitutumque

1897 5072 1966 5125 ab
1994 5072 2355 5137 Antioclteno,
2397 5085 2560 5133 quam
2588 5068 2657 5123 ab
2712 5069 3061 5124 Antiocheno
3092 5069 3383 5138 privatum,
3418 5080 3473 5123 et

1899 5164 2210 5217 restitutum
2257 5163 2328 5216 ab
2377 5162 2890 5232 llierosolytnitano.
2934 5161 3047 5215 Hoc
3094 5161 3366 5230 siquidem
3417 5172 3474 5214 ct

1897 5255 2107 5309 ordinis
2139 5255 2302 5317 ratio.
2350 5262 2407 5308 et
2448 5254 2687 5323 postulat
2723 5254 2776 5307 id
2831 5253 2981 5322 quod
3011 5254 3192 5306 decet.
3241 5252 3472 5321 Semper

1898 5350 2043 5402 enim
2072 5357 2129 5401 et
2157 5349 2354 5402 ordine
2385 5359 2440 5399 et
2472 5347 2740 5416 dignitate
2790 5346 3193 5399 excellentiuris
3243 5344 3470 5397 facultas

1900 5443 1952 5495 in
2011 5440 2398 5510 subsequentia
2450 5441 2617 5492 robur
2668 5438 2874 5492 habet:
2921 5446 2978 5490 at
3007 5438 3349 5505 subsequens
3414 5436 3468 5488 in

1897 5534 2283 5587 excellentium
2330 5546 2630 5600 nunquam.
2704 5530 2939 5597 Ideoque
2991 5544 3084 5581 rex
3148 5526 3470 5597 juremerito

1898 5625 2159 5679 exercitui
2187 5622 2731 5694 prteieCtosjudicare
2759 5632 2815 5676 et
2845 5621 3112 5690 castigare
3163 5617 3467 5673 secundum

1898 5720 2047 5786 leges
2085 5726 2141 5770 ct
2190 5712 2641 5769 consuetudinem
2665 5720 2866 5781 potest,
2902 5725 2956 5764 et
3001 5708 3268 5763 exercitui
3322 5720 3467 5776 prino

1900 5811 2027 5865 lecti
2057 5808 2407 5873 chiliarehos,
2430 5817 2486 5862 et
2514 5804 2849 5861 chiliarchus
2872 5817 2969 5859 cos
2988 5803 3082 5873 qui
3109 5792 3209 5859 sub
3229 5815 3288 5858 se
3318 5810 3470 5865 sunt,
