3902 6208
266 311 348 379 861
393 325 396 329 ’

328 438 416 497 ις’.
447 430 659 487 Εἰδέναι
686 432 742 486 δὲ
774 434 898 504 χρὴ,
924 435 1002 488 ὅτι
1028 436 1092 490 τὰ
1125 437 1198 507 μὴ
1225 437 1411 502 ἁπλῶς
1439 438 1569 492 ὄντα
1600 439 1815 509 πρῶτα,
1851 448 1891 500 Α

269 526 386 580 ἀλλὰ
416 525 552 597 πρός
584 542 705 578 τινα
735 527 947 599 πρῶτα,
978 530 1077 582 οὐκ
1120 530 1235 600 ἔχει
1274 530 1541 603 τοσαύτην
1587 531 1817 601 δύναμιν

267 617 389 669 κατὰ
434 618 542 668 τῶν
585 617 887 687 ἑπομένων,
918 618 1042 672 ὅσον
1088 618 1203 689 ἔχει
1251 620 1312 673 τὸ
1361 621 1550 685 ἁπλῶς
1602 622 1818 693 πρῶτον

267 708 387 760 κατὰ
414 707 523 759 τῶν
552 708 672 777 μετ’
693 710 888 762 δκείνο.
924 708 988 764 Ὀ
1016 710 1124 780 γάρ
1161 713 1466 783 στρατηγὸς
1496 713 1553 768 ἔν
1578 729 1689 766 τισι
1719 705 1819 783 μὲν

266 797 469 849 δύναται
493 798 633 851 κατὰ
660 799 768 851 τῶν
798 800 1097 873 χιλιάρχων
1128 804 1363 874 ζημιοῦν
1386 806 1508 859 καθ’
1541 806 1816 872 ὑπόθεσιν,

267 888 345 942 καὶ
383 889 660 942 παιδεύειν
684 892 904 958 αὐτοὺς,
932 893 1118 957 ἁπλῶς
1148 895 1204 950 δὲ
1233 897 1332 967 τῆς
1361 898 1670 969 χιλιαρχίας
1698 898 1820 951 οὐδὲ

265 980 569 1046 ἀδικοῦντας
606 982 827 1047 ὲξωθεῑν
863 986 1103 1052 δύναται,
1136 991 1185 1042 εί
1220 992 1293 1060 μή
1353 1007 1456 1042 που
1489 989 1612 1044 κατ’
1643 989 1820 1062 ἔθοςῆ

264 1072 441 1153 νόμους
486 1075 520 1142 ή
568 1075 679 1128 τῶν
716 1077 1011 1149 χιλιάρχων
1058 1080 1266 1151 αἵρεσις
1303 1082 1497 1153 ἀνήκει
1547 1082 1716 1153 αὐτῷ.
1757 1082 1820 1134 ὐ

261 1150 358 1240 γὰρ
405 1171 679 1239 αίρείσθαι
737 1173 1035 1243 δυνάμενος
1088 1150 1182 1231 καὶ
1228 1150 1513 1247 καθαιρεῖν
1570 1150 1819 1230 δύναται.

272 1264 490 1333 Ὁμοίως
543 1260 641 1318 οὖν
692 1267 782 1319 καὶ
825 1268 851 1319 ὁ
880 1267 1163 1340 χιλίαρχος
1195 1268 1287 1324 τὸν
1311 1268 1708 1339 ἑκατόνταρχον
1767 1270 1823 1321 ἓν

263 1373 359 1409 τισι
392 1356 492 1426 μὲν
523 1357 770 1409 νουθετεῖ
810 1362 905 1410 καὶ
933 1361 1198 1428 παιδεύει,
1234 1360 1329 1414 καὶ
1361 1360 1569 1431 ζημιοῖ,
1600 1360 1821 1425 eguit.er

262 1448 311 1501 δὲ
363 1448 460 1517 τῆς
521 1449 948 1521 ἑκατονταρχίας
1001 1453 1063 1505 οὐ
1127 1452 1372 1508 δύναται.
1435 1451 1498 1505 Ἥ
1552 1454 1659 1524 γὰρ
1714 1455 1822 1508 τῶν

261 1541 507 1592 τοιούτων
542 1538 726 1608 κρίσις
754 1556 811 1593 τε
843 1543 936 1594 καὶ
971 1542 1218 1607 ἐξέτασις
1248 1543 1326 1613 τῷ
1353 1544 1695 1616 ὑπερέχοντι,
1725 1545 1822 1598 καὶ

259 1628 360 1701 ibi)
399 1631 612 1702 αἵρεσις
661 1634 1000 1700 ἀποδέδοται,
1043 1637 1191 1705 μόνῳ
1237 1636 1451 1705 ἀνήκει.
1496 1638 1717 1699 Πάντως
1765 1635 1855 1688 δὲ’

264 1721 398 1791 μόνῳ
429 1719 508 1790 τῷ
548 1721 787 1792 βασιλεῖ,
818 1725 913 1774 καὶ
951 1717 996 1791 ᾧ
1024 1725 1232 1788 ἐκεῖνος
1266 1726 1603 1797 ἐπιτρέψειε.
1637 1727 1823 1781 Πάντα

1231 322 1328 382 DE
1374 320 1533 384 UNA
1573 322 1669 382 ET
1711 323 2143 384 CATHOLICA
2188 323 2576 384 ECCLESIA.

3390 318 3493 381 862’.

2000 439 2083 493 16.
2127 438 2425 494 Sciendum
2459 454 2623 508 porro
2656 448 2761 504 est,
2796 454 2858 493 ea
2899 452 3018 507 qua:
3042 434 3291 489 absolute
3322 435 3493 503 prima

1923 545 2030 585 non
2079 539 2228 595 sunt,
2263 529 2359 584 sed
2420 545 2669 600 respccut
2723 531 2981 594 aliorum,
3018 544 3127 582 non
3163 536 3368 581 tantam
3400 524 3496 578 ha-

1922 625 2050 678 bere
2085 631 2408 693 potestatem
2434 638 2563 693 erga
2599 638 2663 678 ea
2708 638 2830 692 qua:
2861 626 3292 691 subsequuntur,
3325 632 3498 688 quan-

1924 726 2031 770 tam
2086 716 2268 780 habet,
2298 715 2444 786 quod
2484 716 2733 770 absolute
2780 714 3017 784 primum
3063 723 3147 767 est
3179 714 3232 765 in
3264 726 3326 764 ea
3377 725 3499 778 qua:

1920 815 2045 878 post
2100 821 2158 861 se
2191 807 2437 861 veniunt.
2476 805 2611 860 Nam
2653 805 2921 861 exercitui
2952 803 3239 875 praefectus
3274 802 3494 857 chilian

1921 900 2076 965 chos,
2114 907 2173 953 ut
2218 899 2604 969 supponimus,
2633 898 3002 954 condemnare
3022 896 3364 964 multareque
3394 909 3494 965 po-

1923 998 2053 1053 test,
2086 1003 2179 1043 eos
2210 1004 2339 1042 vero
2381 988 2626 1042 muneris
2675 988 2824 1043 illius
2878 988 3093 1057 privare
3114 1028 3128 1051 ,
3159 985 3289 1040 licet
3320 983 3372 1039 id
3420 985 3493 1038 ob

1924 1077 2126 1149 ﬂagitia
2160 1078 2299 1132 facta
2328 1086 2664 1142 mereantur,
2697 1094 2808 1133 non
2844 1087 3042 1147 potest,
3080 1077 3137 1131 ni
3186 1091 3284 1147 pro
3318 1090 3491 1137 more,

1923 1179 2019 1223 aut
2075 1170 2255 1239 legum
2307 1170 2528 1225 statutis
2592 1169 2877 1225 chiliarchi
2947 1168 3145 1223 electio
3192 1168 3257 1222 ad
3312 1168 3494 1236 ipsum

1926 1261 2218 1331 pertineat.
2262 1262 2319 1317 In
2356 1264 2515 1333 cujus
2547 1264 2693 1317 enim
2713 1277 2875 1315 manu
2907 1262 3103 1315 electio
3129 1268 3233 1325 est,
3267 1261 3319 1313 in
3350 1259 3501 1330 ejus‘

1925 1354 2048 1406 deni
2089 1363 2172 1407 est
2221 1362 2276 1408 et
2307 1353 2599 1424 depositio.
2654 1354 2776 1408 Pari
2813 1354 2997 1424 itaque
3045 1354 3253 1407 ratione
3282 1362 3337 1408 et
3382 1353 3500 1406 chi—

1923 1444 2165 1498 liarchns
2212 1447 2590 1501 centurionem
2651 1445 2946 1514 admonet,
3009 1458 3063 1500 ct
3121 1448 3385 1517 castigat,
3444 1456 3501 1500 ct

1926 1537 2119 1590 multat
2148 1556 2160 1592 :
2188 1547 2245 1591 at.
2291 1539 2496 1607 pellere
2528 1555 2595 1593 eo
2646 1554 2875 1595 munere
2909 1555 3019 1593 non
3050 1549 3254 1610 potest.
3293 1539 3497 1594 florum

1925 1627 2199 1697 siquidem
2244 1631 2516 1700 judicium
2579 1641 2633 1686 et
2677 1631 2961 1701 inquisitio
3027 1632 3409 1697 etninentiori,
3442 1645 3500 1687 et

1927 1722 2082 1791 cujus
2123 1721 2177 1775 in
2210 1739 2373 1776 manu
2414 1723 2610 1779 electio
2634 1733 2737 1787 est,
2774 1725 2875 1778 soli
2906 1725 3503 1781 comeditur.0mnino

261 1815 359 1884 γὰρ
384 1816 609 1867 δύναται
636 1816 665 1868 ὁ
694 1814 969 1885 βασιλεὺς,
1001 1818 1102 1870 ὅσα
1140 1819 1172 1889 ἡ
1206 1818 1382 1883 πόλις,
1419 1820 1469 1873 si
1503 1820 1578 1890 μή
1610 1838 1663 1873 τι
1701 1820 1826 1872 κατ’

1935 1823 2107 1867 autem
2134 1813 2179 1868 is
2209 1814 2374 1869 fuerit
2427 1831 2547 1880 rex,
2580 1817 2663 1870 vel
2694 1816 2781 1870 cui
2836 1816 2925 1870 ille
2970 1816 3336 1872 detnandarit.
3366 1818 3501 1872 Nam

259 1907 414 1976 αὐτῆς
445 1906 543 1978 τῆς
588 1907 794 1972 πόλεως
819 1910 1146 1963 διανοεῖσθαι
1178 1913 1479 1982 φωραθείη.
1533 1911 1821 1967 Ἐντεῦθεν

260 2000 424 2069 ἡτῶν
460 2000 715 2068 μεγάλων
767 2001 973 2072 θρόνων
1030 2003 1157 2069 ἀξία
1213 2005 1305 2056 καὶ
1350 2003 1598 2073 δύναμις,
1648 2006 1822 2073 ὁπόση

257 2093 391 2162 λόγῳ
422 2094 774 2159 γινώσκεται.
823 2094 912 2163 Τῷ
944 2095 1049 2163 γὰρ
1094 2096 1299 2167 πάππα
1329 2096 1534 2168 πρώτῳ
1573 2098 1687 2151 ὄντι
1725 2097 1823 2162 τῆς

270 2182 585 2251 Ἐκκλησία;
620 2184 798 2237 πάντα
821 2187 1057 2252 ἐφεῖται,
1086 2186 1273 2260 ὥσπερ
1314 2188 1613 2258 βασιλεῖτὰ
1642 2190 1826 2243 τοιαῦ-

260 2292 355 2329 τα·
385 2278 480 2329 καὶ
522 2277 626 2346 γὰρ
668 2279 951 2348 ἀφορίζειν
993 2292 1087 2333 και
1136 2282 1422 2350 καθαιρεῖν
1450 2285 1656 2346 πάντας
1685 2282 1825 2335 κατὰ

260 2365 482 2429 κανόνας
538 2367 657 2439 ἧτοι
711 2369 935 2432 δικαίως
985 2370 1230 2443 δύναται.
1278 2373 1343 2425 Ol
1389 2371 1446 2425 δὲ
1494 2372 1675 2424 λοιποὶ
1704 2389 1826 2424 παι-

256 2460 428 2512 δεύειν
455 2462 556 2529 μὲν
581 2462 675 2513 καί
701 2461 935 2531 ζημιοῦν
964 2463 1021 2516 ἐν
1053 2480 1166 2516 τισι
1199 2465 1319 2528 τοὺς
1351 2464 1469 2535 μετ’
1495 2466 1696 2529 αὐτοὺς
1733 2465 1825 2517 δύ-

257 2566 459 2615 νανται,
488 2549 769 2622 καθαιρεῖν
791 2552 844 2605 δὲ
868 2554 936 2606 οὐ·
970 2554 1254 2621 δύνανται,
1295 2555 1369 2625 μὴ
1401 2554 1819 2625 τυραννοῦντες.

258 2644 329 2696 Οὐ
365 2645 473 2713 γάρ
509 2645 615 2697 εἱσι
656 2646 841 2716 κριταὶ
876 2648 1104 2705 τούτων.
1147 2647 1208 2700 '0
1259 2648 1315 2700 δὲ
1364 2648 1595 2711 πάπποις
1631 2649 1826 2716 κριτὴς

257 2738 470 2790 πάντων
497 2738 668 2791 ἐστίν.
699 2739 910 2809 Ὠσπερ
957 2739 1065 2809 γάρ
1112 2744 1173 2793 τὸ
1219 2741 1318 2810 τῆς
1361 2742 1569 2803 πόλεως
1611 2727 1827 2811 άξίιιῖμα

258 2831 364 2884 πᾶν
415 2829 511 2883 καὶ
541 2830 641 2901 τὴν
660 2829 892 2899 δύναμιν
914 2833 941 2884 ὁ
964 2833 1202 2902 αἱρεθεὶς
1226 2831 1481 2902 βασιλεὺς
1507 2833 1643 2905 ἔχει,
1684 2834 1828 2887 οὕτω

258 2924 347 2975 καὶ
375 2925 403 2976 ό
432 2924 514 2985 είς
539 2922 630 2976 τὸν
663 2923 761 2992 τῆς
801 2922 1017 2994 Ῥώμης
1051 2925 1241 2995 θρόνον
1284 2926 1584 2989 κανονικιῖκ
1622 2927 1827 2991 ἀναϐὰς

253 3015 314 3065 τὸ
333 3014 431 3080 τῆς
457 3014 700 3083 Ῥώμης,
729 3014 824 3067 καὶ
854 3015 950 3082 τῆς
975 3014 1205 3068 καθόλου
1236 3015 1562 3087 Ἐκκλησίας
1586 3017 1825 3087 ἀξίωμα,

255 3105 351 3157 καὶ
375 3104 607 3174 δύναμιν
634 3108 1034 3176 πνευματικὴν,
1073 3108 1168 3160 καὶ
1211 3109 1372 3179 χάριν
1414 3112 1566 3180 παρὰ
1593 3111 1685 3165 τοῦ
1716 3111 1823 3164 Σω-

1930 1906 2112 1960 omnia
2158 1916 2341 1975 potest
2396 1922 2489 1962 rex
2533 1922 2655 1976 qua:
2714 1915 2770 1961 et
2827 1907 3021 1961 civitas
3055 1907 3190 1976 ipsa,
3218 1909 3273 1961 ni
3311 1917 3502 1962 contra

1931 1997 2102 2067 ipsam
2136 1999 2412 2053 civitatem
2455 1998 2662 2068 aliquid
2693 2000 2993 2055 machinari
3037 1999 3501 2070 deprehendatur.

1933 2085 2070 2141 Hinc
2102 2102 2421 2158 magnarum
2454 2090 2669 2143 sediutn
2707 2090 2945 2162 dignitas
2973 2102 3029 2145 et
3074 2103 3317 2161 potestas
3354 2107 3506 2161 qua:-

1930 2193 2055 2232 nam
2109 2180 2202 2241 sit,
2261 2196 2367 2235 non
2398 2186 2607 2257 absque
2676 2186 2889 2240 ratione
2933 2188 3294 2258 dignoscitur.
3346 2189 3505 2260 Papze

1931 2266 2225 2335 siquidem,
2269 2271 2362 2337 qui
2420 2274 2628 2341 primas
2658 2273 2867 2329 obtinet
2929 2275 2983 2328 in
3018 2276 3281 2341 Ecclesia,
3315 2278 3504 2332 omnia

1932 2355 2049 2410 haec
2081 2358 2159 2410 uti
2183 2361 2292 2429 regi
2325 2364 2643 2415 concredita
2683 2373 2850 2428 sunt;
2893 2381 3018 2418 nam
3052 2380 3241 2421 omnes
3274 2383 3306 2422 e
3353 2379 3500 2423 coetu

1934 2447 2173 2501 fidelium
2208 2465 2487 2519 separare,
2511 2454 2827 2524 pellereque
2866 2471 2897 2510 e
2947 2457 3196 2521 sedibus,
3232 2467 3290 2529 ut
3342 2473 3508 2515 cano—

1934 2555 2031 2593 nes
2059 2542 2441 2609 praescribunt,
2477 2545 2696 2615 etjuste
2737 2557 2934 2617 potest.
2988 2549 3207 2619 Reliqui
3239 2552 3504 2622 castigare

1932 2634 2280 2703 multareque
2336 2634 2385 2688 in
2426 2636 2698 2706 alijuibus
2724 2655 2820 2695 eos
2869 2642 2960 2710 qui
2991 2656 3112 2712 post
3140 2658 3198 2698 se
3257 2646 3502 2711 veniunt,

1932 2734 2182 2792 possunt,
2233 2727 2436 2795 pellere
2469 2744 2600 2783 vero
2627 2745 2692 2785 ac
2736 2734 3033 2802 deponere,
3067 2735 3169 2789 nisi
3212 2738 3505 2806 tyrannide

1936 2818 2042 2884 nsi,
2071 2833 2176 2872 non
2204 2829 2435 2888 possunt
2463 2837 2477 2876 :
2509 2837 2688 2891 neque
2720 2825 2868 2878 enim
2901 2826 3097 2881 horum
3119 2828 3329 2897 judices
3353 2842 3504 2899 sunt,

1933 2909 2026 2965 sed
2058 2927 2195 2981 papa
2223 2914 2466 2967 omnium
2485 2914 2653 2984 judex
2681 2925 2782 2971 est.
2814 2917 2987 2973 Veluti
3015 2921 3159 2974 enim
3186 2935 3277 2975 rex
3298 2920 3509 2979 electus

1935 3005 2315 3060 auctoritatem
2362 3022 2579 3062 onmem
2613 3017 2667 3062 et
2700 3017 3023 3079 potestatem
3059 3014 3298 3070 civitatis
3345 3018 3402 3072 in
3442 3034 3505 3074 se

1936 3099 2185 3164 assumit,
2217 3099 2295 3152 sic
2315 3108 2372 3153 et
2399 3100 2492 3169 qui
2535 3100 2811 3166 thronum,
2832 3104 3156 3174 ltomannm,
3182 3119 3242 3164 ut
3269 3126 3509 3168 canones

253 3199 418 3267 τῆρος
453 3200 521 3267 τῇ
566 3197 863 3269 Ἐκκλησία
917 3196 1260 3268 δωρηθεῖσαν
1309 3199 1492 3252 πᾶσαν
1541 3201 1827 3270 κέκτηται.

1935 3188 2144 3260 iubent,
2178 3190 2506 3257 ascenderit,
2538 3192 2797 3250 Romanis
2824 3212 2839 3262 ;
2872 3211 2927 3251 et
2954 3198 3223 3256 universa:
3248 3201 3509 3258 Ecclesia:

254 3291 329 3343 Τὸ
362 3291 460 3358 μὲν
490 3292 572 3343 ὅτι
615 3289 839 3360 Ῥώμης
889 3290 1321 3361 ἀρχιεπίσκοπός
1368 3295 1507 3360 ἐστι,
1538 3290 1598 3345 τὸ
1643 3293 1700 3345 δὲ
1751 3293 1831 3345 ὅτι

251 3384 445 3453 ἄκρος,
475 3384 593 3452 ἢτοι
623 3384 723 3452 τῆς
754 3383 984 3438 καθόλου
1024 3383 1349 3452 Ἐκκλησίας
1394 3386 1709 3455 ἀρχιερεὺς,
1736 3390 1829 3437 καί

255 3478 472 3547 πρώτος
509 3478 569 3530 οὐ
603 3479 670 3547 τῇ
707 3477 1105 3547 ἀπαριθμήσει,
1136 3476 1273 3531 ἀλλὰ
1310 3481 1375 3547 τῇ
1428 3477 1573 3547 ἀξίᾳ.
1614 3479 1687 3529 υὺ
1724 3479 1831 3547 γάρ

251 3568 392 3621 διότι
424 3569 742 3638 ἀριθμεῖται
777 3568 1013 3637 πρῶτος,
1062 3569 1151 3621 διὰ
1199 3566 1355 3621 τοῦτο
1408 3571 1643 3638 πρώτα,
1696 3569 1833 3619 ἀλλὰ

250 3662 386 3713 διότι
419 3661 634 3729 πρῶτος
664 3664 731 3730 τῇ
762 3661 907 3730 ἀξίᾳ,
936 3659 1024 3712 διά
1046 3660 1203 3712 τοῦτο
1233 3662 1327 3714 καὶ
1359 3664 1425 3731 τῇ
1454 3662 1832 3731 ἀπαριθμήσει

252 3759 497 3828 πρῶτος.
519 3758 687 3827 Δῆλον
719 3758 775 3809 δὲ
802 3758 884 3810 ὅτι
914 3757 974 3808 οὐ
1006 3755 1333 3826 μεταπίπ;ει
1360 3757 1393 3826 ἡ
1426 3756 1833 3826 ἀπαρίθμησις.

263 3853 337 3908 Ἡ
383 3852 438 3905 δε
473 3851 549 3922 μὴ
586 3851 1000 3921 μεταπίπτουσα
1034 3850 1097 3919 τῇ
1132 3847 1242 3900 τῶν
1287 3850 1630 3919 πραγμάτων
1682 3847 1833 3912 τάξει

257 3949 477 4009 πάντως
514 3946 823 3999 ἀκολουθεῖ.
861 3945 1059 4015 *Ορᾶτε
1122 3945 1288 3996 πόσον
1348 3943 1439 3995 καὶ
1483 3943 1544 3995 τὸ
1600 3940 1691 3996 τοῦ
1734 3942 1833 4011 τῆς

254 4038 909 4099 Κωνσταντινουπόλεως.
948 4038 1132 4103 Πάσης
1186 4036 1296 4103 γὰρ
1333 4034 1435 4104 τῆς
1485 4034 1831 4105 οἰκουμένης,

174 4170 191 4179 α
249 4132 330 4193 ὡς
367 4133 563 4193 εἰπεῖν,
595 4129 837 4200 ἐξάρχει,
880 4128 1019 4198 πλὴν
1067 4126 1159 4181 τοῦ
1218 4127 1420 4180 πάππα
1464 4129 1557 4179 καὶ
1606 4127 1707 4196 τῆς
1739 4128 1835 4178 ἐπ-

259 4224 457 4296 ιρχῑας
489 4222 676 4290 αὑτοῦ,
714 4223 784 4284 ib,
820 4217 961 4274 εἶναι
996 4222 1155 4273 αὑτὸν
1193 4220 1408 4273 πάντων
1440 4221 1545 4272 τῶν
1573 4220 1668 4288 τῆς
1716 4219 1836 4272 Ἐκ-

250 4317 492 4388 zamia;
549 4316 875 4387 στρατηγῶν
934 4315 1238 4384 στρατηγὸν
1286 4316 1545 4383 ἄριστον,
1614 4314 1833 4383 ἀμέσω;

251 4418 402 4482 μετα
433 4412 525 4463 τὸν
548 4410 644 4479 τῆς
675 4409 967 4474 καθολικῆς
1023 4407 1327 4476 Εκκὶαητίας
1361 4405 1587 4475 βασιλέα
1612 4406 1677 4476 τῇ
1706 4405 1836 4475 agi;

245 4505 619 4572 ταττόμενον,
642 4503 735 4554 καὶ
756 4501 972 4553 πάντων
994 4499 1099 4551 τῶν
1123 4499 1328 4551 λοιπων
1353 4500 1707 4568 ὑπερέχοντα.
1727 4498 1837 4552 Καὶ

243 4595 454 4665 ὣσπερ
484 4595 635 4646 πᾶσα
673 4593 835 4661 ἀργεῖ
882 4589 1148 4659 βασιλέως
1187 4592 1448 4656 φανέντος
1479 4587 1645 4658 ἁρχὴ,
1693 4586 1836 4640 οὕτω

238 4686 353 4742 τοῦ
389 4691 590 4738 πάππα
624 4689 914 4754 παρόντος,
946 4683 979 4751 ἢ
1027 4680 1357 4751 πράττοντός
1388 4698 1463 4740 τι.
1514 4680 1548 4748 ἢ
1588 4681 1837 4747 λέγοντος

241 4779 567 4843 ωνονικῶς
626 4782 721 4830 καὶ
768 4775 1014 4839 δικαίως,
1049 4775 1082 4844 ἢ
1116 4773 1494 4842 θεολογοῦντος
1543 4777 1685 4825 κατά
1740 4772 1838 4835 τὰς

240 4872 503 4940 Γραφάς,
536 4873 626 4921 καὶ
656 4874 722 4922 τὰ
749 4867 1159 4936 παραδεδομένα
1195 4868 1323 4936 ημῖν
1348 4866 1501 4934 παρὰ
1529 4866 1638 4919 τῶν
1666 4866 1838 4936 ἁγίων

243 4965 548 5034 Πατέρων,
583 4964 813 5032 ὴρεμείν
852 4965 946 5015 καὶ
990 4962 1203 5031 σιωπᾷν
1235 4961 1313 5014 δεῖ
1348 4963 1473 5024 τοὺς
1513 4962 1759 5023 λοιποὺς,
1787 4961 1837 5014 εί

241 5062 333 5127 μή
370 5073 475 5117 που
503 5056 790 5125 φωραθείη
821 5058 1031 5124 αἱρέσει
1064 5059 1168 5109 τινὶ
1200 5057 1589 5126 κατεχόμενος.
1617 5056 1692 5108 Οὐ
1727 5055 1836 5124 γάρ

236 5154 382 5204 ἐστι
406 5152 638 5213 πάππας
662 5152 690 5202 ὁ
719 5146 775 5203 ἒν
804 5155 1030 5219 αἱρέσει.
1070 5150 1191 5213 Ηώς
1228 5152 1337 5219 γάρ
1369 5155 1395 5202 ὀ
1421 5151 1517 5220 τῆς
1543 5149 1837 5219 ὁμολογίας

237 5242 360 5312 τῆς
391 5242 683 5310 καθολικῆς
745 5240 1054 5310 Εκκ).ησίας
1085 5241 1340 5309 βουλησει
1376 5243 1670 5307 ὲκπεσών;
1701 5240 1837 5293 υὺὁὲ

234 5352 369 5405 γαρ
404 5337 432 5388 ὀ
455 5335 596 5386 κατὰ
621 5335 715 5404 τῆς
739 5333 946 5395 πόλεως
981 5331 1360 5399 διανοούμενος
1403 5334 1654 5402 βασιλεὺς
1684 5334 1838 5403 βασι-

156 5494 169 5499 *
236 5429 387 5488 λεύς
421 5429 591 5488 ἐστιν,
619 5425 755 5487 ἀλλὰ
783 5423 1077 5495 τύραννος.

266 5696 433 5765 -οδῖι
459 5695 598 5764 Πρὸς
644 5696 857 5754 τούτοις
899 5695 1119 5745 κακεῖνο
1154 5696 1219 5762 τῇ
1255 5693 1480 5764 τοιαύτῃ
1523 5696 1648 5746 κατ’
1675 5695 1834 5760 ἀξίαν

234 5789 414 5852 τάξει
445 5788 657 5853 ἕπεται,
696 5785 1050 5855 άντίστροφόν
1100 5800 1217 5849 πως
1248 5784 1308 5839 ὃν
1352 5786 1460 5841 τῶν
1499 5789 1832 5857 εἰρημένων.

1937 3283 2322 3336 auctoritatem
2362 3292 2418 3337 et
2451 3295 2773 3353 potestatem
2819 3290 3121 3357 spiritalem
3145 3331 3161 3356 ,
3197 3306 3252 3348 et
3280 3296 3509 3365 gratiam

1935 3389 1966 3429 a
1998 3374 2286 3430 Servatore
2318 3375 2571 3432 Ecclesia:
2598 3382 3055 3437 communicatam
3095 3397 3352 3453 cunctam
3389 3406 3512 3459 pos—

1936 3465 2080 3520 sidet
2114 3484 2127 3519 :
2164 3481 2275 3520 tum
2311 3464 2460 3536 quod
2484 3468 2761 3526 Romanus
2790 3475 3239 3549 archiepiscopus
3267 3489 3370 3547 est,
3396 3473 3512 3539 tum

1937 3559 2081 3626 quod
2113 3574 2384 3625 summus,
2426 3572 2523 3617 aut
2547 3563 2832 3621 catholica:
2873 3565 3130 3625 Ecclesia:
3159 3573 3427 3640 pontifex,
3455 3587 3512 3631 et

1937 3651 2147 3719 primus
2186 3667 2296 3706 non
2353 3659 2785 3737 enumeratione,
2827 3661 2923 3714 sed
2987 3662 3272 3733 dignitate.
3323 3667 3512 3739 Neque

1936 3743 2083 3797 enim
2109 3748 2254 3814 quod
2284 3747 2495 3817 primus
2516 3762 2861 3818 numeratur,
2895 3755 3018 3809 ideo
3041 3758 3254 3825 primus
3285 3772 3389 3828 est,
3415 3765 3511 3820 sed

1936 3838 2080 3904 quod
2111 3838 2326 3907 primus
2352 3841 2635 3910 dignitate,
2677 3845 2801 3899 ideo
2848 3854 2903 3898 et
2944 3831 3360 3910 enumeratione
3399 3858 3514 3926 pri-

1940 3944 2063 3985 mus
2092 3942 2194 3987 est.
2228 3932 2572 3991 Manifestum
2595 3949 2779 3993 autem
2806 3951 2890 3995 est
2909 3951 3379 4006 enumerationem
3399 3970 3512 4011 ιιοῖι

1866 4034 1873 4039 '
1940 4024 2340 4095 recidere,qu.e
2359 4043 2485 4082 vero
2507 4030 2724 4098 recidit,
2750 4048 2932 4088 rerum
2965 4036 3145 4093 ordini
3168 4056 3390 4111 prorsus
3425 4048 3513 4101 in-

1939 4118 2132 4172 servit.
2153 4118 2510 4178 Considerate
2540 4136 2743 4193 quanta
2794 4139 2879 4183 est
2923 4141 2977 4187 et
3011 4132 3518 4206 Constantinojmti-

1943 4208 2053 4263 tani
2093 4210 2352 4281 dignitas.
2389 4213 2637 4273 Universi
2680 4221 2828 4275 enim
2870 4225 3041 4288 orbis,
3090 4237 3147 4282 ut
3195 4229 3269 4284 ita
3305 4233 3508 4301 dit-am,

1940 4302 2151 4370 primas
2184 4315 2290 4370 est,
2330 4321 2497 4361 unum
2536 4318 2580 4364 si
2612 4313 2854 4381 excipias
2881 4332 3076 4388 papam
3102 4331 3156 4374 et
3182 4324 3328 4378 illius
3354 4343 3513 4396 epar-

1941 4393 2143 4460 chiam,
2162 4407 2221 4450 ut
2241 4400 2311 4451 sit
2334 4399 2448 4467 ipse
2466 4403 2711 4457 omnium
2730 4407 2984 4463 lzcclesia:
3005 4414 3295 4469 ductorum
3317 4393 3514 4473 ductor

1942 4489 2187 4557 optimus
2210 4490 2525 4548 immediate
2547 4506 2670 4564 post
2701 4502 3028 4555 universalis
3058 4501 3300 4563 Εςοιιειειε
3326 4525 3511 4578 regem

1943 4582 2210 4651 dignitate
2240 4585 2561 4654 collocatus,
2610 4598 2666 4643 et
2698 4605 2889 4647 omnes
2930 4596 3068 4650 alios
3098 4601 3409 4656 antecellat.
3448 4604 3513 4658 Et

1940 4677 2430 4746 quemadmodum,
2462 4699 2587 4736 cum
2647 4700 2736 4737 rex
2778 4699 3079 4756 comparet,
3122 4708 3285 4749 omne
3341 4700 3514 4751 domi-

1941 4770 2093 4821 nium
2127 4781 2326 4838 cessat,
2358 4773 2432 4826 ita
2463 4789 2585 4827 cum
2621 4790 2758 4846 papa
2803 4780 2978 4847 adest,
3016 4794 3110 4838 aut
3136 4787 3344 4857 aliquid
3379 4794 3514 4861 agit,

1939 4863 2027 4916 vel
2064 4863 2293 4919 dicitcx
2314 4881 2584 4921 canonum
2638 4870 2893 4943 jurisque
2944 4880 3288 4950 praescripto,
3349 4900 3412 4938 ac
3446 4888 3514 4941 de

1938 4956 2105 5009 rebus
2147 4957 2347 5012 divinis
2397 4959 2673 5029 edisserit,
2720 4980 2887 5020 sacrae
2937 4967 3235 5039 Scriptura:
3275 4977 3518 5046 vestigiis

1938 5059 1990 5102 et
2020 5050 2234 5103 traditis
2273 5054 2433 5108 nobis
2462 5067 2493 5107 a
2526 5059 2731 5113 sanctis
2760 5057 3016 5116 Patribus
3067 5066 3349 5130 insistens,
3389 5072 3517 5137 reti-

1939 5142 2065 5209 quis
2157 5145 2556 5202 uuiescendum
2641 5149 3242 5228 obmutescendumque
3299 5174 3405 5227 est,
3459 5165 3516 5218 ni

1942 5235 2033 5288 ille
2099 5238 2544 5306 deprehendatur
2593 5242 2800 5299 Jiaeresi
2872 5248 3057 5318 aliqua
3132 5267 3513 5323 IllallCtpallls;

1939 5346 2066 5384 nam
2123 5332 2217 5401 qui
2271 5333 2463 5388 hxresi
2518 5332 2682 5403 favet,
2743 5354 2881 5408 papa
2930 5357 3040 5395 non
3079 5353 3183 5397 est.
3225 5345 3515 5409 Quomodo

1938 5424 2108 5491 enim,
2138 5424 2230 5492 qui
2262 5442 2326 5480 ex
2357 5427 2697 5496 professione
2724 5431 3009 5488 catholicas
3038 5433 3296 5491 Ecclesia:
3322 5439 3515 5492 volens

1937 5515 2177 5570 excidit?
2203 5518 2295 5572 Sic
2334 5532 2512 5588 neque
2560 5520 2614 5574 in
2642 5522 2920 5578 civitatem
2958 5527 3190 5582 moliens
3250 5542 3372 5595 rex,
3414 5544 3512 5583 rex

1937 5619 2041 5672 est,
2076 5608 2169 5662 sed
2201 5621 2484 5679 tyrannus.

2014 5699 2096 5752 t7.
2131 5700 2350 5769 Adtnec,
2376 5702 2508 5785 illud
2553 5720 2771 5778 quoque
2822 5710 3033 5767 ordinis
3079 5717 3383 5773 secundum
3423 5719 3512 5773 di-

1940 5793 2201 5863 gnitatem
2263 5803 2522 5866 tanquam
2574 5802 2858 5870 pr0priutn
2913 5806 3183 5874 sequitur,
3244 5809 3516 5877 quodam-
