3902 6208
411 283 522 402 sar
587 353 592 360 -

1603 324 1943 387 GEORGII
1983 316 2508 384 TRAPEZUNTII

3587 307 3702 371 868

415 450 613 530 synodi
645 450 1022 508 deﬁnitionem
1064 443 1435 502 verebimini?
1469 441 1537 497 Et
1571 456 1823 512 quamam
1847 439 2003 495 vobis

2118 437 2355 510 Βρισμὸν,
2391 433 2515 487 οὔτε
2545 431 2641 501 τὴν
2673 429 2768 483 τοῦ
2815 426 3164 498 πατριάρχου
3197 423 3420 495 ἐντολὴν
3451 422 3700 493 φώηθήο

415 547 563 619 apud
600 543 950 602 tremendum
986 538 1192 597 Christi
1244 533 1465 592 tribinal
1514 531 1802 602 reSponsio
1857 545 1993 601 sup-

414 650 563 711 petet
585 640 609 694 ’ί

487 819 580 874 20.
614 817 684 872 Et
727 830 856 870 reor
895 812 1107 868 nullum
1160 825 1224 865 ex
1275 809 1434 864 vobis
1486 822 1751 862 ausurum
1803 814 1995 861 contra

417 923 721 984 opponere,
760 906 908 961 aliud
943 919 1162 975 papam,
1198 901 1350 956 aliud
1395 900 1764 971 patriarcham
1799 897 1995 967 pracci-

419 1019 570 1075 pere.
630 1002 789 1056 llunc
841 996 1117 1067 siquidem
1193 993 1570 1049 deﬁnitionem
1626 990 1994 1055 servandam;

419 1098 595 1161 illum,
615 1103 756 1149 ctex
784 1091 925 1146 Filio
949 1089 1218 1160 Spiritum
1244 1096 1492 1142 sanctum
1518 1084 1840 1157 procedere,
1867 1096 2001 1137 voce

417 1186 819 1244 enuntiandum
841 1198 960 1238 esse
991 1181 1274 1236 mandare.
1300 1182 1426 1235 Haec
1457 1179 1692 1234 fortasse
1725 1178 1996 1248 quispiam

417 1277 622 1334 dixerit
681 1276 823 1330 male
862 1273 1131 1338 sentiens,
1173 1288 1282 1327 non
1331 1271 1523 1326 eadem
1584 1285 1730 1335 esse,
1775 1270 1997 1338 planum

417 1387 551 1426 vero
577 1377 663 1424 est
691 1366 887 1423 eadem
917 1381 1068 1421 esse.
1103 1362 1349 1433 Namque
1385 1361 1635 1418 definitio
1657 1360 1996 1415 credendum

420 1477 544 1516 esse
567 1458 922 1523 determinat,
955 1456 1221 1526 Spiritum
1272 1464 1522 1510 sanctum
1564 1471 1630 1510 ex
1657 1452 1798 1512 Εἰ]ἱο
1853 1467 1999 1516 esse,

420 1551 800 1608 sanctissimus
829 1559 1010 1605 autem
1061 1564 1198 1618 papa
1225 1547 1511 1609 Callixtus,
1563 1547 1668 1600 hoc
1700 1546 1845 1601 idem
1869 1558 2004 1598 voce

423 1643 899 1713 pronuntiandum
953 1640 1206 1708 imponit.
1228 1639 1360 1705 Quae.
1386 1653 1516 1707 ergo
1545 1637 1852 1691 diﬂ‘erentia
1885 1635 2010 1690 est?

421 1738 519 1794 Vel
545 1752 653 1807 quo
683 1743 844 1806 pacto
867 1748 1094 1788 necesse
1123 1747 1232 1786 non
1264 1741 1369 1795 est,
1398 1739 1457 1784 ut
1485 1729 1633 1800 quod
1657 1717 2006 1799 quis‘credit,

2122 530 2289 584 σεσθε
2323 545 2338 595 ;
2373 526 2498 580 οὔτε
2555 525 2648 578 τὸν
2707 523 2808 592 τῆς
2856 521 3077 575 συνόδου
3115 522 3242 590 ὅρον
3280 517 3699 588 αἱδεσθήσεσθε;

2118 626 2229 681 Kal.
2257 623 2387 676 ποία
2419 622 2552 691 ἡμῖν
2579 617 2731 672 ἔσται
2772 614 3037 684 ἀπολογία
3069 611 3222 685 παρᾶ
3255 610 3317 665 τὸ
3345 609 3582 681 φοϐερὸν
3609 609 3700 664 τοῦ

2115 713 2356 789 Χριστοῦ
2391 713 2541 784 βῆμα
2567 730 2582 778 ,

2188 806 2258 864 κ’.
2298 805 2468 876 Οἶμαι
2509 803 2587 865 δὲ,
2623 803 2706 856 ὅτι
2753 802 2814 855 ού
2862 799 3125 871 τολμήσει
3170 814 3254 860 τις
3300 795 3698 863 ἀνθυποφέρειγ

2117 901 2245 954 ἄλλο
2266 900 2357 952 τὸν
2385 899 2620 949 πάππαν
2649 893 2984 956 ἐπιτάττειν,
3015 891 3106 943 καὶ
3138 887 3267 943 ἄλλο
3296 887 3391 940 τὸν
3426 887 3706 955 πατριάρ-

2117 1012 2220 1064 χην
2256 990 2642 1061 προστάττειν.
2687 987 2793 1041 Τὸν
2839 986 2936 1055 μὲν
2966 983 3074 1052 γὰρ
3105 983 3199 1035 τὸν
3227 981 3356 1050 ὅρον
3387 979 3706 1047 φυλάττειν,

2118 1075 2211 1140 τεν
2237 1085 2295 1139 δὲ
2315 1085 2375 1137 τὸ
2403 1085 2465 1135 ἐκ
2498 1081 2592 1135 τοῦ
2621 1080 2755 1134 Υίοῦ
2787 1074 3183 1148 ἐκπορεύεσθαι
3208 1074 3270 1127 τὸ
3295 1073 3452 1141 ἅγιον
3480 1070 3712 1140 Πνεῦμα

2121 1179 2392 1248 ὲκφωνεῖν
2427 1173 2737 1244 βούλεσθαι.
2775 1171 2963 1225 Ταῦτα.
2999 1171 3043 1224 δ’
3084 1169 3215 1230 ἴσως
3254 1166 3446 1236 φήσειέ
3487 1182 3572 1227 τις
3607 1169 3714 1217 οὐκ

2123 1269 2263 1324 εἶναι
2294 1269 2466 1322 ταυτά
2510 1265 2695 1328 κακῶς
2731 1263 2966 1335 φρονῶν.
2993 1260 3233 1329 Φανερὸν
3263 1259 3372 1327 γάρ
3418 1259 3502 1311 ὅτι
3531 1258 3714 1309 tauri:

2119 1364 2289 1415 ἐστιν.
2331 1359 2390 1412 'U
2423 1359 2525 1428 μὲν
2553 1358 2661 1425 γάρ
2692 1357 2817 1425 ὅρος
2841 1350 3120 1406 πιστεύειν
3149 1347 3472 1418 διορίζεται,
3500 1347 3581 1397 ὅτι
3613 1345 3715 1396 καὶ

2119 1455 2185 1508 ἐκ
2213 1452 2304 1508 τοῦ
2347 1451 2480 1505 Υίοῦ
2514 1449 2574 1502 τὸ
2603 1449 2757 1516 ἅγιον
2791 1445 3037 1514 Πνεῦμα,
3070 1443 3099 1494 ὁ
3124 1441 3181 1494 δὲ
3212 1437 3520 1508 ἁγιώτατος
3553 1437 3715 1490 πάπ-

2120 1564 2232 1609 πας
2269 1543 2573 1604 Κάλλιστος
2603 1539 2751 1594 τοῦτ’
2783 1537 2914 1591 αὐτὸ
2948 1534 3212 1603 ὲκφωνεῖν
3244 1530 3716 1602 παρακελεύεται.

2120 1640 2219 1704 Τίς
2245 1633 2339 1693 οὖν
2375 1639 2408 1708 ἡ
2441 1635 2712 1705 διαφορά;
2743 1633 2812 1686 Ἦ
2837 1631 2954 1694 πῶς
2983 1629 3085 1682 οὐκ
3113 1627 3326 1695 ἀνάγκη
3353 1625 3656 1692 ὲκφωνεῖν,
3692 1621 3718 1673 ὃ

2119 1752 2202 1798 τις
2234 1732 2522 1798 πιστεύει;
2563 1727 2787 1796 Καρδίᾳ
2816 1725 2928 1795 μὲν
2959 1723 3092 1794 γὰρ,
3134 1721 3267 1791 φησι
3303 1717 3538 1780 Παῦλος,
3561 1719 3592 1769 ὁ
3637 1717 3717 1777 είς

431 1838 566 1884 voc‘c
592 1829 762 1883 etiam
791 1826 1064 1895 exprimat
1093 1825 1117 1878 ?
1146 1823 1320 1878 Corde
1349 1823 1509 1884 enim,
1551 1821 1731 1891 inquit
1782 1822 2006 1887 Paulus,

2118 1828 2294 1898 τρίτον
2335 1825 2566 1894 οὐρανὸν
2598 1821 2826 1882 ἀναϐὰς,
2855 1820 2883 1871 ὁ
2911 1816 3152 1877 ἀκούσας
3194 1815 3409 1884 ἄρρητα
3453 1811 3710 1880 ῥήματα,

424 1919 520 1988 qui
547 1917 602 1970 in
639 1916 862 1972 tertium
890 1916 1091 1970 cmlum
1133 1913 1415 1980 ascendit,
1446 1913 1540 1983 qui
1575 1913 1752 1966 audiit
1794 1912 2012 1967 inenar-

426 2010 622 2064 rabilia
648 2008 835 2075 verba,
867 2022 990 2076 quae
1023 2022 1131 2060 non
1179 2006 1308 2060 licet
1362 2006 1574 2060 homini
1622 2005 1797 2074 loqui,
1838 2015 2011 2059 terra-

427 2117 547 2154 rum
571 2100 721 2154 orbis
750 2099 1034 2169 magister,
1056 2097 1294 2168 Spiritus
1320 2097 1552 2168 gladius,
1571 2113 1667 2151 vas
1689 2096 2008 2163 electionis:

428 2191 622 2256 Corde,
685 2191 901 2257 inquit,
934 2191 1171 2244 creditur
1225 2191 1295 2242 ad
1343 2191 1655 2261 justitiam,
1703 2205 1795 2243 ore
1834 2199 2012 2242 autem

425 2285 687 2354 confessio
730 2283 792 2350 ﬁt
841 2283 910 2336 ad
961 2283 1258 2336 salutem‘.
1315 2281 1380 2336 Et
1427 2279 1716 2347 Christus,
1766 2295 1864 2336 eos
1917 2281 2010 2350 qui

428 2376 761 2430 conﬁtentur
796 2373 974 2443 ipsum
1007 2388 1191 2427 coram
1241 2372 1584 2438 hominibus,
1628 2373 2010 2428 confessurum

427 2484 486 2522 se
512 2481 697 2521 coram
725 2466 886 2520 Patre
916 2464 1210 2534 promittit.
1232 2463 1327 2520 Est
1347 2481 1479 2520 vero
1502 2467 1708 2522 veritas
1736 2464 2010 2521 Christus.

427 2561 531 2627 Qui
593 2559 760 2629 igitur
806 2558 1096 2612 veritatem
1143 2573 1259 2613 non
1289 2557 1589 2614 conﬁtetur
1636 2559 1691 2613 in
1729 2559 2011 2624 omnibus,

428 2651 524 2705 sed
559 2651 909 2721 potissimum
943 2650 994 2704 in
1031 2649 1690 2721 Ecclesizedogmatihus,
1729 2653 2011 2708 Christum

432 2746 609 2812 ipsum
665 2757 776 2796 non
833 2741 1162 2806 conﬁtetur;
1199 2741 1296 2811 qui
1349 2754 1532 2798 autem
1579 2744 1862 2801 Christum
1902 2762 2014 2800 non

430 2834 753 2898 conﬁtetur,
788 2831 1072 2888 Christum
1124 2845 1425 2902 pernegat;
1486 2842 1546 2888 et
1595 2835 1690 2904 qui
1735 2835 2014 2891 Christum

429 2934 712 2996 pernegat,
737 2940 964 2996 regnum
997 2924 1266 2979 caelorum
1295 2940 1403 2979 non
1428 2925 1720 2981 obtinebit.
1756 2929 2016 2998 Propter-

428 3035 494 3073 ea
546 3017 830 3074 suevimus
885 3032 1101 3084 omnes,
1131 3033 1258 3072 cum
1302 3019 1482 3088 ipsum
1532 3019 1816 3074 Christum
1871 3022 2017 3076 inter

2111 1918 2148 1973 ἃ
2179 1917 2280 1971 οὐκ
2311 1915 2435 1980 ἐξὸν
2469 1910 2748 1981 ἀνθρώπῳ
2787 1908 3044 1979 λαλῆσαι,
3071 1908 3100 1960 ὁ
3133 1906 3232 1971 τῆς
3261 1905 3597 1974 οἰκουμένης
3632 1903 3710 1955 δι·

2112 2009 2404 2072 δάσκαλος,
2433 2008 2468 2077 ἡ
2501 2004 2596 2058 τοῦ
2631 2003 2952 2072 ιΙνεύματος
2978 2001 3244 2070 μάχαιρα,
3274 1998 3333 2051 τὸ
3369 1996 3565 2057 σκεῦος
3601 1995 3704 2062 τῆς

2113 2103 2367 2172 ἐκλογῆς,
2398 2098 2648 2168 Καρδίᾳ,
2681 2096 2836 2166 φησὶ,
2876 2093 3227 2147 πιστεύεται
3266 2093 3356 2156 είς
3387 2089 3698 2142 δικαιοσύ-

2113 2213 2251 2265 νην,
2283 2194 2537 2262 στόματι
2569 2191 2637 2243 δὲ
2670 2185 3046 2256 ὁμολογεῖται
3075 2188 3162 2250 εις
3193 2183 3522 2248 σωτηρίαν.
3558 2181 3622 2232 '0
3649 2179 3701 2230 δὲ

2114 2288 2355 2360 Χριστὸς
2396 2286 2523 2348 τοὺς
2555 2281 2958 2351 ὁμολογοῦντας
2985 2276 3299 2348 ἔμπροσθεν
3333 2275 3442 2328 τῶν
3485 2272 3699 2341 ἀνθῴιι

2118 2400 2237 2437 πων
2272 2381 2462 2444 αὑτὸν,
2490 2377 2715 2435 τούτους
2741 2373 3104 2442 ὁμολογήσειν
3134 2368 3445 2440 ἔμπροσθεν
3475 2365 3568 2419 τοῦ
3595 2366 3702 2419 Πα-
3763 2355 3776 2364 ’

2113 2475 2244 2543 τρὺς
2278 2469 2705 2540 ἐπαγγέλλεται.
2741 2464 2900 2518 Ἐστι
2933 2462 2989 2515 δὲ
3020 2461 3256 2532 Χριστὸς
3291 2461 3324 2529 ὴ
3346 2459 3599 2527 ἀλήθεια.
3639 2456 3702 2508 '0

2115 2566 2249 2634 γοῦν
2285 2565 2360 2635 μὴ
2395 2562 2675 2634 ὁμολογῶν
2702 2559 2800 2629 τὴν
2831 2555 3098 2628 ἀλήθειαν
3125 2555 3184 2607 ὲν
3213 2554 3346 2605 πᾶσι
3385 2551 3509 2621 μὲν,
3548 2550 3702 2618 μάλι-

2117 2675 2217 2710 στα
2247 2657 2304 2711 δὲ
2344 2658 2402 2708 ὲν
2446 2655 2558 2714 τοῖς
2587 2651 2688 2720 τῆς
2730 2648 3063 2716 Ἐκκλησίας
3088 2645 3378 2715 δόγμασιν,
3417 2641 3584 2696 αὑτὸν
3613 2642 3703 2692 τὸν

2116 2749 2354 2821 Χριστὸν
2385 2747 2484 2817 οὐχ
2517 2744 2776 2816 ὁμολογεῖ
2800 2759 2815 2776 ο
2847 2743 2876 2796 ὁ
2907 2741 2966 2794 δὲ
3007 2741 3080 2810 μὴ
3124 2736 3405 2808 ὁμολογῶν
3437 2735 3533 2786 τὸν
3571 2733 3705 2802 Χριο

2118 2843 2241 2897 στὸν
2267 2842 2515 2910 ἀρνεῖται
2539 2837 2630 2891 τὸν
2661 2835 2898 2906 Χριστόν
2917 2849 2932 2864 ·
2958 2834 2986 2886 ὁ
3013 2832 3070 2885 δὲ
3100 2829 3439 2902 ἀρνούμενος
3457 2829 3555 2879 τὸν
3573 2824 3705 2894 Χριο

2120 2934 2244 2987 στὸν
2278 2930 2562 3003 βασιλείαν
2585 2928 2835 2998 οὐρανῶν
2865 2927 2926 2979 οὐ
2955 2924 3382 2996 κληρονομήσει.
3412 2921 3515 2973 Διά
3545 2917 3704 2970 τοῦτο

2117 3025 2390 3095 εἰώθαμεν
2440 3024 2665 3087 πάντες,
2701 3021 2837 3074 ὅταν
2871 3018 3038 3071 αὑτὸν
3087 3015 3180 3069 τὸν
3224 3013 3460 3086 Χριστὸν
3505 3012 3564 3063 ἐν
3595 3010 3705 3072 τοῖς

343 3125 345 3127 ‘
430 3112 615 3166 ιιὶγίιιει
655 3111 946 3165 missarum
1006 3110 1295 3177 solemnia,
1343 3120 1399 3166 et
1442 3113 1697 3183 mysteria
1739 3112 2007 3177 videmus,

2123 3119 2289 3180 θείοις
2316 3119 2417 3184 τῆς
2447 3114 2802 3185 εὐχαριστίας
2839 3109 3162 3180 μυστηρίοις
3196 3106 3438 3177 ὁρῶμεν,
3477 3104 3569 3167 οὗ,
3607 3104 3705 3156 Πι-

430 3219 542 3259 non
605 3203 818 3271 Credo,
878 3201 1126 3270 Domine,
1184 3203 1361 3257 solum
1395 3204 1602 3270 dicere,
1659 3203 1785 3269 sed,
1819 3205 2013 3271 Credo,

432 3297 686 3361 Domine,
746 3305 796 3350 et
851 3295 1131 3365 conﬁteor.
1199 3293 1364 3351 Fides
1417 3298 1588 3363 enim,
1655 3313 1817 3367 quam
1889 3300 2015 3368 qui-

431 3392 605 3461 spiam
658 3405 768 3445 non
831 3389 1150 3458 conﬁtetur,
1208 3389 1343 3445 ﬁdes
1385 3405 1492 3445 non
1541 3401 1646 3460 est,
1681 3392 1776 3447 sed
1812 3396 2014 3464 aptius,

431 3485 634 3539 dixerit
687 3484 853 3549 alius,
914 3483 1088 3548 fraus,
1142 3481 1299 3552 prius
1337 3482 1393 3536 in
1445 3498 1503 3538 se
1555 3499 1748 3540 errore
1796 3486 2015 3551 hausto,

433 3578 569 3631 alios
599 3576 654 3632 in
673 3587 918 3631 errorem
965 3572 1267 3628 adducens.
1302 3571 1440 3626 lline
1477 3573 1610 3629 satis
1651 3582 1823 3644 patet,
1858 3589 2009 3640 eum,

431 3670 526 3741 qui
577 3667 746 3726 corde
787 3665 986 3732 credit,
1041 3674 1098 3719 ct
1141 3679 1239 3718 ore
1286 3678 1395 3718 non
1437 3664 1733 3720 conﬁtetur
1761 3666 1815 3720 id
1863 3665 2012 3737 quod

432 3766 630 3828 credit,
688 3775 972 3831 nunquam
1028 3758 1262 3813 salutem
1323 3769 1802 3827 consecuturum,
1854 3760 2014 3830 cujus

433 3857 679 3910 hreredes
716 3869 818 3910 nos
845 3865 968 3908 esse
1009 3850 1103 3906 ﬁat
1143 3849 1318 3921 gratia
1373 3850 1591 3906 Domini
1642 3851 1818 3909 nostri
1880 3852 2010 3908 Jesu

431 3947 655 4002 Christi.
685 3947 876 4001 Amen.

512 4066 527 4096 ³
567 4063 724 4119 Itoni.
759 4077 817 4130 x,
854 4060 965 4117 l-O.‘

2117 3211 2334 3274 στεύω,
2352 3208 2556 3276 Κύριε,
2579 3206 2764 3274 λέγειν
2788 3205 2977 3273 μόνον,
3002 3201 3159 3265 ἀλλὰ,
3189 3198 3482 3265 Πιστεύω,
3503 3196 3703 3265 Κύριε,

2116 3306 2217 3360 καὶ
2253 3299 2546 3374 ὁμολογῶ.
2585 3299 2655 3352 Ἦ
2689 3296 2800 3368 γὰρ
2828 3296 2905 3367 μὴ
2935 3291 3344 3365 ὁμολογουμένη
3372 3291 3564 3352 πίστις
3605 3289 3701 3341 οὐκ

2115 3400 2231 3452 ἔστι
2263 3397 2469 3458 πίστις,
2502 3392 2638 3448 ἀλλὰ
2688 3391 2860 3453 δόλος,
2895 3389 3041 3464 εἴποι
3090 3403 3176 3453 τις
3209 3385 3300 3451 ἂν,
3334 3385 3433 3439 καὶ
3482 3379 3700 3435 πλανῶν

2114 3491 2210 3546 καὶ
2242 3488 2620 3558 πλανώμενος.
2659 3483 2824 3537 Ὅθεν
2855 3482 3034 3552 δῆλον,
3065 3481 3147 3533 ὅτι
3191 3479 3220 3532 ὀ
3247 3480 3314 3548 τῇ
3352 3475 3560 3547 καρδίᾳ
3606 3473 3697 3543 μὲν

2116 3580 2413 3645 πιστεύων,
2438 3578 2517 3649 τῷ
2548 3575 2782 3647 στόματι
2827 3572 2883 3626 δὲ
2930 3573 3006 3643 μὴ
3039 3569 3342 3641 ὁμολογῶν,
3368 3568 3399 3621 ὃ
3430 3565 3698 3630 πιστεύει,

2117 3676 2217 3730 οὐκ
2254 3671 2574 3738 ὲπιτάξεται
2595 3669 2693 3739 τῆς
2724 3665 3023 3736 σωτηρίας,
3058 3659 3128 3734 ἧς
3157 3661 3538 3734 κληρονόμους
3555 3660 3698 3728 γενέ-

2121 3765 2247 3820 σθαι
2281 3764 2489 3826 πάντας
2525 3762 2674 3831 ἡμᾶς
2701 3759 2912 3827 γένοιτο
2940 3757 3124 3828 χάριτι
3170 3751 3266 3808 τοῦ
3295 3751 3507 3824 Κυρίου
3547 3749 3696 3822 ἡμῶν

2132 3854 2310 3926 Ἰησοῦ
2343 3850 2606 3926 Χριστοῦ.
2659 3851 2854 3923 Ἀμήν.

1231 4386 1819 4506 GEORGII
1908 4381 2894 4503 TBAPEZUNTII

1010 4615 1093 4676 ΙΝ
1161 4609 1772 4676 EXPOSITIONEM
1837 4606 2097 4668 ILLIUS
2166 4604 2478 4666 TEXTUS
2539 4605 2977 4668 EVANGELII
3018 4607 3114 4668 *ε

1447 4773 1581 4837 SIC
1633 4767 1839 4836 νοιο
1869 4766 2060 4830 EUM
2087 4763 2479 4837 MANERE,
2511 4763 2678 4824 ETC.

836 4923 1193 5012 E'l',_QUO|D
1243 4924 1307 4985 S.
1353 4919 1708 4985 JOANNES
1762 4911 2320 4978 EVANGELISTA
2364 4909 2702 4973 NONDUM
2744 4913 2869 4975 SIT
2911 4914 3298 4978 MORTUUS

1457 5066 1540 5109 AD
1569 5061 1810 5109 SIXTUM
1836 5059 1902 5104 IV
1945 5055 2319 5105 PONTIFICEM
2349 5055 2674 5102 MAXIMUM.

993 5183 1334 5248 (Monumenta
1365 5177 1458 5230 SS.
1504 5177 1705 5227 Palmm
1728 5169 2212 5233 orthodoxographa.
2241 5167 2452 5218 Basileat
2495 5166 2637 5219 i559.
2665 5165 2751 5218 tot.
2783 5167 2956 5220 Latine
2996 5170 3233 5234 tantum.)

493 5438 701 5506 Nuper,
736 5431 1082 5488 sanctissime
1125 5429 1304 5493 Pater,
1338 5441 1462 5482 cum
1503 5439 1624 5481 eam
1684 5419 2007 5493 particulam

423 5528 706 5599 Evangelii
731 5525 966 5582 Joannis
997 5525 1263 5594 legerere,
1296 5534 1405 5590 qua
1439 5518 1637 5573 Petrus
1675 5514 1771 5570 Dei
1802 5513 2006 5570 Filium

424 5622 494 5676 de
546 5622 640 5676 illo
690 5617 1053 5686 interrogavit
1106 5614 1346 5669 dicens:
1387 5610 1634 5676 Domine,
1684 5609 1768 5663 hic
1826 5615 2006 5660 autem

421 5714 591 5784 quid?
613 5711 934 5780 audivitque
958 5727 972 5762 :
994 5706 1052 5763 Si
1070 5723 1192 5762 eum
1215 5707 1330 5761 volo
1358 5719 1572 5757 manere
1589 5705 1755 5757 donec
1775 5701 2005 5764 veniant,

2117 5421 2244 5490 quid
2268 5420 2337 5473 ad
2362 5429 2408 5472 te
2430 5420 2455 5473 ?
2475 5419 2712 5490 primum
2733 5430 3115 5487 occurrerunt,
3144 5437 3267 5492 qua;
3295 5423 3430 5480 alias
3451 5423 3514 5479 de
3536 5422 3602 5476 sic
3617 5429 3664 5473 et

2116 5514 2186 5569 de
2233 5513 2280 5567 si
2333 5511 2599 5582 particula
2651 5513 2894 5568 disserui
2930 5529 2944 5568 :
2988 5513 3194 5570 deinde
3224 5524 3411 5572 utrum
3445 5527 3664 5571 mortuus

2116 5605 2188 5659 sit
2233 5621 2303 5659 an
2350 5605 2532 5660 adhuc
2573 5591 2722 5659 vivat
2752 5603 3010 5660 Tonitrui
3043 5585 3210 5674 ﬁlius,
3245 5610 3389 5679 ccepi
3424 5597 3657 5678 eogitare.

2116 5695 2252 5751 Nam
2303 5697 2404 5750 etsi
2439 5696 2714 5752 utrumvis
2762 5698 2888 5767 quis
2935 5698 3159 5768 dixerit,
3192 5716 3225 5757 a
3273 5703 3398 5763 sinu
3433 5698 3658 5758 Ecclesiae

487 5827 504 5893 ᾗ
537 5821 1076 5897 Georgiocontradixit
1095 5819 1368 5898 cardinalis
1406 5820 1664 5899 Bessarion
1685 5817 1823 5868 hunc
1845 5815 2074 5868 eumdem
2095 5813 2258 5864 locum
2296 5824 2568 5874 exponens.
2597 5811 2720 5868 vide
2743 5815 3012 5882 supra_col.
3031 5813 3144 5874 .623.
