3902 6208
330 341 439 406 8‘69

1101 342 1184 403 IN
1230 340 1496 416 ILLUD,
1538 353 1563 386 ί
1602 338 1718 401 SIC
1758 336 1957 400 νοω
1996 336 2167 399 EUM
2207 336 2556 414 MANERE,
2596 347 2617 383 ι
2663 336 2822 399 ETC.

3490 340 3603 409 870

334 474 443 519 non
484 459 726 516 recedat.
760 459 879 515 Non
919 459 1068 514 enim
1096 456 1186 514 vel
1215 466 1398 511 morte
1433 456 1517 510 vel
1552 456 1663 510 vita
1686 454 1918 511 Joannis
1946 473 1991 530 Α
2020 453 2255 523 poribus
2289 453 2646 509 miseratione
2671 453 2855 509 divina
2886 460 3057 517 tenet.
3084 462 3273 526 posset
3300 456 3599 515 ostendero
3694 436 3701 443 κ

335 552 467 607 salvi
489 550 623 607 facti
661 566 871 617 sumus,
901 566 1002 606 nec
1029 550 1266 605 alterum
1303 555 1496 617 aperte
1529 546 1609 602 sic
1638 546 1691 601 in
1733 546 1914 600 Evan-

333 645 475 714 gelio
520 644 724 699 dicitur
759 653 819 698 ut
855 643 1092 698 alterum
1126 639 1354 697 credere
1399 639 1559 694 nefas
1592 639 1685 694 sit.
1737 637 1914 692 liabet

333 743 512 789 tamen
570 735 921 805 investigatio
967 734 1047 788 rei
1099 732 1268 804 hujus
1302 746 1414 785 non
1454 746 1647 801 parum
1698 727 1914 783 fruetus

332 827 376 880 si
424 842 534 881 non
576 827 933 881 contentione
980 826 1264 891 vincendi,
1315 822 1411 879 sed
1446 821 1695 878 veritatis
1724 834 1913 876 amore
1952 857 1955 860 ‹

336 916 657 986 inquiritur.
685 916 826 971 Cum
856 917 1004 970 enim
1041 913 1361 986 investigari
1395 923 1546 967 reste
1592 926 1701 966 non
1744 911 1915 980 possit

333 1009 441 1064 nisi
492 1022 589 1079 per
639 1006 1018 1079 Evangelium,
1073 1022 1214 1077 Opus
1261 1017 1371 1071 est,
1409 1005 1542 1059 dum
1589 1003 1911 1072 qumrimus.

337 1102 615 1173 Evangelii
648 1102 816 1156 verba
838 1102 1041 1172 saepius
1070 1111 1343 1171 repetere.
1369 1098 1424 1153 Id
1460 1114 1567 1152 non
1594 1097 1770 1152 solum
1796 1096 1915 1151 ani-

336 1207 483 1245 mtnn
502 1192 572 1245 ab
594 1192 719 1246 aliis
739 1187 1165 1260 cogitationibus
1189 1188 1483 1251 abstrahit,
1505 1189 1599 1244 sed
1626 1196 1683 1242 et
1701 1187 1771 1241 ad
1795 1187 1915 1255 api-

337 1300 455 1340 cem
492 1284 669 1353 ipsnm
696 1293 1012 1338 sanctarum
1042 1283 1355 1338 litterarum
1385 1280 1633 1348 impellit.
1666 1278 1913 1341 Accedit,

337 1387 397 1429 ut
424 1374 518 1445 qui
558 1376 671 1429 bace
721 1374 965 1429 faciliora
1000 1383 1059 1429 et
1108 1377 1166 1429 in
1212 1375 1416 1444 quibus
1462 1388 1572 1427 non
1624 1386 1918 1441 possumus

340 1484 466 1524 cum
516 1477 720 1522 asterna
763 1468 1012 1536 pernicie
1061 1469 1230 1522 animi
1274 1482 1487 1529 errare,
1525 1474 1827 1525 scrutatur.
1873 1465 1918 1520 is

336 1561 734 1616 exercitatione
789 1561 905 1629 jam
967 1561 1170 1630 ingenii
1226 1561 1401 1629 gradu
1459 1560 1585 1613 binc
1642 1558 1790 1613 facto
1852 1559 1919 1612 ad

337 1657 531 1708 altiora
563 1654 813 1708 securior
855 1655 1025 1722 possit
1055 1654 1447 1708 conscendere.

411 1744 525 1800 Hoc
564 1756 747 1799 autem
772 1754 829 1800 et
859 1746 962 1814 ipsi
1000 1746 1231 1799 salutem
1269 1745 1564 1798 allaturum
1598 1750 1759 1798 estet
1785 1742 1920 1797 alios

2018 544 2074 599 id
2109 560 2177 600 ex
2223 560 2373 601 nunc
2419 554 2617 615 sponte
2651 554 2875 616 totoque
2902 546 3108 612 animo,
3143 561 3366 615 revoco,
3415 549 3599 619 ejieio.

2019 652 2241 708 respuo.
2282 647 2340 692 et
2393 639 2538 692 sicut
2571 653 2678 694 non
2736 638 2941 693 dictant
2991 637 3181 693 baberi
3232 640 3501 710 supplico.
3545 640 3603 699 Id

2018 731 2184 783 modo
2216 729 2309 783 hic
2355 729 2592 796 dictum,
2637 718 2793 800 quasi
2834 729 3043 786 dictum
3090 731 3437 787 in’omnibus
3478 746 3606 789 esse

2017 822 2182 876 velim
2219 837 2340 891 quae
2368 831 2464 875 ant
2493 822 2681 877 Graece
2705 829 2800 876 aut
2829 821 3022 877 Latine
3048 822 3201 894 attigi
3226 834 3286 877 ut
3314 824 3605 894 attingam.

2017 913 2076 967 In
2093 913 2277 967 animo
2295 913 2441 968 enim
2457 924 2542 969 est
2556 954 2568 977 ,
2596 913 2698 969 nisi
2718 914 2800 969 vel
2828 924 3086 970 senectus
3111 926 3225 970 rcta
3235 916 3496 981 rdaverit,
3515 916 3603 971 vel

2015 1005 2300 1074 tegrotatio
2323 1005 2659 1075 impedierit,
2690 1005 2774 1060 vel
2803 1007 3052 1061 tenuium
3094 1005 3438 1060 fortunarum
3464 1022 3603 1062 con-

2017 1096 2156 1151 ditio
2188 1096 2553 1160 revocaverit,
2583 1097 2883 1151 nonnullos
2916 1098 3215 1166 Scriptum
3248 1098 3397 1151 locos
3439 1108 3606 1166 prout

2017 1187 2161 1244 Deus
2200 1188 2464 1258 aspirabit
2514 1200 2770 1243 tractare.
2823 1189 2930 1244 Sed
2981 1189 3120 1244 alios
3173 1189 3397 1258 quidem
3447 1189 3604 1254 alias,

2018 1295 2168 1334 nunc
2197 1291 2378 1335 autem
2415 1280 2588 1351 ipsius
2627 1281 2856 1336 Joannis
2888 1281 2957 1335 de
2998 1296 3107 1350 quo
3148 1280 3351 1336 dicturi
3387 1296 3604 1346 sumus,

2022 1372 2422 1427 intercessione
2471 1372 2620 1437 freti,
2674 1374 3158 1442 quaestiunculam.
3201 1389 3317 1441 qua:
3351 1389 3380 1426 a
3420 1372 3606 1429 verbis

2023 1464 2304 1532 Evangelii
2329 1465 2598 1533 originem
2633 1466 2850 1520 trahere
2875 1466 3115 1529 videtur,
3142 1464 3405 1527 dilucide,
3429 1480 3609 1534 quan-

2026 1551 2140 1608 tu'm
2180 1554 2330 1609 Deus
2355 1556 2668 1619 donaverit,
2703 1567 2937 1612 tractare
2976 1557 3320 1611 conabimur.

2095 1647 2307 1717 Saepius
2355 1660 2475 1717 post
2531 1652 2995 1704 resurrectionem
3048 1650 3286 1705 diversis
3340 1649 3609 1704 Dominus

2024 1740 2203 1795 modis
2233 1742 2488 1811 apparuit
2526 1742 2838 1812 discipulis,
2883 1752 2941 1796 et
2990 1743 3191 1813 saepius
3222 1759 3347 1800 cum
3378 1742 3513 1813 ipsis
3550 1752 3610 1798 et

342 1837 406 1891 ad
446 1854 722 1892 sacrarum
753 1838 1061 1892 litterarum
1096 1838 1277 1891 studia
1310 1838 1510 1905 poterit
1543 1850 1913 1891 commovere.
1952 1838 1995 1893 Β
2024 1832 2261 1887 comedit
2307 1842 2363 1887 et
2400 1834 2554 1897 bibit,
2584 1834 2724 1889 latus
2752 1850 2974 1904 quoque
3021 1844 3076 1890 et
3115 1852 3309 1891 manus
3332 1847 3386 1891 et
3413 1835 3605 1905 pedes,

346 1930 613 1988 Primtnn.
644 1929 902 1998 quoniam
956 1930 999 1983 si
1048 1931 1176 1998 quis
1207 1929 1425 1983 divinas
1470 1928 1680 1983 litteras
1724 1928 1926 1982 crebro

336 2030 393 2075 ct
424 2036 549 2073 eum
601 2020 704 2074 fide
735 2021 963 2082 lectitat,
998 2020 1124 2074 buie
1174 2022 1258 2073 via
1292 2021 1483 2074 salutis
1514 2020 1566 2073 in
1607 2020 1724 2074 dies
1754 2018 1927 2089 magis

351 2112 640 2181 magisque
697 2112 988 2182 aperitur;
1045 2112 1305 2174 alterum,
1366 2111 1495 2180 quia
1565 2110 1693 2164 licet
1744 2110 1926 2163 omnia

342 2202 635 2256 doctorum
693 2203 951 2255 Ecclesiae
1007 2202 1314 2271 diligentia,
1372 2203 1477 2255 hoc
1530 2210 1638 2265 est,
1690 2200 1929 2267 Spiritus

342 2294 516 2349 sancti
557 2293 731 2364 gratia
765 2292 911 2348 unde
943 2293 1126 2347 omnia
1156 2293 1298 2347 dona
1339 2292 1621 2361 profluunt
1662 2293 1796 2346 satis
1830 2305 1928 2358 pa-

344 2394 519 2448 teant,
551 2394 731 2439 tamen
767 2394 823 2438 et
852 2400 995 2438 nova
1027 2398 1259 2453 qua:th
1292 2382 1570 2436 delectant
1596 2391 1652 2435 et
1682 2382 1929 2449 legentes

342 2479 408 2533 ad
440 2478 882 2548 frequentiorem
912 2477 1030 2547 ipsa
1056 2478 1300 2530 novitate
1332 2475 1582 2529 alliciunt
1610 2474 1925 2527 lectioni-tn.

339 2568 547 2624 Crebra
579 2579 762 2622 autem
826 2567 1022 2621 harum
1055 2581 1244 2622 rerum
1287 2564 1452 2619 lectio
1490 2564 1799 2617 animorum
1846 2570 1930 2614 est

342 2660 501 2715 cibus
545 2673 653 2729 quo
697 2658 964 2713 adversus
997 2657 1314 2727 voluptates
1351 2656 1776 2710 corroboramur
1803 2655 1928 2706 car-

343 2751 455 2804 nis.
488 2749 643 2804 Adde
677 2748 825 2819 quod
875 2748 1107 2819 abyssus
1147 2762 1248 2801 nec
1278 2745 1509 2815 simplex
1555 2747 1651 2799 sed
1702 2742 1926 2812 duplex,

343 2845 526 2901 divina
555 2844 841 2913 Scriptura
869 2852 976 2907 est,
1006 2841 1051 2895 si
1081 2840 1169 2894 cui
1218 2839 1396 2907 placet
1441 2836 1576 2891 illud
1628 2835 1928 2890 l’salmista:

344 2942 415 2996 ad
483 2918 642 2994 vetus
695 2949 1091 3005 nonnunquam
1165 2932 1418 2986 conferre
1485 2930 1923 2994 'l'estantcntum,

346 3034 490 3106 quod
525 3032 840 3088 Creatorem
882 3026 1281 3105 magnitudine,
1331 3022 1689 3076 multitudine
1738 3020 1928 3074 altitu-

349 3127 586 3195 dincque
615 3138 797 3178 rerum
826 3118 1249 3175 admiratiottcm
1275 3115 1615 3184 compulsus,
1640 3112 1922 3168 exclama-

2029 1940 2138 1979 uon
2168 1926 2345 1981 oculis
2388 1927 2588 1995 solum,
2616 1944 2808 1983 verum
2850 1930 3021 1985 etiam
3057 1930 3228 1983 tactui
3282 1930 3503 1996 obtulit,
3548 1939 3611 1986 ut

2030 2017 2274 2088 undique
2330 2020 2584 2076 eumdem
2620 2022 2857 2090 seipsum
2897 2036 3019 2077 esse
3062 2022 3480 2077 dtemonstraret
3511 2022 3611 2090 qui

2027 2120 2367 2177 surrexerat,
2397 2114 2491 2183 qui
2520 2115 2821 2170 cruciﬁxus
2852 2115 3055 2179 fuerat,
3095 2116 3302 2186 quique
3327 2126 3454 2171 ante
3485 2132 3613 2186 pas-

2028 2203 2235 2258 sionem
2269 2220 2390 2259 eum
2416 2206 2524 2260 illis
2552 2207 3007 2263 conversabatur.
3039 2208 3266 2263 Demum
3301 2211 3607 2267 secundum

2027 2296 2257 2351 Joannis
2293 2296 2645 2366 Evangelium
2675 2301 2933 2368 apparuit
2965 2298 3130 2355 Jesus
3165 2301 3221 2355 in
3270 2302 3458 2357 littore
3498 2305 3611 2359 illis

2028 2388 2393 2455 piscantibus,
2428 2389 2897 2459 interrogavitque
2928 2393 2973 2448 si
3009 2392 3315 2462 quidquam
3349 2395 3609 2464 pulmen-

2033 2478 2157 2531 tarii
2184 2480 2466 2534 baberent.
2493 2481 2708 2546 Quibus
2733 2482 3061 2552 negantibus
3083 2483 3252 2553 jussit
3284 2485 3340 2538 in
3362 2484 3610 2541 dextram

2031 2569 2233 2639 navigii
2273 2581 2484 2639 partem
2530 2582 2644 2628 rete
2690 2578 3025 2641 immittere;
3058 2591 3169 2646 quo
3210 2578 3355 2634 facto
3386 2592 3610 2637 centntu

2030 2665 2520 2736 etquinquaginta
2566 2675 2677 2722 tres
2720 2682 2947 2741 magnos
3003 2670 3193 2738 piscati
3245 2671 3423 2741 pisces
3454 2684 3611 2729 sunt.

2031 2756 2187 2822 Quod
2205 2756 2428 2826 quidem
2453 2758 2519 2812 ad
2548 2756 2786 2812 futuram
2811 2769 3129 2815 sanctorum
3157 2764 3397 2833 quietem
3426 2781 3611 2822 sacra~

2030 2846 2344 2900 mentaliter
2400 2847 2719 2915 pertinere,
2774 2850 3131 2920 perspicuum
3188 2863 3293 2907 est.
3352 2855 3489 2910 Nam
3554 2866 3614 2912 et

2029 2939 2351 3008 magnitudo
2383 2949 2441 2993 et
2481 2939 2779 2995 multitudo
2822 2954 2878 2997 et
2912 2958 3181 2999 numerus
3221 2948 3450 3014 piscium
3490 2965 3613 3005 cer-

2033 3039 2120 3082 tus
2151 3038 2209 3084 et
2242 3029 2437 3085 tractio
2471 3045 2664 3085 eorum
2694 3046 2793 3101 per
2827 3033 3028 3091 ﬂuctus
3058 3039 3244 3105 maris,
3291 3043 3509 3096 tandem
3541 3043 3612 3098 ad

2034 3121 2222 3176 littora
2271 3123 2464 3189 tutior,
2512 3132 2569 3178 et
2612 3124 2981 3181 ducentorum
3024 3144 3055 3183 a
3086 3130 3269 3187 littore
3295 3133 3608 3190 cubitorum

350 3221 463 3275 vit:
493 3181 777 3289 iAbyssus
793 3215 1052 3285 abyssum
1080 3211 1300 3265 invocat
1319 3208 1387 3262 ad
1417 3221 1605 3261 vocem
1631 3212 1931 3259 cataraCta-
1957 3181 2000 3239 θ
2020 3212 2294 3267 distantia
2326 3222 2382 3267 et
2426 3213 2481 3267 in
2514 3213 2770 3270 dextrum
2804 3220 2939 3274 retis
2963 3218 3228 3277 demissio
3262 3234 3320 3279 et
3350 3236 3613 3295 septena-

348 3329 471 3368 rum
492 3321 730 3366 tuarum.
756 3326 777 3360 ι
802 3306 1017 3363 Veteris
1032 3304 1179 3359 enim
1206 3297 1544 3356 Testamenti
1570 3312 1670 3367 per
1694 3296 1928 3367 gratiam

352 3405 656 3463 Salvatoris
716 3402 915 3472 abysso
956 3397 1250 3468 patefacta,
1298 3401 1356 3447 et
1398 3391 1521 3445 velo
1570 3389 1758 3458 templi
1795 3388 1930 3459 (quo

348 3498 783 3573 prohibebantur
813 3492 1080 3548 interiora
1112 3486 1453 3558 prospicere)
1493 3495 1592 3552 per
1612 3495 1776 3573 suam
1808 3494 1933 3573 pas.-

351 3570 564 3652 sionem
596 3591 790 3651 scisso,
831 3583 1086 3638 invocata
1116 3577 1316 3633 eil'udit
1341 3590 1403 3630 se
1428 3572 1558 3629 novi
1590 3570 1927 3628 Testamenti

351 3688 603 3758 abyssus,
634 3690 692 3736 et
732 3676 994 3733 excitavit
1025 3686 1214 3727 vocem
1265 3675 1666 3758 cataractarum
1708 3662 1829 3730 Dei,
1874 3661 1929 3717 id

351 3757 441 3830 est
461 3768 945 3840 evangelistarum,
981 3760 1361 3832 apostolorum
1391 3757 1790 3824 doctorumque
1812 3768 1932 3810 om-

347 3866 503 3921 nium
536 3858 817 3917 Ecclesiae.
857 3855 913 3911 Si
940 3868 1073 3924 ergo
1098 3851 1401 3922 Scriptura:
1430 3847 1667 3903 altitudo
1696 3848 1930 3919 abyssus

347 3968 431 4016 est
464 3968 681 4027 magna,
727 3962 1010 4018 nunquam
1044 3945 1283 4001 deerunt
1315 3956 1444 3997 cum
1490 3940 1611 3996 zelo
1640 3939 1803 3995 nobis
1835 3953 1930 3994 ve-

348 4058 567 4112 ritatem
625 4048 959 4107 rimantibus
1010 4059 1134 4116 qua
1179 4058 1308 4099 cum
1353 4041 1592 4097 utilitate
1642 4035 1928 4096 communi

358 4145 793 4205 conscribamus.
838 4140 1009 4210 Cujus
1052 4137 1132 4192 rei
1169 4148 1459 4191 excessum
1499 4147 1563 4187 ac
1596 4128 1931 4202 magnitudi-

354 4257 481 4298 nem
525 4235 879 4308 Evangelium
917 4229 1256 4302 signiﬁcasse
1286 4226 1538 4291 videtur,
1573 4223 1668 4279 ubi
1702 4222 1931 4285 dicitur,

353 4334 468 4391 Nec
498 4331 760 4387 mundum
793 4324 1019 4397 quidem
1056 4323 1257 4392 ipsum,
1290 4319 1334 4375 si
1360 4316 1577 4389 singula
1608 4331 1732 4385 qua:
1763 4315 1931 4371 Jesus

350 4427 485 4482 fecit
509 4421 1020 4481 conscriberentur,
1043 4413 1223 4469 videri
1252 4420 1568 4483 capturum.
1601 4408 1684 4463 Ad
1719 4407 1929 4463 sancti-

2033 3305 2151 3358 rius
2174 3305 2578 3374 discipulorum
2603 3320 2891 3379 numerus,
2916 3310 3032 3366 haec
3058 3302 3243 3369 omnia
3273 3331 3381 3372 non
3405 3320 3614 3389 absque

2032 3412 2232 3467 magno
2262 3397 2524 3469 mysterio
2573 3398 2871 3471 diligenter
2918 3414 3214 3460 narrantur
3259 3410 3344 3464 ct'
3373 3410 3612 3467 futuram

2035 3488 2432 3558 triumphantis
2479 3490 2740 3550 Ecclesia
2767 3508 2896 3549 cum
2938 3495 3172 3553 Domino
3217 3499 3388 3555 vitam
3421 3518 3613 3574 aperte

2033 3580 2347 3652 signiﬁcare
2377 3582 2655 3640 videntur.
2687 3585 2824 3643 Erat
2857 3586 2917 3643 id
2959 3601 3110 3645 certe
3144 3604 3307 3646 suum
3336 3594 3489 3651 illius
3512 3599 3609 3667 qui

2032 3674 2158 3744 plus
2207 3674 2331 3730 aliis
2358 3675 2650 3733 amabatur
2698 3693 2731 3733 a
2775 3677 3001 3736 Christo
3035 3682 3131 3753 qui
3166 3682 3221 3738 in
3263 3683 3611 3744 Dominicutu

2033 3775 2227 3838 pectus
2271 3767 2524 3831 incubuit
2562 3781 2620 3825 et
2664 3770 2796 3827 inde
2825 3772 3010 3828 hausit
3060 3775 3490 3845 profundissima
3520 3796 3618 3836 sa-

2033 3858 2314 3916 cranicnta
2355 3861 2447 3916 cui
2476 3862 2705 3918 Matrem
2736 3864 2890 3921 orbis
2920 3866 3199 3923 dominam
3245 3869 3366 3942 ipse
3428 3870 3617 3929 Domi-

2033 3970 2142 4010 nus
2180 3954 2423 4010 moriens
2449 3956 2883 4025 commendavit,
2915 3966 2976 4013 ut
3007 3961 3472 4029 quemadmodum
3504 3966 3619 4021 ini—
3698 4004 3701 4007 -

2035 4047 2172 4102 tium
2202 4045 2485 4118 Evangelii
2511 4047 2597 4103 sui
2629 4050 2683 4103 in
2718 4059 2926 4105 aaterna
2951 4054 3311 4121 generatione
3358 4057 3483 4113 Filii
3516 4059 3615 4115 Dei

2033 4139 2285 4195 fundavit
2313 4140 2489 4196 instar
2517 4142 2745 4196 tonitrui
2788 4143 3033 4198 clamans
3062 4160 3078 4199 :
3114 4143 3180 4199 In
3210 4147 3470 4221 principio
3500 4166 3620 4205 erat

2043 4229 2293 4297 Verbum,
2318 4240 2368 4288 ct
2402 4231 2632 4288 Verbum
2674 4241 2792 4288 erat
2820 4236 2963 4305 apud
3011 4234 3202 4303 Deum,
3234 4248 3285 4293 et
3306 4241 3462 4295 ‘Dctts
3489 4252 3615 4297 erat

2036 4322 2263 4380 Verbum
2291 4324 2413 4382 :sic
2451 4325 2696 4382 culmina
2730 4342 2829 4397 per
2858 4327 3103 4383 futuram
3137 4340 3456 4389 sanctorum
3486 4336 3615 4391 vitae

2035 4414 2324 4486 mysticam
2365 4415 2677 4472 orationem
2701 4417 3035 4486 imponeret,
3065 4419 3135 4474 ad
3162 4435 3328 4490 quam
3356 4432 3417 4478 ut
3440 4425 3615 4481 tutius

349 4527 517 4575 tatem
565 4523 750 4570 autem
792 4520 941 4565 tuam
977 4515 1033 4562 et
1080 4521 1203 4575 qua:
1250 4518 1398 4559 nunc
1441 4504 1495 4557 in
1528 4504 1630 4558 bac
1681 4500 1930 4572 perfacili
1964 4519 2006 4575 ι)
2036 4506 2174 4561 mari
2206 4492 2398 4577 iactati
2453 4516 2513 4563 et
2565 4509 2753 4572 undis,
2810 4510 2985 4564 sancti
3026 4512 3317 4580 pervenire
3366 4524 3612 4584 possent.

349 4607 676 4682 quastione,
718 4601 924 4658 auxilio
963 4600 1084 4671 ejus
1119 4597 1279 4669 cujus
1314 4605 1369 4651 tu
1407 4596 1463 4650 in
1496 4593 1659 4650 terris
1686 4592 1927 4648 vicarius

353 4720 439 4769 es,
461 4709 519 4757 et
539 4705 878 4770 posteaque
921 4690 1272 4755 dictabimus,
1309 4686 1506 4742 merito
1531 4683 1799 4740 mittenda
1828 4698 1930 4753 pu-

346 4798 637 4856 tavimus:
677 4805 747 4847 ne
779 4790 910 4844 dum
951 4785 1206 4845 volumus
1247 4793 1302 4838 et
1345 4781 1506 4838 nobis
1531 4787 1588 4836 et
1637 4779 1762 4834 aliis
1796 4792 1928 4849 pro-

349 4892 535 4954 desse,
588 4886 644 4941 in
696 4886 952 4954 laqueum
981 4877 1318 4933 dilabamur.
1360 4874 1419 4929 ld
1462 4872 1613 4929 enim
1653 4878 1712 4926 et
1743 4869 1849 4925 fuit
1874 4875 1931 4923 et

351 4993 437 5041 est
485 4991 543 5037 et
581 4978 766 5033 divina
809 4979 1081 5045 praesente
1137 4968 1308 5040 gratia
1355 4966 1466 5022 erit
1515 4977 1736 5035 semper
1790 4960 1927 5016 mihi

356 5076 586 5133 insitum
630 5079 687 5126 et
730 5065 1093 5139 propositum,
1136 5069 1374 5116 mortem
1422 5067 1613 5129 optare
1656 5055 1840 5128 potius
1873 5064 1933 5110 et

356 5169 568 5225 exitum
608 5162 773 5231 bujus
818 5157 967 5224 vitae,
1010 5168 1176 5226 quam
1213 5149 1447 5221 aliquid,
1481 5165 1594 5204 non
1636 5150 1763 5205 dico
1793 5147 1933 5203 scri-

359 5262 492 5318 bere
509 5264 604 5312 aut
626 5255 837 5317 dicere,
871 5249 965 5305 sed
994 5264 1063 5303 ne
1090 5246 1333 5316 cogitare
1362 5241 1609 5314 quidem,
1630 5239 1776 5312 quod
1799 5254 1933 5310 apo-

355 5351 561 5410 stolica:
589 5344 857 5403 doctrina:
886 5356 950 5397 ac
978 5338 1241 5395 Ecclesia:
1263 5334 1382 5401 Dei,
1406 5334 1566 5406 cujus
1587 5341 1646 5387 tu
1673 5333 1933 5403 princeps

354 5460 436 5511 es,
472 5448 803 5513 repugnare
830 5434 1107 5490 videatur.
1146 5428 1329 5495 Quare
1364 5427 1410 5482 si
1439 5427 1582 5482 forte
1608 5440 1802 5496 parum
1834 5426 1933 5481 ad-

353 5522 659 5596 v'ertendo,~
697 5524 904 5599 aliquid
950 5520 1289 5594 huiusmodi,
1324 5527 1421 5573 aut
1461 5519 1627 5574 etiam
1659 5531 1728 5573 es
1775 5517 1932 5587 igno-

351 5628 553 5693 rantia,
609 5619 954 5692 scripserim,
992 5614 1249 5679 dixerim,
1282 5610 1665 5685 cogitaverim,
1728 5618 1827 5665 aut
1874 5608 1933 5664 in

351 5725 599 5775 futurum
635 5716 934 5787 scripsero,
968 5711 1183 5778 dixero,
1216 5709 1555 5781 cogitavero,
1587 5704 1738 5776 quod
1771 5717 1935 5761 aures

350 5810 663 5869 sanctitatis
693 5821 801 5866 tua:
830 5821 953 5880 qua
982 5805 1137 5878 regni
1169 5803 1435 5862 celerum
1456 5800 1641 5859 claves
1673 5799 1761 5857 bis
1788 5808 1930 5857 tem-

2028 4595 2227 4652 Petrus
2276 4605 2462 4653 autem
2505 4599 2727 4669 quando
2771 4600 2876 4671 ipsi
2919 4601 3103 4658 claves
3154 4605 3311 4673 regni
3346 4607 3613 4683 caelorum

2029 4688 2432 4745 commendata
2479 4689 2744 4756 fuerunt,
2808 4691 3069 4747 Ecclesia
3122 4693 3294 4750 totius
3357 4695 3616 4767 princeps

2029 4782 2386 4848 constitutus,
2433 4782 2680 4853 apertius
2718 4791 2851 4838 tunc
2896 4784 2983 4840 vel
3016 4786 3328 4842 restituitur
3358 4789 3440 4845 vel
3482 4802 3617 4844 eon-

2032 4872 2301 4929 iirmatur.
2338 4873 2477 4931 Nam
2529 4890 2601 4931 ne
2632 4874 2774 4931 forte
2816 4875 3040 4947 aliquis,
3096 4880 3356 4948 quoniam
3393 4890 3475 4937 ter
3508 4880 3616 4936 Do-

2033 4966 2243 5021 minum
2271 4976 2586 5038 negaverat,
2635 4966 2889 5024 amisisse
2929 4968 3108 5041 ipsum
3152 4967 3409 5027 Ecclesia:
3458 4973 3617 5042 prin-

2033 5060 2275 5129 cipatum
2329 5067 2573 5130 putaret,
2635 5068 2720 5116 ter
2765 5061 3144 5132 interrogatur
3198 5078 3269 5119 an
3318 5064 3612 5121 Dominum

2034 5160 2281 5215 amaret,
2310 5150 2408 5220 qui
2438 5150 2614 5208 multo
2638 5150 2966 5222 prudentior
2986 5152 3099 5223 jam
3126 5161 3294 5224 atque
3324 5156 3615 5211 sublimior

2034 5242 2209 5314 gratia
2255 5241 2575 5309 Salvatoris,
2611 5257 2722 5299 non
2762 5241 2990 5299 effertur
3038 5247 3490 5315 prtesuutptione,
3542 5261 3613 5300 ne

2036 5350 2260 5391 rursum
2310 5337 2604 5407 negatione
2647 5347 3115 5407 prosterneretur,
3145 5352 3215 5392 ne
3263 5337 3523 5409 laerymis
3559 5348 3618 5394 et

2035 5444 2225 5484 amaro
2248 5429 2377 5485 iletu
2412 5430 2614 5485 iterum
2644 5430 2748 5484 sibi
2776 5429 2846 5486 ad
2876 5428 3298 5499 propellendum
3333 5430 3614 5501 piaculum

2034 5537 2175 5591 opus
2207 5530 2374 5588 esset,
2410 5522 2507 5578 sed
2551 5521 2641 5593 pia
2675 5522 3026 5579 confessione
3074 5539 3262 5579 amare
3300 5523 3524 5595 quidem
3551 5539 3615 5579 se

2038 5615 2203 5669 tertio
2227 5614 2532 5685 respondit,
2551 5615 2648 5671 sed
2682 5616 2816 5684 quid
2850 5624 3084 5681 amaret,
3117 5617 3302 5687 ipsum
3335 5616 3482 5672 scire
3515 5620 3615 5679 ait,

2035 5705 2126 5762 cui
2152 5705 2288 5760 nihil
2326 5716 2508 5777 potest
2532 5721 2657 5763 esse
2679 5707 2990 5764 occultum.
3022 5707 3116 5766 Sic
3157 5707 3428 5766 Dominus
3459 5717 3617 5768 terna

2038 5799 2491 5873 interrogatione,
2523 5810 2790 5872 ternaque
2815 5799 2965 5859 Petri
2993 5800 3342 5860 confessione
3369 5800 3615 5864 amandi.
