3902 6208
404 310 503 377 871

1609 300 1929 371 GEORGII
1970 308 2487 377 TBAPEZUNTII

3496 325 3578 390 872

410 436 566 485 terne
595 426 813 483 curavit
869 426 1183 500 negationis
1206 427 1404 483 vulnus
1450 425 1621 498 quod,
1678 427 1806 482 fletu
1844 426 1989 481 Petri
2020 431 2069 491 λ
2099 428 2368 485 firmando
2418 443 2677 501 expresse
2729 428 2991 485 dixerunt
3040 440 3100 485 ut
3140 440 3292 489 nemo
3338 434 3582 508 ambigeret

411 526 666 577 sanatum
699 517 765 573 ad
797 514 1110 574 cicatricem
1159 518 1723 589 usque‘produetum,
1754 517 1980 572 creden-

409 615 537 667 dum
584 619 692 666 est.
742 609 901 665 Tunc
944 610 1092 665 enim
1150 610 1608 682 interregationis
1639 611 1790 665 illius
1822 612 1874 665 vi
1924 619 1985 665 et

407 703 773 761 confessionis
792 703 1000 757 virtute
1036 702 1376 767 humillimae,
1416 703 1728 758 cicatricem
1761 716 1984 773 quoque

410 797 582 866 ipsam
630 794 891 848 abolitam
942 806 1104 849 nemo
1150 791 1446 861 dubitavit,
1481 810 1546 850 ac
1599 795 1723 850 ideo
1764 804 1849 850 ter
1878 795 1984 849 sibi

411 894 472 941 ut
499 901 633 941 sano
662 885 776 955 iam
805 891 864 939 et
898 883 1186 941 humiliter
1215 896 1404 957 aperte
1432 887 1853 942 commendatur
1884 884 1985 940 Ec-

406 979 594 1044 clesia,
636 989 694 1034 ut
724 985 910 1049 pascat
941 993 1074 1034 oves
1113 990 1393 1050 agnosque
1422 977 1664 1044 Domini,
1689 992 1809 1048 quae
1835 992 1988 1033 com-

410 1070 687 1127 uendatio
720 1070 1013 1127 militantis
1034 1070 1296 1127 Ecclesiae
1322 1070 1486 1126 Petro
1513 1078 1646 1125 tunc
1671 1069 1836 1135 facta,
1859 1084 1987 1124 suc-

408 1162 729 1219 cessoribus
761 1163 937 1219 etiam
988 1163 1108 1218 suis
1158 1161 1300 1225 facta
1347 1165 1720 1233 cognoscitur.
1755 1162 1988 1232 Oportet

407 1256 580 1322 enim,
610 1255 755 1311 sicut
789 1268 918 1310 oves
944 1255 1179 1325 agnique
1209 1263 1445 1320 veteres,
1484 1254 1740 1309 videlicet
1773 1255 1826 1308 in
1858 1253 1983 1321 (ide,

407 1355 572 1417 atque
602 1345 828 1411 novelli,
883 1345 951 1399 ad
996 1345 1141 1399 diem
1193 1358 1370 1415 usque
1399 1345 1671 1401 adventus
1718 1345 1774 1399 in
1814 1345 1986 1415 gloria

410 1440 627 1494 Domini
681 1452 778 1509 per
828 1437 1239 1494 successionem
1291 1438 1538 1492 duraturi
1586 1446 1737 1502 sunt,
1791 1437 1983 1492 eodem

412 1533 600 1602 utique
652 1532 815 1585 modo
871 1528 1026 1583 illum
1071 1544 1396 1598 permanere
1443 1528 1529 1584 cui
1581 1529 1986 1584 commendatio

409 1624 548 1679 facta
583 1632 686 1679 est.
722 1622 1028 1678 Universali
1062 1637 1192 1689 ergo
1224 1620 1483 1676 Ecclesia:
1513 1621 1676 1676 Petro
1703 1623 1986 1691 proposito

409 1718 677 1773 decenter
731 1731 881 1771 mors
914 1730 1136 1785 quoque
1194 1714 1297 1769 sibi
1354 1715 1694 1784 prmdicitnr,
1743 1723 1804 1767 ut
1857 1714 1988 1768 hinc

2091 536 2210 575 eam
2245 535 2468 593 quoque
2518 522 2759 578 Graecam
2806 523 3131 592 particulam
3165 541 3265 581 non
3291 526 3427 582 aliter
3454 544 3581 600 quam

2090 609 2415 667 aﬂlrmative
2446 612 2522 667 ibi
2568 611 2802 683 positam
2829 627 2972 696 esse.
3016 611 3120 669 Sed
3153 614 3216 670 de
3245 616 3426 685 duplici
3468 629 3585 688 pote-

2089 712 2229 783 state
2259 705 2307 758 si
2338 705 2651 775 particulae,
2682 704 2847 760 latius
2877 704 3038 761 nobis
3065 705 3119 761 in
3144 708 3261 763 ali's
3298 709 3477 764 dictum
3523 723 3587 767 est

2089 804 2145 850 et
2173 796 2338 867 vulgo
2368 805 2538 866 patet.
2571 796 2706 863 Quis
2736 797 3016 854 enimnon
3045 798 3258 863 viderit,
3287 800 3422 854 aliud
3454 802 3586 873 signi-

2091 889 2242 944 ﬁcari
2298 891 2422 944 cum
2465 889 2702 955 dicitur,
2761 889 2822 946 St
2858 907 2982 945 amo
3034 899 3127 954 te,-
3148 906 3244 945 non
3271 890 3465 946 detraho
3490 894 3587 957 tibi;

2088 980 2238 1036 aliud
2272 1000 2287 1037 :
2312 980 2372 1036 Si
2402 997 2643 1037 amarent
2670 991 2738 1046 te,
2767 998 2871 1036 non
2895 983 3218 1036 detrahercm
3242 982 3367 1036 tibi?
3392 982 3588 1039 Alterum

2088 1076 2239 1145 enim
2268 1084 2324 1130 et
2355 1090 2599 1131 amorem
2620 1074 2858 1130 afﬁrmat
2887 1087 2943 1130 et
2970 1090 3077 1130 non
3109 1075 3413 1130 detrahendi
3437 1077 3590 1131 volun-

2091 1174 2257 1221 tatem
2279 1164 2591 1228 conﬁrmat,
2613 1167 2849 1221 alterum
2872 1182 2905 1223 e
2924 1156 3395 1237 regione'amorem
3415 1167 3590 1238 quidem

2088 1259 2173 1312 vel
2207 1258 2519 1329 suspendit,
2553 1257 2899 1328 dubiumque
2928 1258 3080 1322 facit,
3101 1257 3186 1313 vel
3215 1258 3421 1328 penitus
3447 1268 3590 1328 negat.

2088 1358 2409 1419 quantoque
2436 1347 2649 1420 (amor)
2673 1350 2848 1421 maior
2881 1355 3305 1418 negatur,tanto
3326 1346 3592 1402 detrahendi

2090 1440 2341 1495 volumus
2395 1439 2684 1494 asseritur.
2721 1439 2893 1494 Item:
2930 1437 2989 1493 Si
3037 1454 3116 1492 me
3158 1439 3396 1501 audisset,
3438 1437 3596 1490 doctior

2086 1542 2219 1586 esset
2247 1548 2265 1586 :
2299 1530 2613 1599 significant
2644 1531 2792 1586 enim
2820 1546 2930 1585 non
2971 1546 3097 1585 esse
3122 1529 3349 1595 doctum,
3377 1545 3483 1584 cum
3512 1544 3597 1583 non

2088 1624 2349 1681 audierit.
2379 1623 2584 1679 Contra
2613 1641 2627 1678 :
2658 1621 2717 1678 Si
2749 1622 2941 1677 multos
2980 1623 3160 1676 audivi
3188 1623 3371 1688 doctos,
3400 1622 3439 1674 si
3468 1620 3599 1673 multa

2092 1718 2211 1788 tegi,
2234 1719 2284 1772 si.
2305 1717 2476 1771 inuita
2501 1716 2715 1787 scripsi,
2742 1731 2842 1772 cur
2867 1732 2947 1770 me
2972 1715 3275 1786 imperitum
3307 1712 3482 1776 putas?
3506 1709 3598 1766 Non

414 1811 584 1865 vitam
637 1810 802 1866 etiam
856 1808 1072 1863 Domini
1126 1807 1542 1877 exprimendam
1601 1822 1701 1877 pro
1755 1806 1987 1873 viribus,
2023 1791 2061 1845 Β
2089 1815 2177 1863 est
2207 1821 2347 1876 opus
2397 1807 2553 1878 plura
2585 1807 2774 1863 dicere
2807 1806 2877 1862 de
2916 1820 2978 1860 re
3012 1804 3316 1870 manifesta,
3350 1819 3443 1874 qua
3481 1802 3598 1873 pleni

411 1904 624 1960 duabus
671 1904 913 1958 disceret
961 1902 1293 1968 rationibus,
1346 1902 1605 1971 quoniam
1658 1900 1989 1957 universalis

411 2000 598 2065 patitor
631 2003 685 2050 et
717 1994 958 2048 vicarius
987 1992 1193 2048 Christi
1234 1992 1550 2062 prmcipuus
1580 1992 1683 2045 fuit
1714 1994 1987 2048 constitu-

395 2095 504 2144 'tus
533 2095 589 2140 et
618 2085 880 2156 quoniam
911 2083 1096 2139 crucis
1129 2083 1381 2155 patibulo
1415 2082 1593 2138 Deum
1631 2091 1756 2137 erat
1784 2081 1991 2152 gloriﬁ-

411 2189 660 2244 caturus,
689 2192 928 2248 quorum
979 2176 1213 2231 alterum
1257 2176 1494 2231 trahitur
1522 2190 1587 2231 ex
1624 2175 1819 2231 altero.
1853 2175 1989 2230 Nam

412 2274 457 2327 si
481 2287 588 2325 non
614 2280 697 2324 est
728 2262 920 2324 servus
941 2266 1166 2322 domino
1194 2268 1388 2337 major,
1432 2276 1649 2338 oportet
1678 2268 1888 2338 patroni
1912 2269 1989 2323 la-

411 2365 576 2419 bores
595 2352 867 2418 'clientem
885 2358 1105 2413 subire.
1140 2358 1209 2413 Et
1255 2358 1350 2428 qui
1390 2357 1611 2415 labores
1643 2358 1851 2414 domini
1892 2375 1989 2414 su-

413 2454 513 2509 mit
552 2454 657 2515 sui,
696 2453 761 2507 is’
790 2460 1021 2507 mortem
1072 2465 1181 2506 non
1220 2448 1386 2505 debet
1433 2448 1667 2506 similem
1695 2465 1947 2506 recusare
1970 2466 1987 2517 ;

418 2561 594 2618 quare
623 2546 756 2600 vitm
787 2558 1006 2616 quoque
1038 2543 1206 2598 totius
1239 2543 1470 2597 imitatio
1509 2557 1611 2613 pro
1646 2542 1854 2599 viribus
1880 2558 1991 2599 "ne-

413 2641 656 2696 cessaria
703 2649 785 2695 est
841 2654 965 2709 quae
1021 2637 1232 2708 liquido
1266 2636 1550 2705 Evangelii
1586 2636 1772 2691 verbis
1804 2636 1989 2708 expri-

414 2734 605 2788 mitur.
667 2731 803 2787 Nam
861 2738 1037 2785 morte
1100 2729 1285 2785 crucis
1340 2726 1665 2782 extensione
1724 2741 1986 2782 manuum

413 2824 529 2879 sub
547 2822 725 2878 oculis
755 2822 901 2878 Petri
941 2822 1141 2891 posita,
1178 2820 1363 2875 statim
1398 2819 1447 2873 ci
1482 2819 1709 2887 dicitur,
1744 2819 1988 2889 Sequere

415 2930 524 2982 me,
556 2914 610 2969 id
641 2923 746 2978 est,
805 2913 911 2980 Qui
960 2923 1137 2967 morte
1178 2927 1263 2966 mc
1303 2921 1596 2967 secuturus
1636 2926 1719 2979 es,
1763 2912 1988 2982 vestigia

413 3022 636 3078 quoque
670 3007 895 3069 vivendi
929 3006 981 3060 in
1013 3021 1076 3059 ea
1118 3006 1392 3073 sequeris.

2095 1906 2226 1953 sunt
2253 1896 2424 1964 libri,
2460 1897 2626 1968 plena
2656 1899 2969 1968 priscorum
3026 1898 3316 1953 volumina.
3361 1895 3471 1948 Ἐάν
3498 1908 3601 1964 quo-

2092 2007 2201 2062 que
2229 1990 2417 2047 Graeca
2443 1991 2800 2062 coniunctio,
2848 1989 3075 2046 easdem
3127 1989 3291 2044 habet
3337 1994 3599 2058 potestates.

2091 2084 2274 2139 Testis
2330 2092 2413 2138 est
2463 2083 2823 2149 Priscianus,
2877 2082 3356 2154 grammaticorum
3403 2078 3600 2133 omnium

2091 2172 2613 2239 excellentissimus,
2639 2189 2738 2228 nec
2769 2174 2950 2228 minus
2980 2174 3036 2227 in
3060 2171 3262 2228 Graecis
3280 2185 3430 2240 quam
3459 2167 3506 2221 iu
3529 2163 3603 2220 La-

2094 2267 2224 2322 tinis
2255 2266 2456 2322 litteris
2488 2266 2721 2336 peritus,
2775 2265 2981 2335 quippe
3025 2264 3124 2331 qui
3170 2263 3381 2319 Graecus
3427 2253 3601 2315 natione

2092 2360 2215 2415 fuit.
2250 2359 2375 2415 Fuit
2404 2360 2551 2415 enim
2573 2374 2641 2413 ex
2672 2358 2943 2424 Caesarea,
2979 2355 3433 2428 Cappadocensis,
3457 2367 3541 2408 nec
3561 2349 3601 2404 in

2091 2452 2243 2508 Italia
2267 2493 2282 2518 ν
2314 2451 2410 2507 sed
2449 2451 2684 2507 Athenis
2710 2458 2767 2505 et
2799 2448 2989 2505 Graece
3020 2449 3221 2506 didicit
3265 2459 3319 2505 et
3346 2446 3531 2503 Latine.
3567 2442 3601 2498 ls

2090 2544 2146 2600 in
2179 2543 2338 2599 libris
2370 2542 2448 2596 De
2480 2544 2887 2609 constructione,
2918 2542 3014 2597 ubi
3045 2542 3115 2598 de
3141 2538 3487 2615 subiungendi
3517 2552 3605 2591 mo-

2089 2637 2183 2702 do,
2214 2645 2271 2692 et
2309 2638 2377 2691 de
2412 2634 2685 2705 particula
2715 2636 2782 2701 si,
2820 2634 3047 2690 easdem
3097 2634 3318 2689 omnino
3348 2632 3419 2689 ait
3446 2630 3605 2686 habere

2092 2727 2265 2797 ipsam
2318 2729 2465 2782 vires
2513 2741 2649 2796 quas
2694 2725 2788 2780 Εαν
2816 2725 3035 2793 Grteca,
3089 2726 3254 2796 idque
3300 2734 3402 2782 tam
3444 2721 3607 2778 Latinis

2091 2836 2253 2890 quam
2290 2819 2498 2875 Graecis
2527 2820 2771 2876 ostendit
2806 2820 3100 2890 exemplis.
3145 2819 3252 2876 Sed
3276 2831 3444 2875 sermo
3475 2815 3605 2871 etiam

2092 2913 2208 2983 ipse
2234 2912 2457 2969 Graecus
2483 2912 2839 2982 perspicuum
2882 2913 2936 2967 id
2967 2914 3124 2979 iacit,
3148 2913 3286 2969 adeo
3314 2921 3373 2967 ut
3393 2905 3610 2976 exemplis

2091 3020 2231 3075 opus
2268 3019 2375 3059 non
2429 3003 2521 3059 sit.
2588 3004 2813 3060 Dicatur
2865 3004 3035 3079 alicui
3078 3019 3273 3061 carnes
3310 3004 3394 3059 die
3432 2995 3608 3057 Sabbati

482 3099 679 3154 Petrus
711 3097 879 3168 igitur
915 3097 1210 3152 Dominum
1238 3095 1596 3165 sequebatur,
1623 3094 1986 3164 dumque'se-
2013 3096 2441 3192 C-Cmnedenti-:
2464 3095 2666 3152 Carnes
2687 3105 2751 3171 tu
2780 3097 3011 3152 comedis
3037 3100 3094 3152 in
3119 3097 3349 3153 Sabbato
3374 3095 3398 3149 2
3432 3104 3610 3160 respon-

412 3196 705 3258 queretur,
734 3185 874 3240 vidit
902 3186 1170 3242 Joannem
1206 3185 1276 3254 (is
1303 3185 1455 3240 enim
1492 3183 1793 3253 discipulus
1818 3194 1983 3254 quem

410 3272 677 3351 diligebat
715 3258 898 3349 Jesus)
952 3285 1304 3347 sequentem;
1329 3275 1396 3330 Et
1430 3272 1989 3331 curiositate‘mentis

414 3366 688 3438 humanae,
709 3384 818 3440 qua
851 3372 1025 3440 magis
1058 3369 1234 3424 aliena
1262 3382 1426 3438 quam
1454 3376 1644 3424 nostra
1667 3366 1986 3438 quaerimus,

376 3522 381 3525 ,
413 3461 646 3517 nimium
679 3472 990 3518 commotus
1015 3460 1145 3533 (lion
1188 3463 1356 3517 enim
1382 3468 1501 3516 erat
1547 3459 1731 3516 adhuc
1763 3460 1989 3515 omnino

314 3586 329 3599 ο
412 3547 737 3629 perfectus),
769 3555 981 3610 audeta
1012 3552 1243 3608 Domino
1260 3552 1472 3622 petere,
1501 3567 1608 3622 qua
1632 3562 1809 3607 morte
1825 3553 1991 3607 Joan-

410 3665 513 3706 nes
548 3656 893 3712 moreretur,
944 3646 1136 3700 dicens
1165 3644 1436 3699 :‘Domins
1456 3683 1472 3710 ,
1504 3645 1585 3698 hic
1616 3652 1795 3698 autem
1819 3644 1992 3715 quid?

412 3741 676 3809 Dominus
705 3747 891 3795 autem
934 3745 991 3793 et
1036 3736 1179 3791 hanc
1206 3734 1587 3792 curiositatem
1635 3735 1991 3805 reprehendit

386 3850 516 3891 -nec
544 3830 886 3890 ‘moriturum
925 3828 1193 3888 Joannem
1226 3843 1405 3900 usque
1448 3829 1519 3884 ad
1563 3829 1775 3885 exitum
1824 3829 1990 3900 huius

411 3927 598 3983 θεουλὶ
627 3926 714 3997 (ut
745 3932 848 3996 ego
883 3923 1148 3998 arbitror)
1181 3921 1451 3988 ostendit,
1499 3921 1734 3978 dicens:
1769 3920 1830 3976 Si
1870 3937 1991 3975 eum

410 4015 528 4070 uolo
555 4029 772 4070 orauere
798 4013 962 4069 donec
993 4015 1202 4069 ueniam
1224 4033 1243 4081 ,-
1269 4012 1398 4091 quid
1436 4012 1509 4067 ad
1535 4012 1630 4067 te?
1677 4009 1818 4066 [line
1840 4025 1990 4081 quie-

421 4108 700 4163 ntiuncula
737 4108 989 4163 nascitur
1032 4122 1094 4162 re
1131 4106 1332 4172 facilis,
1361 4106 1629 4159 varietate
1660 4105 1989 4174 Opinionem

409 4198 667 4254 (inlicitis.
698 4197 832 4253 Nam
863 4198 1022 4252 multi
1064 4197 1178 4268 iam
1233 4198 1514 4251 mortuum
1559 4198 1684 4251 esse
1722 4195 1988 4251 Joannem

368 4291 794 4357 remitendunt,
844 4290 1098 4347 nonnulli
1144 4290 1409 4345 extremis
1460 4288 1802 4359 temporibus
1861 4298 1990 4344 cum

374 4440 383 4445 -
415 4384 619 4441 Ehochi
642 4392 701 4440 et
726 4384 846 4440 Elia
874 4383 1205 4439 moriturum
1232 4381 1571 4453 opinantur:
1587 4380 1750 4448 Quod
1777 4365 1878 4437 nos
1903 4395 1991 4437 se-

2070 3193 2239 3257 deat,
2286 3189 2413 3243 Ἐὰν
2473 3189 2655 3259 φάγω,
2688 3190 2742 3243 τι
2773 3189 2909 3261 πρὸς
2941 3191 3040 3256 at;
3096 3191 3150 3246 id
3182 3198 3284 3256 est,
3323 3187 3379 3244 Si
3420 3184 3607 3246 comedo,

2066 3287 2217 3355 ‘qu‘id
2249 3284 2318 3340 ad
2353 3284 2442 3337 te?
2476 3283 2791 3352 Patet'quia
2838 3282 3139 3340 comedere
3169 3283 3384 3340 asserit.
3406 3277 3539 3348 Quod
3575 3276 3610 3331 si

2091 3379 2323 3438 diceret.
2384 3374 2443 3431 Si
2479 3375 2827 3439 comederem,
2866 3375 2992 3446 quid
3022 3376 3096 3430 ad
3142 3375 3241 3431 te?
3291 3390 3396 3430 non
3435 3370 3612 3429 omnino

2060 3484 2065 3489 '
2091 3471 2384 3524 comedere
2402 3470 2759 3535 concederet,
2785 3469 2881 3524 sed
2915 3470 3082 3539 quasi
3125 3469 3372 3540 negando
3401 3467 3492 3523 sub
3514 3478 3614 3518 con-

2092 3559 2303 3615 ditione
2338 3568 2591 3629 poneret.
2626 3560 2744 3615 Hoc
2774 3560 2829 3614 in
2861 3559 3054 3616 Graeco
3086 3573 3339 3616 sermone
3358 3572 3459 3614 non
3474 3560 3613 3627 pateat

2094 3652 2309 3723 liquido
2340 3652 2569 3722 percipi.
2598 3652 2708 3708 Sed
2732 3653 2868 3708 latet
2891 3653 3057 3718 adeo,
3093 3665 3157 3710 ut
3187 3654 3465 3724 peritiores
3484 3649 3613 3704 etiam

2094 3744 2261 3815 huius
2296 3747 2471 3799 aetatis
2501 3744 2693 3816 fugiat,
2720 3747 2827 3801 nisi
2863 3745 3079 3803 Latinae
3125 3748 3326 3819 linguae
3358 3742 3613 3817 proprieta-

2092 3845 2177 3892 tes
2204 3838 2570 3907 inspexeriut.
2600 3836 2772 3908 Cujus
2806 3840 2888 3894 rei
2918 3854 3089 3896 causa
3121 3849 3227 3905 est,
3251 3839 3494 3909 quoniam
3516 3832 3616 3890 sub-

2089 3926 2341 3996 iicientia
2376 3927 2547 3981 verba
2582 3929 2792 3984 minuta
2826 3930 3067 4000 quadam
3114 3928 3391 3986 scribendi
3413 3925 3476 3981 ab
3505 3920 3614 3979 iudi-

2094 4019 2353 4075 cantibus
2409 4019 2722 4076 diﬂ'erentia
2782 4020 3235 4093 distinguuntur.
3292 4020 3463 4076 Prima
3499 4014 3614 4073 enim

2056 4113 2384 4183 praesentis
2418 4112 2669 4169 indicans
2724 4127 2961 4184 persona
2993 4124 3052 4170 et
3103 4130 3244 4172 voce
3292 4123 3348 4173 et
3388 4112 3615 4183 scriptura

2091 4206 2283 4260 eadem
2315 4210 2402 4259 est
2441 4218 2568 4259 eum
2616 4204 3008 4276 subiungendi.
3045 4206 3208 4264 Sicut
3256 4208 3312 4263 in
3364 4202 3614 4277 proposito.

2104 4292 2233 4349 Volo
2265 4309 2384 4348 eum
2434 4310 2670 4361 manere,
2707 4295 2848 4348 θέλω
2878 4295 3043 4350 αὐτὸν
3098 4299 3324 4367 μένειν,
3362 4294 3482 4351 illud
3509 4289 3615 4345 θέλω

2054 4408 2059 4413 ο
2092 4395 2279 4458 potest
2317 4394 2375 4441 et.
2418 4386 2536 4440 uolo
2594 4396 2652 4442 et
2680 4386 2889 4442 aettem
2925 4388 3034 4444 dici
3070 4389 3292 4445 Latine.
3340 4385 3439 4444 Sed
3472 4381 3615 4438 velim

414 4486 673 4546 uiuentes.
706 4484 900 4547 aperte
926 4474 1308 4540 ostendemus,
1340 4472 1608 4542 id'ipsum
1638 4480 1697 4528 et
1720 4487 1819 4543 per
1843 4472 1993 4528 hunc
2024 4474 2068 4531 D
2098 4476 2257 4532 nullo
2288 4486 2457 4548 pacto
2494 4477 2776 4542 convenit,
2823 4479 3052 4534 omnino
3086 4482 3241 4536 enim
3270 4496 3301 4535 a
3331 4485 3481 4534 rebus
3515 4472 3615 4527 alic-

414 4568 701 4640 Evangelii
724 4569 909 4625 locum
943 4565 1269 4638 signiﬁcari,
1292 4574 1349 4621 et
1376 4564 1500 4620 aliis
1526 4563 1839 4619 rationibus
1862 4577 1995 4619 con-

415 4662 627 4718 tinuari
656 4674 720 4718 et
771 4662 1107 4732 tum-ipsius
1135 4659 1367 4717 Joannis
1395 4660 1452 4714 in
1499 4657 1826 4730 Apocalypsi
1878 4667 1994 4713 tum

416 4756 695 4827 Evangelii
730 4748 1067 4811 auctoritate
1104 4768 1170 4809 ac
1220 4752 1537 4809 tristimonio
1590 4751 1993 4822 signiﬁcantius

363 4869 372 4876 ·
417 4848 813 4920 comprobari,
852 4855 1022 4918 atque
1050 4846 1189 4902 adeo
1223 4846 1590 4901 demonstrari
1623 4862 1638 4900 :
1676 4842 1738 4899 Si
1769 4844 1992 4915 (inquit)

415 4956 535 4996 eum
568 4939 683 4995 uolo
703 4945 914 4995 manere
936 4938 1100 4993 donec
1116 4938 1330 5003 ueniant
1352 4975 1368 5003 ,
1391 4940 1523 5007 quid
1551 4938 1623 4991 ad
1642 4936 1736 4991 te?
1777 4935 1991 5000 Graece,

415 5035 462 5086 si
500 5030 728 5087 verbum
755 5029 826 5087 de
853 5028 1026 5085 verbo
1068 5028 1398 5100 exprimitur
1421 5068 1437 5096 ,
1470 5042 1583 5084 non
1612 5027 1702 5085 Sic
1728 5044 1851 5083 eum
1875 5027 1991 5083 colo

416 5138 672 5190 manere,
726 5123 845 5187 sed,
886 5119 946 5177 Si
999 5136 1119 5176 eum
1152 5121 1269 5176 vote
1320 5132 1554 5186 manere,
1590 5119 1857 5191 scriptum
1886 5130 1991 5175 est.

417 5215 627 5273 Verum
671 5214 959 5287 quoniam,
1009 5214 1160 5270 sicut
1204 5213 1479 5284 particula
1507 5213 1554 5268 si
1577 5211 1723 5282 apud
1759 5226 1880 5281 nos,
1913 5213 1995 5269 sic

419 5306 561 5378 apud
595 5305 815 5362 Grtccos
854 5304 1165 5360 indicativo
1195 5301 1421 5375 quidem
1464 5301 1634 5372 verbo
1676 5302 1991 5374 coniuncta,

428 5397 756 5455 amrmative
785 5397 1023 5468 capitur,
1055 5394 1409 5468 subiunctivo
1440 5403 1625 5452 autem
1671 5392 1994 5464 suspensive

381 5505 391 5511 “
422 5490 877 5560 dubitativeque,
921 5488 1168 5560 iungitur
1192 5496 1375 5542 autem
1425 5485 1879 5552 hie-indicativo,
1911 5484 1994 5539 id-

421 5582 568 5637 circo
599 5597 715 5639 non
728 5584 777 5638 si
807 5583 904 5639 sed
916 5583 1007 5637 'sie
1025 5581 1220 5637 Patres
1248 5580 1596 5651 interpretati
1616 5586 1766 5644 sunt,
1788 5592 1858 5632 ne
1887 5577 1995 5632 sci-

419 5672 552 5727 licet
574 5675 625 5726 si
670 5673 943 5742 particula
973 5673 1184 5728 Latium
1211 5672 1522 5742 timetque
1563 5671 1764 5742 linguae
1789 5670 1995 5727 seiolos

422 5754 652 5834 propter
677 5763 951 5831 duplicem
987 5772 1318 5833 potestatem
1346 5763 1611 5819 turbaret.
1640 5758 1728 5818 Sic
1748 5776 1879 5818 vero
1908 5760 1993 5817 af-

2058 4582 2061 4583 '
2100 4582 2255 4622 num.
2277 4567 2471 4632 Quare
2514 4582 2617 4622 nec
2648 4568 2793 4623 ullus
2828 4580 3073 4638 unquam
3117 4568 3176 4624 id
3204 4564 3477 4639 cogitavit.
3501 4560 3616 4627 Quas

2095 4657 2169 4715 ob
2216 4672 2313 4713 res
2354 4667 2412 4713 et
2444 4657 2776 4713 auctdritate
2823 4657 3055 4715 illorum
3082 4660 3182 4730 qui
3225 4659 3555 4714 traduxerunt
3571 4656 3614 4700 et

2097 4750 2500 4805 consuetudine
2529 4749 2832 4806 multorum
2863 4753 3220 4821 saeculorum,
3242 4762 3298 4807 et
3322 4751 3481 4822 ipsius
3501 4744 3617 4799 Gm—

2094 4842 2147 4898 cl
2172 4842 2451 4898 sermonis
2486 4824 2845 4912 proprietate,
2878 4855 2934 4900 et
2973 4845 3243 4914 quoniam
3274 4858 3361 4898 res
3391 4831 3494 4911 ipsa
3531 4833 3615 4887 dis-

2093 4934 2358 5008 iunctiva‘
2378 4934 2666 4990 dubitandi
2702 4928 2899 4991 vocem
2930 4951 3042 4991 non
3096 4937 3311 5008 patitur
3337 4974 3352 4999 ,
3387 4933 3618 4988 animans

2100 5024 2363 5090 Dominus
2385 5022 2522 5079 dixit
2548 5041 2563 5077 :
2587 5023 2673 5078 Ita
2705 5025 2822 5080 solo
2840 5042 2963 5080 eum
2989 5043 3228 5112 manere,
3252 5027 3405 5081 donec
3427 5020 3616 5080 veniam

2096 5115 2225 5186 quid
2254 5115 2323 5171 ad
2358 5115 2456 5170 te?
2491 5115 2598 5171 Sed
2629 5115 2778 5174 dicet
2809 5117 3051 5175 fortasse
3081 5118 3362 5191 quispiam
3386 5114 3617 5172 neminem

2099 5220 2342 5279 unquam
2375 5222 2573 5263 ausum
2610 5209 2784 5267 fuisse
2826 5211 2986 5268 aliter
3009 5227 3177 5284 quam
3209 5209 3514 5267 afﬁrmative
3538 5203 3619 5255 Dc-

2096 5297 2297 5355 minica
2325 5299 2441 5355 hac
2472 5300 2642 5356 verba
2681 5301 3072 5373 interpretari;
3106 5303 3208 5360 sed
3240 5304 3411 5358 Donec
3447 5295 3615 5352 υιπίαα

2095 5404 2208 5447 non
2230 5399 2542 5461 extremum
2566 5390 2720 5448 illum
2743 5393 3055 5465 signiﬁcare
3076 5396 3376 5452 adventum
3399 5382 3613 5445 Domini:

2096 5497 2256 5553 posse
2297 5499 2535 5556 namque
2585 5486 2885 5543 adventum
2922 5486 3146 5544 Domini
3202 5483 3452 5559 appellari
3479 5478 3613 5535 etiam

2093 5592 2221 5632 cum
2251 5592 2361 5647 quo
2396 5578 2778 5649 unusquisque
2818 5590 3043 5638 vocatus
3066 5622 3082 5647 ,
3125 5589 3336 5636 natus-te
3366 5570 3612 5633 concedit;

2097 5677 2159 5725 ut
2179 5669 2319 5724 velle
2340 5667 2613 5727 Joannem
2648 5672 2730 5728 sic
2756 5673 2940 5730 vivere
2967 5682 3181 5741 asserat
3207 5712 3225 5741 ,
3254 5670 3422 5727 donec
3446 5661 3611 5723 veniat.

2095 5760 2154 5816 id
2183 5770 2269 5818 est
2300 5760 2477 5824 donec
2523 5764 2702 5834 ipsum
2723 5779 2832 5837 per
2873 5774 3105 5823 mortem
3136 5764 3210 5821 ad
3237 5778 3295 5821 se
3324 5756 3527 5817 vocarit-
