3902 6208
268 269 291 281 ’
346 308 454 373 873

1125 308 1204 370 ΙΝ
1246 308 1512 384 ILLUD,
1562 323 1581 358 ι
1618 311 1741 373 SIC
1773 310 1971 375 VOLO
2010 310 2177 408 EUh‘l
2217 308 2561 383 MANERE,
2602 322 2621 357 ι
2650 306 2833 371 'ETC.

3504 309 3612 373 874

420 414 536 473 liae
574 414 849 474 sententia
877 414 1077 482 divisa,
1107 416 1348 485 primum
1397 428 1622 475 constat
1652 419 1922 476 Joannem
1954 423 2001 480 Α
2035 419 2391 475 Pentecostes
2431 418 2674 475 adventu
2710 418 2978 476 Paracleti
3016 418 3084 474 ad
3118 419 3515 489 perfectionem
3552 426 3631 478 in-

347 512 531 591 viverc
557 510 736 567 donec
771 510 1001 577 veniat,
1052 512 1345 568 Dominum
1397 511 1623 568 dixisse.
1673 513 1920 569 Alterum

345 619 482 676 ergo
516 614 832 675 quaeratur,
865 619 934 659 an
968 603 1127 671 illud,
1160 604 1338 659 Donec
1365 604 1599 667 ueniam,
1631 603 1793 659 finem
1824 619 1925 659 sae—

344 701 451 757 culi
480 699 646 770 hujus
679 696 976 765 significet,
1018 696 1106 752 vel
1142 696 1445 752 terminum
1477 696 1696 752 vivendi
1731 696 1787 751 in
1817 696 1923 752 hoc

342 791 545 847 saeculo
571 798 859 845 monstret.
882 789 1041 856 Quod
1069 796 1246 852 certe,
1271 789 1317 844 si
1347 788 1473 858 quis
1497 789 1765 855 attendat,
1792 805 1924 859 pro-

343 884 430 938 cul
463 899 494 938 a
546 897 679 938 vero
708 897 832 938 esse
876 882 1178 938 videbitur.
1221 880 1369 937 Nihil
1414 880 1563 935 enim
1595 880 1744 936 aliud
1787 880 1925 937 dicit

342 976 437 1046 qui
470 978 545 1032 ita
581 975 735 1042 dicit,
764 975 874 1031 nisi
904 983 966 1030 ut
992 975 1207 1045 planius
1230 985 1286 1032 et
1312 975 1417 1030 sub
1445 974 1624 1031 oculis
1652 985 1922 1046 ponatur,

346 1067 479 1123 Volo
517 1081 644 1121 eum
681 1065 872 1120 vivere
900 1064 1082 1121 donec
1126 1064 1427 1130 moriatur;
1466 1064 1564 1121 sed
1617 1066 1921 1121 absurdum

344 1174 443 1229 per
476 1156 718 1226 seipsum
746 1164 922 1211 totum
949 1156 1118 1211 fuerit
1140 1157 1186 1212 si
1215 1172 1464 1213 connexa
1492 1157 1616 1213 talis
1646 1158 1922 1229 expositio

344 1252 530 1308 fuerit.
558 1253 936 1311 Connectatur
965 1256 1134 1328 igitur
1157 1265 1216 1312 et
1245 1256 1464 1312 dicatur
1497 1274 1512 1313 :
1544 1258 1634 1313 Sic
1655 1274 1773 1313 eum
1806 1258 1921 1313 volo

343 1364 564 1403 monere
601 1349 769 1403 donec
797 1350 1010 1404 ueniam
1037 1389 1056 1415 ,
1093 1350 1225 1419 quid
1280 1350 1351 1405 ad
1393 1360 1443 1404 te
1467 1352 1495 1407 ν
1531 1350 1586 1405 id
1635 1361 1741 1417 est,
1786 1352 1921 1408 Volo

342 1455 468 1496 eum
500 1441 687 1496 vivere
743 1443 918 1498 donec
955 1443 1263 1508 moriatur,
1294 1443 1429 1514 quid
1459 1444 1527 1498 ad
1587 1445 1680 1500 te?
1731 1444 1919 1500 Dicam

342 1542 533 1602 aperte
563 1533 709 1602 quod
743 1536 906 1590 modo
931 1536 987 1590 in
1016 1544 1259 1591 mentem
1292 1537 1509 1592 incidit.
1536 1538 1711 1594 Homo
1743 1548 1918 1604 certe,

343 1640 453 1678 non
477 1625 605 1689 dico
625 1626 824 1683 doetus
845 1636 903 1682 et
930 1627 1137 1698 gravis,
1156 1628 1253 1684 sed
1281 1628 1641 1684 mediocriter
1663 1628 1919 1686 eruditus

344 1731 409 1771 ae
445 1717 618 1771 levior
641 1757 658 1781 ,
712 1719 760 1772 si
799 1718 927 1774 data
956 1719 1063 1774 sibi
1112 1730 1383 1790 potestate
1417 1722 1659 1777 hominis
1691 1722 1925 1791 alicujus

2035 511 2142 566 hac
2171 511 2282 566 vita
2315 512 2566 567 ultimam
2614 512 2848 583 apostoli
2900 500 3293 583 pervenerunt,
3327 520 3508 570 tamen
3545 530 3612 571 eo

2035 601 2146 669 die,
2176 619 2289 673 quo
2322 603 2440 659 haec
2466 612 2587 663 acta
2634 603 2865 659 fuerunt
2894 604 3069 660 multo
3098 602 3457 660 sublimiores
3493 621 3616 659 om-

2036 695 2204 755 nibus
2245 696 2669 753 successoribus
2720 695 2839 752 suis
2889 695 3083 754 fuisse.
3144 697 3310 755 Fides
3357 697 3508 754 enim
3556 698 3611 752 in

2034 782 2317 845 Christum
2351 788 2683 844 cruciﬁxum
2714 797 2832 863 et'e
2862 790 3101 845 mortuis
3125 790 3477 855 suscitatam,
3512 805 3613 847 sua

2034 881 2211 951 gratia
2239 892 2297 937 et
2329 880 2584 940 doctrina
2617 880 2922 938 Salvatoris
2951 881 3277 937 confirmata
3302 882 3609 953 plurimum

2034 989 2132 1031 eos
2159 974 2415 1031 elevabat
2448 974 2503 1030 in
2534 974 2677 1031 dies.
2711 973 2840 1030 Fuit
2869 983 3054 1029 autem
3079 973 3204 1029 dies
3230 975 3343 1038 ille,
3371 990 3484 1045 quo
3508 976 3617 1030 Do-

2037 1066 2223 1121 minus
2261 1066 2376 1122 hate
2403 1067 2639 1136 peregit,
2679 1065 2882 1121 tertius
2905 1066 3271 1136 apparitionis
3312 1082 3425 1121 sua:
3477 1066 3612 1122 Nam

2034 1159 2138 1215 etsi
2163 1160 2363 1229 six-pius
2394 1173 2455 1215 se
2488 1167 2596 1213 tam
2632 1159 2966 1215 mulieribus
3004 1174 3167 1229 quam
3199 1159 3337 1215 viris
3379 1159 3615 1214 manifu;

2035 1249 2224 1318 stavit,
2256 1260 2313 1307 et
2338 1250 2502 1307 aliter
2528 1250 2655 1306 aliis
2697 1250 2864 1306 modo
2890 1251 3166 1321 pluribus,
3197 1252 3359 1307 modo
3392 1252 3616 1321 paucio-

2035 1345 2213 1409 ribus,
2255 1354 2437 1399 tamen
2472 1343 2641 1399 tertio
2672 1342 2915 1400 dicimus
2946 1342 3039 1399 die
3070 1358 3220 1399 nunc
3266 1344 3613 1415 apparuisse,

2032 1438 2293 1509 quoniam
2330 1437 2511 1492 tribus
2565 1437 2808 1493 maxime
2840 1437 3039 1493 diebus
3069 1437 3355 1508 apertius,
3388 1453 3616 1509 expres-

2033 1531 2177 1598 sius,
2210 1529 2604 1586 miraeulosius
2630 1530 2891 1601 apparuit
2924 1530 3162 1602 primum
3193 1531 3248 1586 in
3285 1530 3407 1602 ipso
3433 1546 3619 1587 resur-

2033 1622 2296 1679 rectionis
2323 1622 2687 1692 dietdeinde
2740 1623 2796 1678 in
2849 1633 3049 1679 octavo
3083 1638 3117 1679 a
3161 1624 3612 1687 resurrectione;

2039 1715 2289 1780 tertium,
2317 1715 2544 1786 quando
2586 1716 2816 1771 Petrum
2854 1716 3101 1785 praefecit
3129 1714 3422 1780 Eeelesite.
3455 1731 3520 1772 ac
3548 1716 3615 1771 de

346 1809 492 1871 vitze,
545 1817 712 1879 atque
746 1789 1123 1881 interrogatus
1167 1812 1249 1867 sie
1283 1813 1610 1883 respondeat
1642 1851 1658 1877 ,
1733 1789 1924 1883 parum
1963 1789 2001 1842 Β
2032 1808 2265 1865 Joannis
2285 1817 2466 1869 morte
2497 1808 2901 1879 pronuntiavit,
2928 1809 3042 1864 duo
3074 1818 3421 1865 sacramenta
3450 1809 3617 1864 disci-

345 1900 806 1955 auimadvertisse
853 1902 1139 1971 putabitur
1170 1920 1184 1956 :
1219 1906 1501 1974 quomodo
1535 1907 1703 1977 igitur
1753 1909 1924 1963 Deum

346 2006 445 2045 ore
483 2006 587 2046 suo
629 1993 711 2048 sic
741 1992 989 2048 locutum
1025 1994 1297 2066 quispiam
1325 1986 1667 2055 crediderit?
1694 1999 1799 2056 Sed
1827 2018 1925 2055 cn-

348 2082 633 2144 riositatis.
667 2084 918 2154 inquiet,
952 2102 1185 2158 arguere
1224 2089 1552 2161 discipulum
1600 2095 1796 2149 voluit.
1835 2094 1927 2150 Sic

350 2175 613 2240 arbitror,
674 2186 731 2231 et
772 2176 1002 2249 Cyrillo.
1036 2180 1157 2235 viro
1182 2179 1433 2239 doctrina
1463 2186 1764 2255 praecipuo,
1800 2201 1928 2240 san-

352 2267 543 2322 ctitate
577 2284 796 2339 magno,
843 2271 1137 2340 prudentia
1167 2284 1221 2331 et
1254 2277 1572 2347 eloquentia
1602 2280 1776 2350 gravi,
1819 2281 1926 2335 hoc

353 2359 532 2428 ipsum
579 2362 853 2432 placuisse
902 2365 1158 2437 legimus,
1186 2380 1243 2424 et
1282 2370 1440 2432 illud.
1466 2373 1595 2441 quid
1639 2373 1710 2427 ad
1748 2374 1842 2429 te?
1873 2375 1925 2430 id

348 2462 543 2522 aperte
579 2456 842 2512 ostendit.
878 2457 984 2514 Sed
1022 2460 1075 2513 in
1106 2462 1570 2531 reprehendendo
1622 2464 1782 2521 Petro
1836 2481 1917 2523 sa-

351 2554 693 2599 cramentum
722 2547 887 2602 etiam
916 2549 1053 2604 illud
1090 2553 1305 2617 aperire
1330 2554 1531 2617 voluit,
1552 2570 1661 2610 non
1692 2558 1928 2613 moritu-

353 2650 476 2689 rum
534 2635 804 2693 Joannem
856 2656 1035 2711 usque
1081 2642 1154 2698 ad
1205 2652 1451 2699 extrema
1502 2646 1685 2702 saeculi
1740 2648 1925 2721 hujus.

352 2723 487 2780 Nam
521 2727 566 2783 si
599 2730 938 2787 curiositatis
973 2734 1149 2805 ipsum
1184 2750 1416 2804 arguere
1448 2738 1795 2795 solummodo
1834 2756 1928 2793 vo-

352 2817 580 2885 luisset,
618 2821 750 2877 illud
800 2823 1078 2892 ultimum,
1109 2827 1236 2897 quid
1263 2829 1330 2881 ad
1362 2836 1433 2895 te,
1464 2831 1573 2896 vel,
1604 2830 1717 2886 Cur
1749 2833 1928 2888 aliena

352 2913 581 2977 quieris,
612 2911 840 2976 dixisse,
870 2915 1005 2971 satis
1031 2932 1311 2988 superque
1341 2931 1482 2985 erat,
1510 2922 1652 2976 sicut
1672 2924 1930 2981 omnibus

355 2998 519 3054 simul
571 3004 987 3071 quaerentibus,
1038 3006 1084 3060 si
1119 3021 1193 3070 eo
1242 3024 1387 3063 anno
1443 3012 1739 3068 restiturus
1783 3025 1930 3069 esset

358 3104 590 3160 regnum
631 3090 842 3158 lsraeli,
885 3097 1170 3166 respondit
1196 3098 1480 3155 lenissime
1507 3116 1746 3173 arguens
1772 3122 1785 3156 :
1811 3104 1931 3159 Non

355 3192 430 3236 est
453 3192 687 3237 vestrum
713 3200 1022 3256 cognoscere
1075 3198 1312 3257 tempora
1344 3191 1425 3245 vel
1456 3204 1744 3247 momenta.
1777 3194 1933 3250 Nune
1959 3191 2005 3214 "

357 3282 541 3329 autem
571 3290 681 3329 non
732 3277 910 3346 arguit
943 3280 1120 3334 solum
1154 3296 1277 3334 cum
1314 3281 1695 3338 vehementius
1735 3284 1937 3339 intule-

356 3367 449 3430 rit,
485 3369 611 3438 quid
653 3370 723 3423 ad
754 3370 849 3423 te?
880 3386 1075 3426 verum
1102 3373 1267 3427 etiam
1301 3373 1368 3429 ad
1405 3374 1566 3429 linem
1599 3392 1771 3446 usque
1809 3377 1937 3432 vita:

358 3461 523 3533 hujus
566 3463 845 3518 victurum
888 3466 1167 3522 Joannem
1210 3470 1449 3523 asseruit
1497 3469 1689 3525 dicens
1735 3487 1750 3525 :
1796 3469 1937 3526 Volo

355 3569 484 3608 cum
529 3572 750 3611 manere
786 3556 964 3613 donec
1021 3561 1260 3615 veniam.
1313 3560 1392 3615 lta
1440 3571 1496 3616 et
1560 3562 1933 3619 conditionem

359 3647 483 3701 vitae
524 3646 753 3704 Joannis
785 3650 1004 3718 aperuit
1034 3661 1092 3706 et
1134 3651 1519 3708 curiositatem
1568 3654 1713 3709 Petri
1746 3653 1937 3710 redar-

356 3740 497 3806 gu’t.
538 3741 719 3795 Exivi:
750 3750 928 3797 autem
979 3758 1154 3799 sermo
1190 3746 1290 3799 istc
1336 3746 1393 3799 in
1452 3746 1735 3816 discipulos
1795 3746 1938 3817 quod

358 3833 658 3904 discipulus
688 3835 779 3888 ille
813 3843 922 3890 nan
951 3838 1198 3894 moritur.
1241 3838 1426 3894 Exivit
1457 3854 1638 3895 sermo
1668 3839 1736 3894 ad
1769 3840 1938 3896 disci-

359 3927 542 3995 pulos.
580 3927 623 3981 A
668 3943 781 3997 quo
829 3928 1037 3983 exivit?
1080 3945 1179 3999 per
1234 3946 1397 3999 quem
1433 3931 1734 4001 dissipatus
1790 3931 1936 3988 fuit?

359 4020 484 4088 quis
511 4019 798 4090 discipulis
828 4021 1092 4078 omnibus
1131 4023 1487 4092 praedicavit?
1511 4020 1626 4079 Duo
1669 4033 1817 4080 certe
1844 4040 1935 4080 so-

361 4111 474 4164 lum
509 4125 818 4167 sermonem
854 4113 999 4167 hunc
1025 4112 1245 4168 Domini
1276 4114 1614 4178 audierunt,
1661 4116 1858 4170 Petrus
1881 4125 1937 4171 et

356 4195 620 4270 Joannes,
649 4203 866 4258 exteris
898 4204 1193 4258 Dominum
1225 4219 1289 4259 ea
1330 4204 1644 4275 replicasse,
1677 4221 1800 4275 quae
1837 4206 1937 4261 Pe-

361 4307 480 4352 trus
508 4307 564 4354 et
603 4296 844 4353 Joannes
873 4300 1141 4354 secretius
1180 4308 1529 4371 acceperant,
1567 4300 1792 4355 minimc
1816 4317 1938 4356 crc-

360 4390 603 4445 dendum
648 4401 756 4444 est.
805 4390 1049 4446 Joannes
1079 4400 1261 4445 autem
1291 4429 1308 4456 ,
1361 4399 1419 4445 et
1471 4390 1785 4461 virginitate
1821 4401 1935 4446 tum

2035 1904 2179 1974 pulis
2211 1904 2586 1974 patefaciens;
2627 1903 2723 1959 sed
2767 1903 2913 1974 quod
2946 1901 3218 1973 sequitur,
3268 1902 3451 1957 forsan
3503 1902 3614 1956 alio

2035 1996 2316 2053 trahitur?
2346 1995 2726 2067 Nequaquam.
2749 1995 2894 2062 Quid
2914 1994 3067 2051 enim
3097 1994 3387 2064 sequitur?
3416 1993 3480 2047 Et
3511 2008 3615 2047 non

2035 2090 2166 2143 dixit
2200 2089 2247 2142 ei
2274 2087 2454 2153 Jesus,
2488 2087 2641 2154 Quod
2672 2105 2779 2144 non
2814 2088 3065 2155 moritur,
3100 2087 3214 2152 sed,
3246 2084 3333 2142 Sic
3356 2102 3474 2140 eum
3498 2085 3616 2140 volo

2034 2195 2270 2246 manere,
2297 2182 2470 2235 donec
2497 2182 2731 2248 veniam,
2765 2182 2895 2250 quid
2918 2180 2989 2235 ad
3019 2190 3069 2233 te
3090 2182 3116 2236 ?
3161 2178 3386 2234 Putabit
3418 2178 3619 2247 aliquis

2035 2273 2200 2338 forte,
2224 2274 2522 2342 perspicuo
2554 2271 2645 2326 hie
2671 2271 3069 2342 evangelistam
3101 2269 3212 2323 illis
3237 2269 3617 2323 contradicere

2036 2364 2130 2435 qui
2178 2364 2524 2419 arbitrentur
2557 2377 2667 2417 non
2719 2362 3052 2416 moriturum
3101 2360 3283 2426 ipsum
3342 2373 3517 2427 usque
3548 2360 3615 2412 ad

2039 2455 2201 2510 linem
2230 2456 2414 2512 sareuli
2447 2455 2633 2525 hujus,
2665 2469 2794 2509 cum
2830 2453 3037 2509 scribat
3070 2468 3085 2505 :
3115 2451 3234 2506 Non
3268 2451 3401 2504 dixit
3441 2451 3488 2503 ei
3524 2450 3610 2502 Je-

2034 2564 2123 2603 sus
2151 2548 2293 2619 quod
2339 2564 2444 2602 non
2475 2536 2725 2612 moritur,
2770 2560 2944 2616 usque
2984 2546 3052 2601 ad
3094 2553 3338 2600 extrema
3372 2553 3616 2608 tempera

2036 2642 2252 2698 scilicet
2278 2641 2380 2713 (sic
2410 2641 2558 2696 enim
2602 2638 2970 2711 supplendum
3008 2652 3230 2708 semper
3266 2637 3394 2708 est).
3435 2637 3616 2691 excla-

2038 2734 2322 2803 mabitque
2362 2732 2432 2789 ab
2471 2748 2539 2788 eo
2582 2732 2705 2803 ipso
2745 2732 3100 2803 explanatum
3133 2718 3450 2786 esse'vobis
3469 2730 3650 2799 quod,

2038 2826 2339 2896 qumritur,
2363 2833 2528 2896 atque
2555 2833 2767 2881 mutare
2810 2841 2920 2881 non
2962 2835 3253 2896 oportere.
3281 2826 3394 2896 Ego
3433 2835 3614 2879 autem

2039 2934 2141 2989 pro
2182 2920 2449 2975 modestia
2490 2935 2704 2976 summa
2746 2928 2802 2974 et
2863 2919 3115 2991 virginali
3159 2919 3471 2974 humilitate
3508 2933 3617 2987 qua

2039 3011 2270 3081 gloriam
2310 3012 2609 3083 humanam
2670 3010 2917 3067 Joannes
2952 3009 3180 3067 omnino
3220 3011 3496 3074 calcavit,
3538 3009 3612 3067 ita

2038 3118 2165 3158 eum
2215 3103 2509 3173 scripsisse
2546 3102 2876 3159 crediderim
2913 3111 2973 3158 ut
3021 3112 3079 3160 et
3106 3103 3395 3159 veritatem
3443 3101 3616 3173 digito

2039 3194 2386 3258 monstrarit,
2410 3202 2467 3249 et
2502 3195 2722 3249 inanem
2763 3193 2932 3266 hujus
2971 3194 3155 3249 smeuli
3190 3193 3421 3264 gloriam
3456 3193 3617 3263 ahjc-

2037 3288 2193 3341 eerit.
2221 3286 2338 3341 Non
2362 3288 2507 3340 enim
2528 3296 2690 3355 negat
2722 3301 2861 3349 rem,
2885 3285 2980 3340 sed
3001 3300 3317 3341 sermonem
3349 3293 3406 3338 et
3426 3283 3613 3338 verba.

2040 3381 2420 3452 Suhjiciantur
2449 3380 2633 3435 oculis
2663 3380 2871 3435 omnia.
2924 3378 3064 3446 Quid
3115 3380 3276 3436 Jesus
3308 3376 3484 3431 dixit?
3524 3376 3616 3430 Sic

2038 3490 2159 3528 eum
2190 3474 2308 3529 volo
2350 3490 2566 3529 manere
2611 3475 2778 3528 donec
2806 3473 3041 3537 veniam,
3088 3468 3417 3539 affirmando
3450 3469 3612 3523 Ji-sus

2040 3567 2203 3634 dixit,
2240 3576 2298 3623 et
2343 3569 2634 3638 quisquam
2673 3563 3099 3636 negabit?Quid
3148 3561 3449 3633 discipuli?
3476 3577 3615 3632 quo-
3672 3606 3680 3611 .

2038 3661 2204 3717 modo
2236 3661 2287 3715 id
2329 3675 2455 3717 eum
2493 3659 2700 3717 exisset
2734 3659 2788 3712 in
2840 3656 3121 3728 publicum
3150 3692 3165 3719 ,
3199 3653 3614 3714 intellexerunt,

2038 3750 2187 3824 quod
2220 3751 2463 3808 Joannes
2498 3765 2611 3804 non
2646 3748 2918 3804 moritur?
2957 3747 3144 3803 Teneo
3188 3742 3615 3799 aflirmationem

2038 3842 2257 3899 Domini
2292 3850 2348 3896 et
2398 3842 2773 3911 apostolorum
2821 3838 3155 3895 sententiam
3190 3834 3439 3891 omnium
3468 3834 3618 3902 quod
3694 3887 3701 3893 ,

2038 3951 2149 3990 non
2182 3935 2442 3988 moritur.
2487 3931 2629 3998 Quid
2670 3940 2869 4000 postea,
2889 3928 3173 3985 Joannes?
3221 3942 3331 3981 non
3366 3933 3477 3980 tam
3512 3924 3621 3978 vir-

2040 4025 2507 4099 ginali'modestia
2532 4023 2962 4103 humilitateqne
2993 4020 3259 4091 przeditus
3285 4033 3448 4088 quam
3477 4017 3622 4071 veri-

2042 4121 2171 4177 tatis
2221 4119 2450 4181 amicus,
2512 4115 2644 4187 quid
2690 4114 2804 4168 ait?
2848 4111 2952 4168 Sed
3010 4129 3116 4165 non
3159 4112 3291 4165 dixit
3349 4110 3397 4163 ei
3446 4108 3620 4170 Iesus,

2040 4214 2180 4287 quod
2212 4230 2314 4269 non
2349 4213 2602 4267 moritur.
2637 4209 2757 4264 Non
2788 4207 2934 4263 enim
2991 4205 3099 4259 hoc
3124 4203 3356 4258 verbum
3391 4199 3620 4270 protulit

2039 4308 2224 4376 Jesus,
2265 4307 2363 4362 sed
2405 4306 2530 4361 aliis
2558 4302 2749 4361 verbis
2781 4316 2914 4356 usus
2942 4308 3048 4355 est.
3102 4295 3353 4364 Quibus?
3386 4294 3475 4350 Sic
3503 4309 3623 4347 eum

2041 4400 2158 4456 volo
2188 4382 2407 4454 manere
2436 4399 2599 4453 donec
2625 4396 2859 4463 veniam.
2893 4388 3305 4453 Animadverte,
3330 4384 3621 4457 quodnon

360 4482 612 4552 corporis
646 4490 760 4536 tum
798 4482 1029 4552 Spiritus
1055 4483 1305 4552 apprime
1335 4483 1600 4552 praeditus
1627 4492 1682 4537 et
1719 4484 1933 4539 etc-teris
1959 4494 2014 4555 Ῑ)
2042 4492 2197 4547 sicut
2240 4490 2480 4545 Joannes
2513 4488 2586 4543 ibi
2617 4527 2634 4552 ,
2686 4484 2810 4539 Non
2863 4484 2995 4555 dixit
3030 4482 3078 4535 ei
3129 4480 3285 4534 Jesus
3338 4473 3478 4551 quod
3521 4491 3625 4527 ηοη

360 4574 660 4628 virtutibus
687 4588 962 4639 summus,
995 4575 1143 4642 quod
1177 4583 1233 4628 et
1262 4574 1577 4629 dilectione
1621 4574 1834 4629 Domini
1875 4581 1933 4630 et

360 4665 846 4719 commendatione
873 4665 1067 4720 Matris
1094 4666 1212 4737 ejus
1237 4665 1557 4737 percipitur,
1587 4682 1930 4738 nequaquam

362 4760 418 4815 id
443 4760 593 4827 quod
634 4759 702 4813 ad
727 4758 957 4829 gloriam
989 4772 1145 4814 suam
1187 4759 1463 4829 pertinere
1495 4759 1740 4821 videbat,
1772 4759 1936 4815 sociis

361 4850 522 4921 quasi
568 4850 938 4921 jactabundus
990 4851 1357 4920 praedicasset.
1409 4850 1763 4921 Relinquitur
1790 4864 1936 4924 ergo

364 4959 395 4997 a
424 4944 588 4999 Petro
616 4944 886 4999 fratribus
913 4954 1167 4999 enarrata
1208 4945 1376 5000 fuisse
1405 4962 1528 5015 qua:
1566 4946 1833 5000 Dominus
1872 4948 1937 5000 de

364 5036 577 5091 Joanne
619 5035 780 5091 dixit.
816 5036 1043 5090 Petrum
1083 5051 1266 5090 autem
1320 5036 1482 5090 aliter
1518 5036 1723 5090 dixisse
1773 5050 1936 5105 quam

366 5126 618 5182 audierat
646 5127 804 5182 nefas
824 5137 908 5182 est
930 5126 1105 5182 dictu.
1129 5126 1272 5194 Quid
1296 5142 1427 5199 ergo
1460 5129 1649 5183 retulit
1674 5128 1942 5183 fratribus

370 5218 607 5275 Petrus?
638 5219 797 5286 Quod
833 5219 1095 5275 Dominus
1129 5220 1197 5274 de
1237 5212 1447 5275 Joanne
1479 5221 1655 5276 dixit:
1695 5220 1785 5276 Sic
1823 5237 1943 5274 eum

370 5312 488 5368 volo
518 5328 732 5366 manere
765 5312 930 5365 donec
968 5311 1201 5367 veniant.
1236 5312 1292 5366 ld
1339 5327 1368 5365 a
1409 5313 1602 5375 Petro,
1644 5329 1674 5368 a
1729 5314 1946 5369 cat-teris

373 5406 638 5462 ontnibus
662 5405 857 5462 eodem
894 5403 1232 5460 intellectum
1262 5406 1425 5460 modo
1449 5405 1573 5474 fuit,
1598 5409 1744 5478 quod
1774 5408 1942 5463 disci—

376 5500 541 5568 pulus
579 5498 669 5552 ille
711 5511 818 5551 non
852 5496 1105 5550 moritur.
1146 5496 1328 5563 Quare
1362 5498 1477 5567 ipse
1515 5514 1737 5569 quoque
1768 5501 1943 5555 delin-

376 5608 547 5661 quere
580 5590 711 5646 mihi
746 5590 983 5647 viderer.
1010 5589 1055 5644 si
1091 5606 1197 5644 non
1226 5593 1298 5644 ita
1324 5591 1470 5646 hune
1501 5592 1711 5646 Domini
1745 5610 1953 5649 sermo-

380 5699 505 5738 nem
559 5696 836 5751 caperem,
881 5680 1025 5735 sicut
1088 5696 1280 5736 omnes
1314 5682 1568 5753 discipuli
1612 5695 1743 5740 tune
1791 5688 1952 5741 intel-

383 5779 655 5834 lexerunt.
690 5772 870 5829 Facile
915 5788 1155 5845 namque
1192 5775 1546 5849 crediderim,
1580 5779 1833 5848 quamvis
1864 5780 1951 5836 die

2046 4584 2313 4647 moritur;
2345 4581 2590 4635 stetisset
2623 4590 2807 4634 autem
2859 4576 2903 4631 si
2939 4590 3053 4630 rem
3097 4573 3269 4642 ipsam
3300 4582 3503 4639 negare
3526 4582 3625 4618 vo—

2046 4675 2269 4730 luisset.
2299 4672 2406 4730 Sed
2439 4670 2673 4736 addidit,
2721 4668 2849 4731 Sed,
2889 4662 3275 4737 supple.'dixit
3326 4678 3344 4715 :
3387 4659 3473 4714 Sic
3508 4673 3628 4711 eum

2046 4768 2166 4824 uolo
2213 4784 2428 4823 manere
2459 4809 2475 4833 ,
2537 4765 2703 4820 donec
2753 4763 2983 4817 veniam.
3013 4755 3297 4820 Sermonis
3353 4752 3522 4825 igitur
3574 4759 3632 4802 et

2050 4863 2348 4918 verborum
2377 4860 2732 4915 collationem
2784 4855 2941 4917 facit.
2974 4868 3084 4907 non
3135 4864 3345 4906 rerum.
3391 4845 3527 4901 Nam
3585 4844 3630 4895 si

2053 4970 2240 5010 rerum
2289 4952 2466 5019 facere
2513 4950 2870 5006 collationem
2905 4944 3207 5009 voluisset,
3260 4938 3395 4993 illud
3452 4935 3632 4990 solum

2050 5047 2367 5116 scripsisset
2402 5061 2416 5098 :
2448 5043 2571 5099 Non
2603 5044 2742 5097 dixit
2771 5041 2822 5096 ei
2862 5038 3009 5108 quod
3055 5051 3164 5089 non
3205 5032 3478 5094 moritur;
3528 5026 3637 5082 hoc

2056 5140 2205 5193 enim
2250 5137 2323 5191 ita
2368 5137 2579 5191 dictum
2610 5175 2626 5198 ,
2679 5132 2865 5189 statim
2909 5129 3150 5185 ostendit
3179 5124 3325 5196 quod
3380 5122 3636 5178 moritur.

2058 5229 2188 5294 Sed,
2226 5227 2342 5282 Non
2366 5229 2501 5280 dixit
2525 5225 2663 5297 quod
2693 5242 2797 5279 non
2829 5223 3076 5285 moritur,
3114 5217 3318 5287 inquit,
3347 5215 3441 5269 sed
3470 5210 3635 5274 dixit,

2059 5320 2145 5376 Sic
2169 5336 2288 5373 eum
2315 5318 2431 5373 volo
2462 5333 2676 5372 inertem
2696 5322 2858 5369 donec
2878 5312 3109 5377 veniam,
3135 5309 3263 5381 quid
3287 5308 3357 5363 ad
3384 5306 3477 5361 te?
3508 5306 3639 5361 Per-

2059 5415 2312 5483 Spicuum
2360 5426 2494 5475 ergo
2523 5417 2644 5473 est,
2692 5405 2991 5462 verborum
3039 5403 3220 5483 ipsum
3277 5399 3633 5456 collationem

2062 5504 2267 5568 facere,
2296 5517 2407 5557 non
2439 5515 2654 5561 rerum,
2695 5498 2948 5569 quamvis
2991 5506 3050 5552 et
3078 5509 3264 5551 rerum
3307 5494 3493 5561 dicere
3528 5508 3637 5547 non

2066 5596 2285 5668 dubito.
2318 5594 2472 5649 Alter
2502 5592 2652 5647 enim
2690 5605 2871 5646 sermo
2914 5601 3150 5645 mortem
3189 5588 3416 5643 omnino
3455 5598 3639 5657 negat,

2067 5687 2214 5758 quod
2250 5686 2512 5756 quoniam
2545 5682 2741 5736 falsum
2772 5689 2857 5735 est
2889 5696 2999 5735 non
3036 5679 3195 5742 dixit.
3216 5679 3334 5735 Non
3359 5679 3597 5735 moritur
3627 5693 3643 5745 ;

2068 5781 2225 5846 alter,
2259 5775 2481 5849 quando
2511 5772 2816 5831 moriturus
2839 5783 2943 5842 est,
2968 5772 3245 5841 ostendit;
3284 5773 3467 5827 Donec
3498 5774 3644 5825 enim
