3902 6208
410 309 509 376 871

1580 312 1584 316 ’
1615 300 1935 371 GEORGII
1976 308 2493 376 TBAPEZUNTII

3498 326 3581 391 872

416 434 572 483 terne
601 424 818 481 curavit
875 426 1187 498 negationis
1212 426 1410 482 vulnus
1456 425 1627 497 quod,
1684 426 1812 481 fletu
1851 425 1995 481 Petri
2026 430 2075 491 λ
2105 427 2374 485 firmando
2424 443 2682 500 expresse
2735 428 2997 485 dixerunt
3045 440 3105 485 ut
3146 439 3297 489 nemo
3342 434 3583 508 ambigeret

417 524 672 575 sanatum
698 515 771 571 ad
803 514 1116 572 cicatricem
1164 516 1728 588 usque'produetum,
1759 516 1986 572 creden-

416 613 544 666 dum
591 617 697 665 est.
747 608 906 664 Tune
951 608 1098 664 enim
1156 610 1615 681 interrogationis
1644 610 1796 665 illius
1827 612 1879 665 vi
1930 619 1990 665 et

413 702 778 759 confessionis
798 701 1005 756 virtute
1040 701 1382 766 humillimae,
1421 702 1734 757 cicatricem
1767 715 1990 772 quoque

416 795 587 865 ipsam
635 793 897 847 abolitam
947 806 1110 846 nemo
1156 790 1451 860 dubitavit,
1487 808 1552 850 ac
1605 794 1729 849 ideo
1770 804 1854 849 ter
1884 795 1989 848 sibi

398 893 477 940 ut
505 899 638 940 sano
669 884 781 954 iam
811 890 869 938 et
903 882 1191 941 humiliter
1220 895 1409 956 aperte
1437 886 1859 941 cemmendatur
1890 883 1991 940 Ec-

412 978 599 1043 clesia,
641 987 700 1032 ut
730 984 916 1048 pascat
947 991 1079 1032 oves
1118 992 1399 1049 agnosque
1428 977 1669 1043 Domini,
1695 992 1815 1048 qua:
1842 991 1993 1033 com-

415 1089 446 1123 u
470 1069 692 1126 endatio
726 1069 1019 1126 militantis
1039 1069 1302 1125 Ecclesiae
1326 1069 1492 1125 Petro
1518 1078 1652 1124 tunc
1677 1069 1842 1135 facta,
1865 1083 1993 1123 suc-

413 1162 735 1218 cessoribus
766 1162 942 1217 etiam
994 1162 1114 1217 suis
1164 1160 1306 1224 facta
1353 1164 1726 1232 cognoscitur.
1759 1161 1994 1231 Oportet

412 1254 585 1321 enim,
615 1254 760 1310 sicut
793 1268 924 1308 oves
950 1254 1185 1324 agnique
1213 1263 1450 1320 veteres,
1491 1253 1745 1309 videlicet
1778 1255 1830 1307 in
1863 1253 1989 1320 ﬁde,

412 1353 577 1416 atque
608 1344 834 1410 novelli,
889 1344 957 1398 ad
1002 1344 1147 1398 diem
1198 1358 1375 1414 usque
1405 1344 1676 1400 adventus
1724 1344 1779 1398 in
1819 1345 1991 1416 gloria

417 1438 633 1493 Domini
686 1451 784 1508 per
834 1436 1245 1493 successionem
1296 1437 1544 1491 duraturi
1592 1446 1742 1502 sunt,
1796 1437 1989 1492 eodem

418 1532 605 1601 utique
656 1530 820 1584 modo
876 1527 1031 1582 illum
1077 1543 1402 1598 permanere
1448 1528 1534 1583 cui
1586 1528 1991 1584 commendatio

414 1623 553 1677 facta
587 1630 691 1677 est.
728 1620 1034 1677 Universali
1066 1636 1198 1688 ergo
1230 1620 1489 1676 Ecclesia:
1518 1620 1681 1675 Petro
1708 1623 1991 1691 proposito

414 1716 682 1772 decenter
735 1730 887 1769 mors
919 1729 1141 1784 quoque
1199 1713 1302 1768 sibi
1359 1714 1700 1782 prmdicitur,
1748 1723 1809 1767 ut
1862 1713 1994 1767 hinc

2097 535 2216 574 eam
2251 535 2475 592 quoque
2524 521 2765 578 Gmcam
2813 523 3137 592 particulam
3170 540 3269 580 non
3295 526 3430 582 aliter
3457 545 3582 600 quam

2096 609 2421 667 aiiirmative
2451 612 2528 666 ibi
2573 611 2807 683 positam
2835 626 2978 697 esse.
3022 611 3124 669 Sed
3158 615 3221 670 de
3250 616 3430 685 duplici
3471 630 3586 689 pote.

2095 712 2235 783 state
2265 705 2312 758 si
2343 704 2657 774 particulae,
2687 704 2852 759 latius
2883 704 3044 761 nobis
3071 706 3124 761 in
3150 707 3265 762 ali's
3302 708 3480 765 dictum
3526 723 3588 767 est

2094 806 2150 850 et
2178 796 2344 867 vulgo
2374 796 2711 866 patet.-Quis
2741 797 2890 854 enim
2913 813 3023 853 non
3051 798 3263 864 viderit,
3291 800 3425 855 aliud
3457 803 3587 873 signi-

2097 889 2248 944 ﬁcari
2304 890 2427 943 cum
2470 889 2708 955 dicitur,
2766 889 2827 945 Si
2863 907 2987 945 amo
3040 898 3132 955 te,-
3153 906 3249 945 non
3275 891 3468 946 detraho
3493 895 3588 958 tibi;

2094 980 2243 1035 aliud
2278 999 2292 1037 :
2318 980 2378 1036 Si
2407 997 2649 1036 amarem
2675 991 2743 1046 te,
2772 998 2876 1037 non
2900 982 3222 1036 detraherem
3247 983 3370 1036 tibi?
3396 983 3591 1039 Alterum

2093 1075 2247 1143 enim
2273 1083 2330 1130 et
2361 1089 2604 1131 amorem
2626 1074 2863 1130 allirmat
2892 1087 2949 1130 et
2975 1090 3082 1130 non
3115 1075 3416 1130 detrahendi
3440 1077 3592 1132 volun-

2097 1173 2262 1220 tatem
2285 1164 2596 1227 coniirmat,
2619 1166 2854 1221 alterum
2877 1182 2911 1223 e
2929 1156 3150 1237 regione
3171 1181 3398 1221 amorem
3418 1167 3591 1238 quidem

2093 1258 2179 1312 vel
2212 1257 2524 1328 suspendit,
2558 1257 2905 1329 dubiumque
2934 1258 3085 1322 facit,
3105 1258 3190 1313 vel
3220 1258 3424 1328 penitus
3450 1268 3592 1328 negat,

2093 1357 2414 1418 quantoque
2441 1347 2655 1421 (amor)
2679 1349 2853 1421 major
2886 1357 3142 1418 negatur,
3165 1355 3308 1403 tanto
3330 1347 3594 1402 detrahendi

2095 1440 2347 1495 voluntas
2401 1439 2689 1494 asseritur.
2726 1438 2899 1494 item:
2935 1437 2994 1493 Si
3042 1453 3121 1491 me
3163 1439 3399 1501 audisset,
3441 1438 3598 1490 doctior

2092 1541 2225 1586 esset
2252 1548 2271 1586 :
2303 1531 2618 1598 significant
2649 1530 2797 1586 enim
2825 1546 2934 1584 non
2976 1545 3101 1585 esse
3127 1529 3353 1595 doctum,
3381 1545 3486 1584 cum
3515 1544 3599 1583 non

2093 1624 2354 1680 audierit.
2384 1623 2590 1679 Contra
2618 1641 2632 1678 :
2663 1621 2722 1678 Si
2754 1622 2946 1677 multos
2985 1623 3165 1676 audivi
3194 1623 3374 1687 doctos,
3403 1622 3442 1674 si
3471 1620 3601 1673 multa

2096 1718 2216 1787 legi,
2239 1718 2287 1771 si
2310 1718 2479 1770 inuita
2505 1716 2719 1787 scripsi,
2746 1731 2847 1772 cur
2872 1732 2952 1770 me
2977 1715 3279 1786 imperitum
3311 1722 3444 1776 putas
3465 1712 3485 1766 ?
3509 1710 3601 1766 Non

419 1810 588 1864 vitam
626 1804 807 1864 etiam
861 1807 1076 1862 Domini
1132 1806 1547 1878 exprimendam
1607 1821 1707 1875 pro
1759 1805 1991 1872 viribus,
2028 1790 2067 1845 Β
2094 1815 2182 1862 est
2212 1820 2353 1876 opus
2402 1806 2558 1877 plura
2589 1806 2779 1863 dicere
2811 1806 2883 1862 de
2922 1820 2983 1861 re
3017 1804 3319 1870 manifesta,
3354 1819 3446 1874 qua
3484 1802 3601 1873 pleni

416 1902 629 1958 duabus
675 1902 917 1957 disceret
966 1901 1298 1967 rationibus,
1351 1901 1610 1970 quoniam
1663 1900 1995 1956 universalis

415 2000 602 2064 pastor
635 2002 690 2049 et
721 1993 963 2047 vicarius
992 1991 1198 2046 Christi
1241 1991 1555 2061 prxcipuus
1584 1991 1688 2045 fuit
1720 1993 1993 2047 constitu-

400 2093 509 2142 °tus
538 2093 594 2139 et
622 2084 885 2154 quoniam
916 2069 1100 2137 crucis
1135 2082 1386 2153 patibulo
1422 2081 1598 2137 Deum
1635 2090 1761 2137 erat
1789 2081 1995 2151 gloriﬁ-

416 2182 664 2242 caturus,
693 2190 933 2247 quorum
984 2175 1218 2230 alterum
1263 2175 1499 2229 trahitur
1526 2189 1593 2230 ex
1629 2175 1824 2231 altero.
1857 2174 1993 2230 Nam

416 2273 593 2326 sinon
619 2278 702 2323 est
732 2260 925 2323 servus
945 2266 1171 2321 domino
1199 2267 1393 2336 major,
1437 2275 1654 2337 oportet
1682 2268 1893 2337 patroni
1918 2268 1993 2322 la-

416 2363 581 2418 bores
600 2351 867 2416 'clientem
888 2357 1110 2412 subire:
1144 2357 1213 2412 Et
1260 2357 1355 2427 qui
1396 2356 1616 2414 labores
1649 2358 1856 2413 domini
1897 2373 1994 2414 sn-

418 2452 518 2507 mit
556 2453 662 2514 sui.
700 2452 767 2506 ls'
795 2459 1025 2505 mortem
1078 2464 1186 2504 non
1225 2446 1391 2504 debet
1437 2447 1672 2505 similem
1700 2465 1992 2517 recusare;

423 2560 598 2617 quare
628 2545 760 2599 vitae
791 2556 1010 2615 quoque
1043 2542 1211 2598 totius
1244 2542 1474 2596 imitatio
1514 2557 1616 2611 pro
1651 2542 1859 2598 viribus
1886 2557 1996 2598 ‘ne-

418 2639 660 2695 cessaria
708 2648 789 2694 est
846 2653 970 2708 quae
1024 2636 1237 2707 liquido
1270 2635 1554 2705 Evangelii
1590 2635 1776 2690 verbis
1809 2636 1994 2707 expri-

419 2733 609 2786 mitur.
671 2730 807 2784 Nam
865 2738 1041 2784 morte
1104 2728 1289 2783 crucis
1344 2726 1670 2781 extensione
1729 2741 1991 2782 manuum

418 2822 535 2877 sub'
552 2821 730 2876 oculis
760 2821 905 2876 Petri
945 2821 1145 2890 posita,
1183 2819 1368 2874 statim
1403 2818 1451 2872 ci
1486 2818 1714 2886 dicitur,
1749 2819 1993 2889 Sequere

419 2928 529 2981 me,
560 2913 614 2968 id
646 2922 751 2976 est,
809 2912 915 2979 Qui
965 2921 1141 2966 morte
1182 2926 1268 2966 mc
1308 2921 1601 2967 secuturus
1640 2926 1723 2977 es,
1768 2911 1993 2981 vestigia

417 3021 641 3076 quoque
674 3005 900 3068 vivendi
933 3005 985 3059 in
1017 3020 1080 3058 ea
1122 3005 1397 3072 sequeris.

2101 1905 2231 1953 sunt
2257 1896 2429 1964 libri,
2465 1897 2631 1968 plena
2661 1899 2974 1969 priscorum
3031 1898 3320 1953 volumina.
3365 1896 3475 1948 Ἐάν
3500 1908 3604 1964 quo-

2097 2007 2205 2062 que
2234 1989 2423 2047 Grtcca
2448 1990 2805 2061 coniunctio,
2852 1989 3080 2046 easdem
3132 1989 3295 2044 habet
3341 1995 3601 2058 potestates.

2096 2083 2279 2138 Testis
2334 2092 2418 2138 est
2468 2083 2828 2149 Priscianus,
2881 2082 3360 2153 grammaticorum
3406 2077 3602 2133 nomium

2096 2172 2618 2238 excellentissimus,
2643 2188 2742 2228 nec
2773 2175 2955 2228 minus
2985 2174 3041 2227 in
3065 2172 3266 2229 Graecis
3284 2185 3432 2240 quam
3462 2167 3509 2221 in
3532 2164 3605 2220 La-

2099 2267 2229 2322 tinis
2259 2266 2461 2322 litteris
2493 2266 2726 2335 peritus,
2780 2265 2985 2335 quippe
3031 2264 3128 2331 qui
3174 2263 3384 2319 Graecus
3430 2260 3604 2315 natione

2097 2360 2221 2415 fuit.
2254 2358 2380 2414 Fuit
2408 2359 2555 2415 enim
2578 2374 2646 2412 ex
2676 2357 2948 2423 Caesarea,
2985 2355 3436 2428 Cappadoeensis,
3460 2367 3543 2408 nec
3564 2350 3603 2404 in

2096 2452 2248 2507 Italia
2272 2493 2287 2517 ,
2318 2451 2415 2506 sed
2453 2451 2689 2506 Athenis
2715 2457 2771 2505 et
2804 2448 2993 2505 Graece
3025 2449 3226 2506 didicit
3268 2459 3322 2505 et
3350 2446 3532 2502 Latine.
3569 2442 3604 2498 is

2096 2543 2150 2599 in
2183 2543 2343 2599 libris
2376 2542 2453 2596 De
2485 2544 2892 2609 constructione,
2923 2542 3018 2597 ubi
3049 2542 3119 2598 de
3145 2538 3489 2616 subiungendi
3519 2552 3607 2592 mo-

2093 2636 2188 2701 do,
2219 2644 2275 2691 et
2313 2637 2382 2691 de
2418 2634 2689 2705 particula
2719 2636 2788 2701 si,
2824 2634 3052 2690 easdem
3100 2634 3322 2690 omnino
3352 2632 3422 2688 ait
3449 2629 3607 2686 habere

2097 2727 2270 2797 ipsam
2323 2728 2470 2782 vires
2502 2740 2654 2796 quas
2698 2726 2792 2780 inv
2820 2725 3040 2793 Grteca,
3094 2726 3406 2796 idque'tam
3448 2721 3609 2777 Latinis

2096 2835 2258 2890 quam
2295 2819 2503 2875 Graecis
2532 2820 2776 2875 ostendit
2811 2820 3105 2890 exemplis.
3149 2819 3257 2875 Sed
3280 2832 3446 2875 sermo
3477 2814 3607 2871 etiam

2097 2913 2213 2983 ipse
2238 2912 2461 2969 Graecus
2488 2912 2844 2982 perspicuum
2887 2913 2940 2966 id
2972 2914 3127 2980 facit,
3153 2913 3290 2969 adeo
3318 2921 3377 2968 ut
3396 2905 3612 2976 exemplis

2095 3019 2235 3075 opus
2274 3018 2379 3058 non
2434 3003 2526 3059 sit.
2593 3004 2818 3060 Dicatur
2870 3004 3040 3060 alicui
3083 3019 3277 3061 carnes
3313 3003 3397 3058 die
3434 2995 3611 3057 Sabbati

488 3098 683 3152 Petrus
716 3096 884 3167 igitur
919 3096 1215 3150 Dominum
1242 3094 1600 3163 sequebatur,
1628 3093 1872 3163 dumque
1902 3107 1991 3149 se-
2017 3096 2446 3191 C-comedenti:
2468 3095 2671 3152 Games
2690 3105 2756 3171 tu
2784 3097 3015 3152 comedis
3040 3100 3099 3152 in
3123 3096 3353 3153 Sabbato
3378 3095 3401 3149 7
3435 3104 3612 3160 respon-

416 3195 709 3257 queretur,
739 3184 879 3257 vidit
906 3184 1187 3240 Joannem
1211 3184 1281 3254 (is
1309 3184 1458 3238 enim
1497 3182 1797 3253 discipulus
1823 3194 1988 3253 quem

414 3256 682 3350 diligebat
719 3256 902 3348 Jesus)
957 3284 1309 3346 sequente.th
1334 3275 1401 3330 Et
1435 3272 1993 3331 curiositate‘mentis

418 3364 693 3437 humanae,
714 3383 822 3439 qua
855 3371 1029 3439 magis
1062 3368 1238 3423 aliena
1267 3382 1431 3438 quam
1458 3376 1649 3423 nostra
1671 3366 1991 3437 qumrimus,

382 3520 386 3524 _
417 3459 650 3515 nimium
683 3471 993 3517 commotus
1019 3458 1149 3532 (iion
1192 3463 1342 3516 enim
1387 3467 1506 3515 erat
1551 3458 1735 3516 adhuc
1767 3459 1993 3515 omnino

318 3584 333 3597 ο
416 3546 742 3627 perfectos),
773 3553 985 3608 audeta
1016 3540 1247 3607 delno
1267 3561 1477 3621 petere,
1505 3566 1612 3622 qua
1636 3561 1813 3606 morte
1830 3552 1995 3607 Joan—

415 3663 517 3704 nes
552 3654 898 3710 moreretur,
948 3644 1140 3699 dicens
1169 3643 1440 3697 i‘Domiue
1461 3682 1476 3709 ,
1508 3644 1590 3698 hic
1620 3651 1799 3698 autem
1826 3643 1996 3714 quid?

416 3738 681 3808 Dominus
709 3738 894 3793 autem
938 3743 995 3791 et
1041 3735 1183 3790 hanc
1210 3733 1591 3791 curiositatem
1640 3735 1995 3805 reprehendit

376 3848 519 3890 ~nec
549 3828 890 3888 'moriturum
929 3826 1196 3886 Joannem
1230 3842 1409 3900 usque
1452 3828 1522 3884 ad
1568 3828 1778 3884 exitum
1828 3828 1994 3900 huius

416 3925 603 3981 saeculi
631 3923 718 3996 (ut
749 3930 852 3995 ego
887 3921 1152 3996 arbitror)
1185 3921 1455 3988 ostendit,
1503 3920 1738 3977 dicens:
1772 3919 1834 3975 Si
1875 3936 1995 3975 eum

414 4013 532 4068 uolo
559 4028 775 4068 ntanere
794 4012 967 4068 donec
996 4014 1205 4067 neniam
1228 4051 1243 4080 ,
1273 4011 1403 4090 quid
1441 4011 1513 4066 ad
1540 4011 1634 4066 te?
1681 4009 1823 4066 Hinc
1844 4025 1995 4081 quie-

425 4106 703 4160 ntiuncula
741 4106 992 4162 nascitur
1037 4120 1097 4160 re
1135 4105 1337 4171 facilis,
1365 4105 1634 4159 varietate
1662 4104 1993 4173 Opinionum

413 4197 671 4253 dtiﬁcitis.
701 4195 836 4251 Nam
867 4197 1026 4251 multi
1068 4196 1181 4267 iam
1237 4198 1519 4250 mortuum
1564 4198 1688 4250 esse
1726 4194 1991 4250 Joannem

371 4289 797 4354 econtendunt,
848 4288 1102 4345 nonnulli
1148 4289 1413 4344 extremis
1440 4287 1805 4358 temporibus
1836 4302 1839 4303 '
1865 4294 1995 4343 cum

378 4439 387 4443 _
419 4382 623 4439 Enoch'
645 4390 705 4439 et
730 4382 850 4438 Elia
877 4382 1209 4437 moriturum
1236 4379 1753 4452 opinanturaQuod
1780 4364 1882 4436 nos
1904 4394 1995 4436 se-

2076 3193 2243 3256 ‘deut,
2291 3190 2417 3242 Ἐὰν
2477 3189 2659 3259 φάγω,
2692 3190 2747 3243 τί
2777 3189 2914 3260 np»;
2945 3190 3044 3257 ei;
3099 3191 3153 3246 id
3185 3199 3288 3256 est,
3327 3187 3382 3243 Si
3423 3185 3609 3246 comedo,

2070 3285 2222 3354 ‘qu’id
2253 3283 2323 3339 ad
2358 3283 2446 3337 te?
2479 3283 2795 3351 Patet-Quia
2843 3282 3143 3339 comedere
3173 3282 3387 3340 asserit.
3409 3277 3543 3348 Quod
3577 3275 3612 3330 si

2096 3379 2328 3437 diceret,
2388 3374 2447 3430 Si
2482 3375 2831 3440 comederem,
2870 3374 2996 3445 quid
3026 3376 3100 3430 ad
3146 3385 3194 3431 te
3218 3375 3245 3430 ?
3294 3389 3400 3430 nou
3439 3370 3614 3429 utnniao

2064 3484 2069 3489 ·
2095 3470 2388 3523 coiiiedere
2408 3469 2763 3535 concederet,
2789 3468 2885 3524 sed
2919 3470 3087 3539 quasi
3128 3469 3375 3540 negando
3404 3466 3495 3522 sub
3517 3477 3616 3518 con-

2096 3559 2307 3615 ditione
2342 3568 2595 3629 poneret.
2630 3561 2748 3615 Hoc
2779 3560 2833 3614 in
2865 3559 3058 3616 Grtcco
3088 3573 3342 3616 sermone
3362 3572 3462 3614 non
3478 3561 3615 3626 potest

2097 3651 2313 3723 liquido
2344 3652 2574 3723 percipi.
2602 3651 2872 3708 Sed'iatet
2896 3653 3060 3718 adeo,
3095 3664 3160 3710 ut
3191 3653 3467 3724 peritiores
3488 3648 3615 3704 etiam

2098 3743 2265 3815 hujus
2300 3747 2475 3799 astatis
2503 3743 2696 3816 fugiat,
2725 3746 2831 3801 nisi
2867 3745 3083 3802 Latinae
3128 3748 3328 3818 linguze
3360 3742 3615 3817 proprieta-

2098 3845 2181 3891 tes
2208 3837 2574 3906 inspexerint.
2604 3835 2777 3908 Cujus
2812 3839 2891 3893 rei
2922 3854 3092 3895 causa
3124 3849 3230 3906 est,
3254 3838 3496 3909 quoniam
3518 3832 3619 3890 sub-

2092 3926 2344 3995 iicientia
2380 3926 2551 3981 verba
2586 3929 2796 3983 minuta
2830 3930 3070 3999 quadam
3117 3927 3394 3986 scribendi
3416 3925 3480 3981 ab
3508 3920 3616 3981 indi-

2066 4018 2356 4074 cantibus
2413 4018 2725 4075 diiferentia
2786 4020 3239 4092 distinguuntur.
3295 4020 3466 4076 Prima
3502 4013 3616 4073 enim

2097 4112 2389 4183 praesentis
2422 4111 2673 4169 indicans
2727 4127 2965 4184 persona
2997 4124 3056 4171 et
3106 4128 3247 4172 voce
3295 4124 3351 4173 et
3390 4112 3617 4183 scriptura

2095 4205 2287 4259 eadem
2319 4210 2405 4258 est
2444 4218 2572 4259 cum
2620 4204 3011 4276 subiungendi.
3049 4205 3211 4263 Sicut
3260 4208 3314 4263 in
3366 4201 3617 4276 propositi).

2109 4291 2237 4348 Volo
2269 4308 2387 4348 eum
2439 4309 2674 4360 manere,
2710 4295 2851 4347 θέλω
2882 4295 3046 4349 αὐτὸν
3101 4298 3327 4367 μένειν,
3365 4294 3485 4350 illud
3511 4288 3617 4344 θέλω

2058 4408 2061 4413 ⁴
2094 4394 2282 4457 potest
2321 4392 2379 4440 et
2422 4386 2539 4440 uola
2598 4396 2657 4442 et
2703 4385 2893 4441 vellem
2927 4388 3037 4444 diei
3074 4389 3295 4445 Latine.
3343 4385 3442 4444 Sed
3476 4381 3618 4437 uellem

417 4484 677 4544 «luentes.
710 4482 904 4545 aperte
929 4473 1312 4538 ostendemus,
1344 4471 1413 4528 ἰάι
1431 4471 1611 4541 ipsum
1642 4479 1700 4527 et
1724 4486 1823 4542 per
1846 4471 1997 4528 hunc
2027 4473 2071 4530 D
2101 4475 2259 4532 nullo
2294 4486 2460 4547 pacto
2497 4476 2779 4542 convenit,
2825 4479 3056 4534 omnino
3089 4482 3245 4535 enim
3273 4496 3305 4534 a
3333 4484 3484 4533 renus
3517 4471 3617 4526 alie-

418 4565 704 4639 Evangelii
728 4567 912 4623 locum
947 4564 1273 4637 signiﬁcari,
1295 4572 1353 4619 et
1380 4563 1504 4619 aliis
1530 4562 1843 4619 rationibus
1864 4576 1999 4618 con-

419 4660 630 4716 ﬁrmari
665 4673 723 4717 et
774 4670 893 4717 tum
934 4661 1112 4730 ipsius
1139 4658 1371 4714 Joannis
1399 4656 1830 4728 in‘Apocalypsi
1880 4665 1997 4712 tum

420 4754 699 4825 Evangelii
733 4747 1071 4809 auctoritate
1107 4767 1173 4807 ac
1223 4748 1541 4807 testimonio
1593 4749 1997 4821 signiﬁcantius

368 4868 374 4875 ι
419 4846 773 4918 comprobari
799 4887 816 4915 ,
856 4853 1025 4916 atque
1053 4842 1193 4900 adeo
1226 4844 1594 4899 demonstrari
1626 4860 1642 4899 :
1679 4841 1742 4898 Si
1772 4842 1995 4914 (inquit)

418 4954 537 4993 eum
570 4937 686 4993 uolo
706 4943 918 4994 manere
940 4937 1103 4993 donec
1121 4936 1334 5002 ueniam
1355 4974 1371 5001 ,
1394 4938 1526 5006 quid
1555 4936 1626 4990 ad
1646 4935 1740 4990 te?
1781 4933 1993 5000 Graece,

419 5032 466 5084 si
503 5024 731 5085 verbum
758 5028 829 5086 de
856 5027 1030 5084 verbo
1072 5027 1402 5098 exprimitur
1425 5067 1440 5094 ,
1474 5041 1587 5082 non
1615 5025 1706 5084 Sic
1732 5042 1854 5082 eum
1879 5027 1994 5082 colo

420 5136 638 5177 manere
660 5162 676 5189 ,
729 5121 848 5186 sed,
889 5117 950 5176 Si
1002 5135 1121 5174 eum
1155 5120 1272 5174 uolo
1323 5133 1557 5185 manere,
1594 5118 1860 5190 scriptum
1889 5128 1994 5174 est.

420 5213 630 5271 Verum
674 5213 962 5285 quoniam,
1011 5213 1162 5269 sicut
1208 5211 1482 5283 particula
1510 5212 1557 5266 si
1580 5210 1727 5281 apud
1762 5225 1884 5279 nos,
1916 5212 1998 5268 sic

422 5305 564 5376 apud
598 5304 818 5361 Grascos
857 5302 1158 5359 indicativo
1199 5300 1424 5374 quidem
1467 5300 1639 5369 verbo
1681 5301 1994 5372 coniuncta,

431 5395 759 5453 aﬂrmative
788 5395 1025 5466 capitur,
1058 5393 1412 5467 subiunctivo
1444 5402 1629 5451 autem
1675 5392 1997 5463 snspeusive

388 5505 393 5509 ·
424 5488 880 5559 dubitativeque,
925 5487 1171 5559 iungitur
1195 5496 1379 5541 autem
1427 5483 1882 5551 hie-indicativo,
1914 5482 1998 5537 id-

423 5580 571 5636 circo
602 5595 714 5637 non
730 5582 781 5635 si
810 5580 907 5636 sed
919 5582 1009 5636 ἐἰσ
1029 5580 1223 5637 Patres
1251 5579 1598 5651 interpretati
1618 5584 1770 5643 sunt,
1792 5591 1861 5631 ne
1891 5576 1999 5631 sci-

421 5671 554 5726 licet
577 5674 629 5725 si
672 5671 945 5740 particula
976 5671 1187 5727 Latina
1213 5671 1525 5741 Graeceque
1565 5670 1768 5741 linguae
1793 5668 1998 5725 seiolos

378 5824 380 5827 τ
424 5768 655 5834 propter
680 5761 954 5830 duplicem
990 5770 1320 5831 potestatem
1348 5762 1614 5818 turbaret.
1643 5758 1731 5817 Sic
1751 5774 1883 5817 vero
1911 5759 1996 5816 ai-

2104 4581 2259 4621 num.
2282 4566 2479 4632 Quare
2517 4581 2620 4622 nec
2651 4567 2796 4622 ullus
2832 4580 3076 4637 unquam
3122 4567 3180 4624 id
3206 4564 3480 4638 cogitavit.
3504 4559 3619 4625 Quas

2099 4656 2173 4715 ob
2221 4672 2310 4712 res
2357 4666 2415 4712 et
2449 4657 2779 4713 auctdritate
2826 4656 3057 4713 illorum
3085 4660 3186 4729 qui
3229 4655 3616 4713 traduxeruutct

2100 4749 2504 4804 consuetudine
2532 4749 2836 4805 multorum
2866 4752 3223 4820 saeculorum,
3246 4761 3301 4807 et
3324 4751 3485 4822 ipsius
3504 4744 3619 4798 Gr:-

2098 4841 2150 4897 ci
2175 4841 2454 4897 sermonis
2490 4823 2848 4911 proprietate,
2881 4854 2937 4899 et
2977 4844 3246 4913 quoniam
3277 4858 3365 4897 res
3395 4830 3497 4910 ipsa
3535 4832 3619 4886 dis-

2096 4933 2362 5007 iunctiva-
2381 4933 2670 4990 dubitandi
2705 4946 2894 4990 vocem
2932 4951 3045 4990 non
3099 4936 3315 5007 patitur
3339 4973 3355 5000 ,
3390 4933 3620 4987 allirmans

2103 5023 2366 5087 Dominus
2388 5020 2526 5077 dixit
2551 5040 2566 5077 :
2590 5022 2676 5077 Ita
2708 5024 2824 5079 colo
2845 5041 2966 5080 eum
2992 5042 3231 5111 manere,
3256 5027 3409 5081 donec
3430 5020 3619 5080 veniam.

2099 5114 2227 5185 quid
2257 5115 2327 5171 ad
2361 5114 2459 5169 te?
2494 5114 2602 5171 Sed
2632 5114 2780 5173 dicet
2813 5116 3055 5175 fortasse
3084 5118 3366 5190 quispiam
3389 5113 3620 5171 neminem

2102 5220 2345 5277 unquam
2378 5210 2576 5263 ausum
2614 5208 2786 5266 fuisse
2828 5211 2989 5267 aliter
3012 5226 3181 5283 quam
3213 5209 3517 5266 aitirmative
3541 5203 3622 5255 Dc-

2099 5296 2300 5354 minica
2328 5297 2444 5354 hac
2475 5299 2644 5356 verba
2683 5299 3075 5372 interpretari;
3110 5302 3213 5359 sed
3244 5303 3414 5357 Donec
3451 5294 3619 5351 veniam

2098 5402 2211 5447 non
2233 5398 2545 5459 extremum
2568 5390 2723 5448 illum
2744 5392 3058 5464 signiﬁcare
3080 5395 3380 5451 adventum
3403 5381 3616 5445 Domini:

2098 5495 2259 5552 posse
2299 5498 2538 5555 namque
2587 5485 2888 5543 adventum
2927 5486 3151 5545 Domini
3206 5483 3455 5558 appellari
3483 5478 3616 5534 etiam

2097 5591 2223 5631 cum
2254 5585 2368 5647 quo
2399 5578 2780 5648 unusquisque
2820 5590 3046 5637 vocatus
3070 5621 3087 5647 ,
3128 5589 3339 5637 natura:
3369 5570 3615 5632 concedit;

2100 5676 2161 5724 ut
2181 5668 2323 5723 velle
2344 5667 2616 5727 Joannem
2651 5670 2732 5726 sic
2758 5672 2943 5729 vivere
2970 5682 3186 5742 asserat
3210 5712 3229 5741 ,
3258 5670 3426 5727 donec
3450 5662 3614 5722 veniali

2099 5758 2156 5816 id
2186 5769 2271 5817 est
2303 5759 2480 5823 donec
2526 5763 2703 5834 ipsum
2726 5778 2835 5836 per
2876 5773 3108 5823 mortem
3140 5764 3213 5821 ad
3240 5778 3299 5821 se
3328 5755 3531 5818 vocarit.
