3902 6208
258 268 279 279 ’
328 307 435 372 δτε

1108 307 1186 370 IN
1228 307 1493 384 ILLUD,
1544 322 1563 358 ι
1600 311 1721 373 SIC
1755 310 1953 374 νοω
1992 309 2159 408 Ευῆξ
2198 307 2542 383 MANERE,
2583 321 2602 357 ι
2632 302 2812 370 ‘ETC.

3485 309 3593 373 874

402 413 518 472 llac
556 414 831 473 sententia
859 413 1059 481 divisa,
1089 415 1330 484 primum
1378 427 1603 475 constat
1634 419 1903 476 Joannem
1936 423 1982 480 Α
2017 419 2372 475 Pentecostes
2412 417 2655 474 adventu
2690 418 2959 476 Paracleti
2997 417 3065 473 ad
3100 418 3496 488 perfectionem
3533 425 3612 477 in-

328 511 513 589 vivere
539 510 719 566 donec
753 510 983 576 veniat,
1034 511 1327 567 Dominum
1379 511 1605 568 dixisse.
1655 512 1901 569 Alterum

327 618 464 675 ergo
497 613 814 674 quaeratur,
847 618 917 658 an
949 602 1109 670 illud,
1143 603 1320 658 Donec
1347 605 1580 667 veniam,
1613 602 1775 659 tinem
1805 619 1907 659 sac-

327 699 433 755 culi
462 698 628 769 hujus
661 695 958 765 signiﬁcet,
1000 695 1088 751 vel
1124 696 1423 751 terminum
1458 696 1676 752 vivendi
1712 695 1769 750 in
1798 696 1905 751 hoc

325 790 527 845 saeculo
553 797 840 844 monstret.
864 788 1023 854 Quod
1051 796 1228 851 certe,
1253 788 1299 843 si
1328 788 1455 858 quis
1479 789 1746 855 attendat,
1773 804 1905 858 pro-

326 882 412 936 cul
445 897 475 936 a
527 895 661 937 vero
691 896 814 937 esse
857 880 1160 936 videbitur.
1202 880 1351 936 Nihil
1396 879 1544 935 enim
1576 879 1725 936 aliud
1768 879 1906 937 dicit

325 975 419 1044 qui
452 976 527 1030 ita
563 973 717 1040 dicit,
746 973 856 1030 nisi
886 982 948 1029 ut
974 974 1189 1044 planius
1212 984 1268 1030 et
1294 975 1398 1029 sub
1426 974 1605 1030 oculis
1633 984 1903 1045 ponatur,

328 1065 460 1121 Volo
499 1079 626 1119 eum
663 1063 854 1119 vivere
882 1062 1064 1120 donec
1108 1063 1409 1129 moriatur;
1447 1063 1546 1120 sed
1598 1064 1902 1121 absurdum

327 1172 425 1227 per
458 1155 700 1225 seipsum
728 1163 903 1210 totum
931 1155 1099 1210 fuerit
1122 1156 1167 1211 si
1197 1171 1445 1211 connexa
1473 1156 1597 1212 talis
1627 1157 1903 1227 expositio

326 1250 511 1307 fuerit.
541 1252 918 1319 Connectatur
947 1255 1116 1327 igitur
1139 1264 1199 1311 et.
1226 1255 1445 1311 dicatur
1479 1273 1493 1311 :
1525 1256 1615 1312 Sic
1636 1273 1754 1312 eum
1786 1258 1902 1312 uolo

325 1363 545 1401 manere
583 1347 751 1402 donec
780 1348 1037 1414 ueniam,
1075 1349 1207 1418 quid
1261 1349 1333 1404 ad
1374 1359 1424 1403 te
1448 1351 1475 1406 ?
1513 1349 1567 1404 id
1616 1360 1721 1415 est,
1766 1351 1902 1407 Volo

324 1454 450 1495 eum
481 1440 669 1495 vivere
725 1441 900 1497 donec
936 1442 1244 1507 moriatur,
1276 1442 1411 1513 quid
1440 1442 1509 1497 ad
1568 1444 1661 1499 te?
1712 1443 1898 1500 Dicam

324 1541 514 1602 aperte
545 1532 691 1601 quod
724 1534 888 1589 modo
913 1534 968 1588 in
997 1543 1240 1590 mentem
1274 1536 1489 1591 incidit.
1516 1537 1691 1592 ltomo
1724 1546 1899 1603 certe,

324 1639 434 1677 non
458 1624 586 1687 dico
606 1624 804 1681 doctus
827 1635 884 1680 et
911 1626 1119 1697 gravis,
1137 1626 1233 1683 sed
1263 1626 1621 1683 mediocriter
1644 1627 1899 1685 eruditus

326 1730 390 1769 ac
426 1716 600 1769 levior
622 1756 640 1780 ,
693 1718 741 1771 si
780 1717 907 1773 data
938 1718 1044 1773 sibi
1092 1729 1364 1789 potestate
1398 1720 1640 1776 hominis
1671 1721 1906 1790 alicu}us

328 1808 473 1870 vitm,
525 1816 694 1877 atque
728 1809 1105 1879 interrogatus
1148 1811 1231 1866 sic
1265 1812 1590 1881 respondeat
1623 1850 1638 1876 ,
1714 1826 1905 1882 parum

327 1899 787 1955 animadvertisse
834 1901 1119 1969 putabitur
1151 1918 1165 1955 :
1200 1904 1481 1972 quomodo
1515 1906 1683 1976 igitur
1733 1908 1904 1962 Deum

327 2005 426 2043 ore
464 2005 567 2045 suo
610 1992 692 2046 sic
722 1991 970 2047 locutum
1006 1993 1277 2065 quispiam
1306 1984 1647 2054 crediderit?
1674 1998 1779 2054 Sed
1807 2017 1905 2054 cu-

329 2081 615 2143 riositatis,
647 2083 899 2153 inquiet,
933 2101 1167 2157 arguere
1204 2088 1533 2160 discipulum
1581 2094 1776 2148 voluit.
1815 2093 1907 2148 Sic

331 2173 594 2238 arbitror,
655 2185 713 2229 et
752 2175 983 2248 Cyrillo,
1016 2179 1138 2234 viro
1162 2178 1414 2237 doctrina
1444 2184 1744 2254 praecipuo,
1780 2200 1908 2239 san—

333 2265 524 2321 ctitate
558 2283 776 2338 magno,
824 2270 1117 2339 prudentia
1148 2283 1202 2329 et
1234 2276 1552 2345 eloquentia
1582 2279 1757 2349 gravi,
1799 2279 1907 2333 hoc

333 2357 512 2426 ipsum
559 2360 834 2430 placuisse
883 2364 1138 2436 legimus,
1166 2378 1224 2422 et
1263 2369 1420 2432 illud,
1447 2371 1575 2439 quid
1619 2371 1690 2426 ad
1728 2373 1822 2427 te?
1853 2374 1905 2429 id

330 2461 524 2520 aperte
559 2455 822 2511 ostendit.
859 2455 964 2512 Sed
1002 2458 1054 2512 in
1087 2460 1550 2529 reprehendendo
1602 2463 1762 2520 Petro
1817 2480 1897 2521 sao

331 2553 674 2598 cramentum
703 2545 867 2601 etiam
897 2548 1033 2602 illud
1071 2552 1285 2615 aperire
1312 2553 1511 2615 voluit,
1533 2569 1641 2609 non
1672 2557 1908 2612 moritu-

333 2648 457 2687 rum
515 2633 785 2692 Joannem
837 2654 1015 2709 usque
1061 2641 1134 2696 ad
1185 2651 1431 2697 extrema
1482 2645 1665 2701 surculi
1719 2646 1905 2720 hujus.

332 2722 467 2778 Nam
501 2726 546 2781 si
580 2728 918 2785 curiositatis
954 2732 1130 2804 ipsum
1164 2749 1396 2803 arguere
1428 2737 1775 2793 solummodo
1814 2754 1909 2793 vo-

332 2815 561 2883 luisset,
599 2820 730 2876 illud
780 2821 1058 2890 ultimum,
1089 2826 1216 2895 quid
1243 2828 1311 2880 ad
1342 2835 1412 2894 te,
1444 2829 1552 2896 vel,
1584 2830 1697 2885 Cur
1729 2833 1908 2887 aliena

334 2911 562 2975 quaeris,
592 2908 820 2975 dixisse,
851 2914 986 2969 satis
1011 2931 1291 2986 superque
1321 2930 1462 2984 erat,
1489 2922 1632 2975 sicut
1652 2923 1910 2980 omnibus

335 2996 499 3052 simul
552 3002 967 3070 quaerentibus,
1019 3004 1173 3069 sieo
1222 3023 1368 3062 anno
1423 3011 1719 3067 restiturus
1763 3025 1910 3069 esset

339 3103 571 3158 regnum
611 3088 822 3156 lsraeli,
864 3095 1150 3165 respondit
1176 3097 1460 3154 lenissime
1487 3115 1726 3171 arguens
1751 3121 1765 3155 :
1791 3103 1911 3158 Non

335 3190 411 3235 est
433 3190 667 3236 vestrum
693 3199 1003 3254 cognoscere
1055 3196 1292 3256 tempora
1323 3190 1405 3243 uel
1437 3202 1724 3245 momenta.
1758 3193 1913 3249 Nune
1940 3190 1985 3213 “

337 3281 521 3327 autem
551 3288 661 3327 non
712 3275 890 3344 arguit
923 3277 1100 3332 solum
1134 3294 1257 3332 cum
1294 3279 1675 3336 vehementius
1715 3282 1917 3337 intule-

336 3365 429 3429 rit,
465 3368 591 3436 quid
633 3368 703 3422 ad
734 3368 829 3422 te?
861 3385 1055 3424 verum
1082 3371 1246 3425 etiam
1281 3372 1349 3428 ad
1385 3372 1547 3428 finem
1579 3390 1751 3444 usque
1790 3376 1917 3430 vita:

337 3459 502 3531 hujus
546 3462 825 3516 victurum
868 3464 1147 3520 Joannem
1190 3468 1428 3522 asseruit
1477 3467 1669 3523 dicens
1716 3485 1731 3523 :
1776 3467 1918 3525 Volo

335 3568 464 3607 cum
509 3570 730 3610 manere
766 3554 944 3611 donec
1001 3559 1240 3613 veniam.
1293 3558 1372 3613 lta
1420 3569 1476 3615 et
1540 3560 1914 3617 conditionem

339 3646 462 3700 vita:
504 3645 733 3702 Joannis
764 3648 985 3717 aperuit
1014 3659 1071 3704 et
1114 3650 1499 3707 curiositatem
1548 3652 1693 3707 Petri
1726 3652 1917 3709 redar-

336 3738 477 3805 gu’t.
518 3739 698 3793 Exivit
730 3748 908 3795 uittam
960 3757 1133 3797 sermo
1170 3744 1270 3798 istc
1316 3744 1373 3798 in
1431 3728 1716 3816 discipulos
1776 3745 1918 3816 quod

338 3831 638 3902 discipuius
667 3833 759 3887 ille
792 3850 902 3888 non
931 3836 1179 3892 moritur.
1221 3836 1406 3893 Exivit
1437 3854 1618 3894 sermo
1648 3839 1716 3894 ad
1750 3839 1919 3896 disci-

340 3924 520 3993 pulos.
559 3925 602 3979 A
648 3941 760 3995 quo
809 3926 1017 3982 exivit?
1060 3943 1159 3997 per
1214 3944 1377 3997 quem
1413 3930 1714 4000 dissipatus
1771 3931 1916 3988 fuit?

339 4018 464 4085 quis
491 4017 778 4088 discipulis
807 4019 1072 4076 omnibus
1111 4022 1467 4090 praedicavit?
1491 4019 1606 4078 Duo
1650 4032 1798 4079 certe
1824 4040 1915 4080 so-

340 4108 454 4162 lum
488 4111 979 4166 sermonem.hunc
1005 4111 1225 4167 Domini
1256 4113 1594 4177 audierunt,
1641 4115 1838 4170 Petrus
1861 4125 1917 4170 et

336 4194 599 4268 Joannes,
628 4201 845 4257 caeteris
876 4202 1173 4257 Dominum
1205 4218 1268 4257 ea
1310 4203 1625 4273 replicasse,
1657 4220 1780 4274 qua:
1817 4206 1916 4260 Pc-

340 4305 460 4351 trus
488 4305 544 4352 et
582 4295 823 4352 Joannes
852 4298 1121 4353 secretius
1160 4306 1509 4369 acceperant,
1547 4298 1771 4354 minimc
1796 4315 1918 4355 cre~

340 4388 582 4443 dendqu
628 4399 735 4443 est.
784 4388 1028 4445 Joannes
1059 4398 1241 4445 autem
1271 4428 1288 4455 ,
1340 4397 1399 4444 et
1450 4389 1765 4460 virginitate
1801 4400 1916 4444 tum

2017 510 2123 566 hac
2153 510 2263 565 vita
2296 511 2547 567 ultimam
2596 511 2830 582 apostoli
2881 499 3275 582 pervenerunt,
3308 520 3489 569 tamen
3527 529 3594 570 eo

2017 601 2128 668 die,
2157 618 2271 672 quo
2304 602 2421 658 haec
2447 611 2568 659 acta
2615 602 2846 658 fuerunt
2875 603 3051 659 multo
3079 600 3438 660 sublimiores
3475 621 3598 659 om-

2018 695 2185 751 nibus
2226 695 2649 752 successoribus
2701 694 2821 751 suis
2870 694 3064 753 fuisse.
3125 697 3291 754 Fides
3339 697 3489 753 enim
3538 698 3592 752 in

2015 782 2296 844 Christum
2332 788 2663 844 cruciﬁxum
2695 796 2754 862 et
2781 803 2813 843 e
2843 789 3082 845 mortuis
3107 790 3458 855 suscitatum,
3493 805 3594 846 sua

2015 880 2193 950 gratia
2220 891 2278 936 et
2310 880 2565 939 doctrina
2598 879 2904 938 Salvatoris
2932 880 3258 936 confirmata
3284 882 3589 953 plurimum

2015 988 2114 1030 eos
2140 973 2395 1030 elevabat
2429 974 2483 1029 in
2515 973 2657 1031 dies.
2692 972 2821 1028 Fuit
2850 982 3035 1028 autem
3061 972 3186 1029 dies
3211 974 3325 1037 ille,
3351 990 3465 1045 quo
3489 975 3598 1029 Do~

2018 1065 2204 1120 minus
2242 1065 2357 1121 haec
2384 1066 2619 1135 peregit,
2660 1064 2863 1121 tertius
2885 1065 3253 1136 apparitionis
3293 1081 3406 1120 sua:
3458 1066 3594 1121 Nam

2015 1158 2118 1213 etsi
2144 1159 2344 1228 sa'pius
2375 1172 2435 1214 se
2468 1165 2576 1212 tam
2613 1158 2947 1214 mulieribus
2985 1173 3149 1228 quam
3180 1158 3319 1214 viris
3361 1158 3596 1213 mmihi:

2016 1248 2205 1318 stavit,
2237 1259 2294 1306 et
2319 1248 2483 1305 aliter
2510 1249 2639 1305 aliis
2678 1249 2844 1305 modo
2872 1250 3147 1320 pluribus,
3178 1251 3340 1306 modo
3374 1251 3597 1320 paucio-

2015 1343 2194 1409 ribus,
2236 1352 2418 1398 tameu
2452 1342 2621 1398 tertio
2652 1341 2896 1399 dicimus
2927 1341 3020 1398 die
3051 1357 3202 1398 nunc
3248 1343 3595 1413 apparuisse,

2013 1436 2274 1507 quoniam
2311 1436 2491 1491 tribus
2545 1436 2789 1493 maxime
2821 1436 3020 1492 diebus
3050 1436 3336 1507 apertius,
3370 1452 3598 1508 expres-

2014 1530 2158 1595 sius,
2190 1528 2585 1585 miraculosius
2610 1529 2872 1600 apparuit
2905 1529 3143 1601 primum
3174 1531 3230 1585 in
3265 1530 3389 1601 ipso
3414 1546 3600 1587 resuro

2014 1621 2276 1678 rectionis
2304 1621 2667 1692 d-ie,_deinde
2719 1622 2777 1677 in
2830 1631 3029 1679 octavo
3064 1637 3098 1677 a
3142 1624 3593 1686 resurrectione;

2020 1714 2270 1779 tertium,
2298 1714 2524 1784 quando
2566 1715 2797 1770 Petrum
2834 1715 3082 1785 praefecit
3110 1714 3403 1779 Ecclesite,
3435 1730 3501 1772 ac
3530 1716 3597 1771 de

1944 1787 1981 1840 δ
2012 1807 2246 1864 Joannis
2266 1817 2446 1863 morte
2477 1808 2881 1878 pronuntiavit,
2909 1808 3023 1863 duo
3055 1817 3402 1864 sacramenta
3432 1808 3599 1863 disci-

2016 1903 2159 1974 pulis
2191 1904 2566 1973 patefaciens;
2607 1902 2703 1958 sed
2747 1903 2893 1973 quod
2926 1901 3200 1972 sequitur,
3249 1902 3432 1957 forsan
3485 1902 3595 1956 alio

2015 1995 2297 2053 trahitur?
2326 1994 2706 2066 Nequaquam.
2729 1994 2874 2062 Quid
2894 1994 3047 2050 enim
3078 1993 3368 2064 sequitur?
3397 1993 3462 2047 Et
3492 2008 3596 2046 non

2015 2088 2147 2142 dixit
2181 2088 2228 2140 ei
2255 2085 2435 2152 .Icsus,
2469 2086 2621 2153 Quod
2652 2104 2759 2144 non
2794 2088 3045 2154 moritur,
3080 2086 3195 2151 sed,
3227 2084 3314 2141 Sic
3337 2101 3455 2139 cum
3480 2085 3597 2139 volo

2015 2194 2251 2245 manere,
2277 2181 2450 2234 donec
2478 2181 2711 2248 ueniam,
2745 2181 2875 2249 quid
2898 2179 2969 2234 ad
3000 2189 3049 2233 ιε
3070 2182 3096 2236 Ρ
3142 2178 3367 2233 Putabit
3399 2177 3600 2247 aliquis

2016 2272 2181 2337 forte,
2204 2273 2503 2341 perspicuo
2534 2270 2625 2325 hic
2652 2270 3049 2341 evangelistam
3082 2269 3192 2323 illis
3218 2269 3598 2323 contradicere

2017 2363 2111 2433 qui
2159 2363 2505 2418 arbitrentur
2538 2376 2647 2417 non
2699 2361 3033 2416 moriturum
3082 2359 3264 2426 ipsum
3323 2373 3498 2427 usque
3529 2360 3596 2412 ad

2019 2454 2182 2509 finem
2211 2455 2395 2511 saeculi
2427 2454 2614 2525 hujus,
2646 2469 2774 2508 cum
2810 2453 3017 2509 scribat
3051 2467 3065 2505 :
3096 2451 3215 2505 Non
3248 2451 3382 2504 dixit
3421 2451 3469 2503 ei
3505 2450 3591 2502 Je-

2015 2563 2104 2602 sua
2133 2546 2274 2618 quod
2321 2562 2425 2601 non
2456 2536 2705 2611 moritur,
2751 2560 2925 2615 usque
2965 2546 3032 2600 ad
3074 2553 3318 2600 extrema
3352 2552 3596 2607 tempora

2017 2641 2233 2696 scilicet
2259 2640 2361 2712 (sic
2391 2641 2539 2695 enim
2582 2638 2950 2710 supplendum
2988 2652 3211 2708 semper
3246 2637 3375 2708 est),
3416 2636 3596 2690 excla-

2019 2732 2303 2802 mabitque
2343 2732 2413 2788 ab
2451 2747 2520 2787 eo
2562 2732 2686 2802 ipso
2726 2732 3079 2803 explanatum
3113 2717 3430 2786 esse‘vobis
3449 2729 3630 2798 quod,

2018 2824 2320 2895 quieritur,
2345 2833 2508 2895 atque
2535 2833 2747 2880 mutare
2790 2840 2900 2880 non
2943 2834 3233 2895 oportere.
3261 2826 3375 2895 Ego
3414 2834 3594 2878 autem

2020 2933 2121 2989 pro
2163 2919 2430 2974 modestia
2471 2934 2685 2975 summa
2726 2928 2782 2973 et
2843 2919 3095 2991 virginali
3139 2918 3451 2973 humilitate
3488 2932 3597 2993 qua

2019 3011 2250 3081 gloriam
2291 3011 2589 3082 humanam
2650 3010 2898 3067 Joannes
2932 3008 3160 3067 omnino
3200 3010 3476 3073 calcavit,
3518 3009 3593 3066 ita

2018 3117 2145 3156 eum
2195 3101 2490 3172 scripsisse
2527 3101 2856 3158 crediderim
2893 3111 2953 3157 ut
3000 3112 3059 3160 et
3086 3103 3375 3158 veritatem
3423 3101 3596 3179 digito

2019 3193 2367 3257 monstrarit,
2391 3201 2448 3248 et
2484 3193 2702 3248 inanem
2743 3193 2911 3265 hujus
2951 3194 3134 3248 saeculi
3169 3192 3401 3264 gloriam
3436 3192 3597 3263 abjc-

2016 3288 2173 3340 cerit.
2200 3285 2317 3340 Non
2342 3287 2488 3339 enim
2509 3295 2671 3353 negat
2703 3300 2841 3348 rem,
2865 3284 2959 3340 sed
2980 3299 3297 3340 sermonem
3328 3293 3385 3338 et
3406 3283 3593 3338 verba.

2020 3380 2400 3451 Subjiciantur
2430 3379 2613 3435 oculis
2644 3378 2851 3434 omnia.
2904 3377 3044 3445 Quid
3094 3379 3256 3435 Jesus
3288 3376 3464 3432 dixit?
3504 3376 3597 3431 Sic

2019 3490 2139 3527 eum
2170 3473 2288 3528 volo
2330 3489 2547 3528 manere
2591 3474 2758 3527 donec
2786 3473 3020 3536 veniam,
3068 3468 3398 3529 afﬁrmando
3431 3469 3593 3524 Ji-sus

2020 3566 2183 3634 dixit,
2220 3575 2278 3623 ct
2323 3568 2615 3638 quisquam
2654 3562 3079 3636 ncgabit?Quid
3128 3561 3429 3633 discipuli?
3456 3576 3595 3632 quo-
3652 3606 3660 3611 .

2019 3660 2184 3715 modo
2216 3660 2267 3714 id
2308 3674 2435 3716 cum
2473 3658 2681 3716 exisset
2714 3658 2768 3712 in
2820 3656 3101 3728 publicum
3130 3692 3144 3718 ,
3179 3652 3595 3714 intellexerunt,

2018 3750 2167 3823 quod
2200 3750 2442 3807 Joannes
2478 3764 2591 3804 non
2626 3748 2899 3803 moritur?
2937 3746 3124 3802 Teneo
3168 3741 3595 3798 aftirmatiouem

2019 3842 2238 3899 Domini
2272 3851 2328 3897 ct
2378 3842 2753 3910 apostolorum
2800 3837 3135 3894 sententiam
3169 3833 3419 3890 omnium
3449 3833 3598 3902 quod
3674 3887 3682 3893 ,

2019 3951 2129 3989 non
2162 3934 2421 3988 moritur.
2467 3931 2609 3998 Quid
2649 3940 2849 4000 postea,
2869 3927 3153 3985 Joannes?
3201 3942 3311 3981 non
3346 3934 3457 3979 tam
3493 3924 3601 3977 vir-

2020 4028 2188 4099 ginali
2214 4025 2487 4083 modestia
2512 4023 2942 4103 humilitathue
2973 4020 3239 4090 praeditus
3265 4033 3428 4089 quam
3457 4017 3602 4070 veri-

2022 4121 2151 4177 tatis
2201 4119 2430 4181 amicus,
2492 4115 2623 4187 quid
2669 4115 2784 4168 ait?
2828 4111 2932 4169 Sed
2990 4128 3096 4185 non
3139 4112 3271 4165 dixit
3329 4110 3378 4163 ei
3425 4108 3601 4170 Jecur,

2020 4214 2160 4286 quod
2192 4229 2293 4268 non
2328 4212 2581 4266 moritur.
2616 4209 2736 4265 Non
2767 4207 2913 4263 enim
2970 4205 3079 4259 hoc
3104 4203 3336 4258 verbum
3371 4199 3599 4270 protulit

2020 4308 2204 4376 Jcsus,
2244 4306 2343 4362 sed
2384 4306 2509 4360 aliis
2537 4303 2728 4360 verbis
2760 4316 2893 4356 usus
2922 4308 3028 4355 est.
3082 4295 3333 4365 Quibus?
3366 4294 3455 4350 Sic
3484 4310 3603 4348 eum

2021 4400 2138 4455 uolo
2166 4414 2387 4454 manere
2416 4398 2579 4451 donec
2604 4396 2839 4463 veniam.
2872 4388 3286 4453 Animadverto,
3311 4384 3601 4457 quodnon

339 4480 591 4550 c0rp0ris
626 4490 739 4535 tum
777 4481 1008 4550 Spiritus
1034 4481 1284 4550 apprime
1315 4482 1581 4550 prmditus
1608 4491 1662 4536 et
1699 4483 1913 4537 caneris
1940 4494 1995 4554 Ῑ)
2024 4491 2177 4546 sicut
2220 4489 2460 4545 Joannes
2493 4487 2566 4543 ibi
2596 4526 2613 4552 ,
2664 4483 2789 4539 Non
2842 4484 2974 4553 dixit
3010 4482 3057 4535 ci
3109 4479 3265 4534 Jesus
3318 4474 3458 4553 quod
3501 4490 3605 4528 non

340 4572 640 4626 virtutibus
667 4587 941 4638 summus,
974 4574 1123 4641 quod
1156 4582 1212 4627 et
1242 4572 1542 4631 dilectione
1602 4573 1814 4628 Domini
1855 4581 1914 4628 et

340 4664 825 4718 commendatione
853 4664 1046 4719 Matris
1073 4665 1191 4735 ejus
1217 4665 1538 4735 percipitur,
1567 4680 1911 4737 nequaquam

341 4758 397 4813 id
422 4758 573 4826 quod
613 4757 681 4812 ad
706 4757 936 4828 gloriam
968 4772 1125 4812 suam
1167 4758 1443 4828 pertinere
1476 4758 1720 4821 videbat,
1752 4758 1917 4813 sociis

340 4849 500 4919 quasi
547 4848 917 4920 jactabundus
968 4850 1337 4919 praedicasset.
1389 4849 1743 4920 Relinquitur
1770 4864 1916 4923 ergo

343 4958 375 4996 a
403 4942 567 4997 Petro
595 4943 865 4998 fratribus
892 4952 1147 4998 enarrata
1187 4944 1356 4999 fuisse
1386 4961 1508 5014 qua:
1547 4945 1813 4999 Dominus
1852 4948 1917 4999 de
1952 5011 1956 5014 h

343 5034 557 5090 Joanne
598 5034 759 5089 dixit.
794 5034 1022 5089 Petrum
1063 5049 1246 5101 autem
1300 5035 1462 5088 aliter
1499 5035 1703 5089 dixisse
1753 5049 1916 5104 quam

345 5125 598 5181 audierat
625 5125 782 5180 nefas
803 5135 886 5181 est
909 5125 1085 5181 dictu.
1109 5125 1252 5193 Quid
1276 5141 1407 5197 ergo
1440 5128 1629 5182 retulit
1654 5127 1921 5182 fratribus

350 5216 586 5273 Petrus?
617 5218 776 5284 Quod
812 5218 1074 5273 Dominus
1108 5219 1176 5273 de
1216 5212 1427 5275 Joanne
1459 5220 1635 5275 dixit:
1674 5219 1765 5275 Sic
1803 5236 1923 5273 cum

350 5310 467 5365 uolo
496 5326 710 5364 manere
744 5310 909 5364 donec
948 5310 1181 5366 veniant.
1216 5311 1272 5365 ιιι
1318 5326 1348 5364 a
1389 5312 1582 5375 Petro,
1624 5328 1654 5366 a
1709 5313 1926 5368 ert-teris

353 5404 617 5460 munibus
641 5404 837 5460 eodem
873 5402 1211 5458 intellectum
1241 5405 1405 5459 modo
1429 5405 1553 5473 fuit,
1578 5408 1724 5476 quod
1753 5407 1921 5462 disci-

355 5497 520 5565 pulus
558 5496 648 5551 ille
690 5510 797 5550 non
831 5494 1084 5549 moritur.
1125 5495 1308 5561 Quare
1342 5498 1458 5566 ipse
1496 5513 1717 5568 quoque
1747 5501 1923 5555 deliu-

355 5605 526 5659 quere
560 5588 691 5644 mihi
726 5588 962 5646 viderer.
988 5588 1034 5643 si
1070 5605 1177 5643 non
1206 5592 1278 5642 ita
1303 5590 1450 5645 hunc
1481 5591 1691 5645 Domini
1725 5610 1932 5648 sermo-

360 5697 485 5736 nem
538 5695 816 5750 caperem,
860 5678 1004 5734 sicut
1066 5695 1260 5735 omnes
1294 5681 1547 5751 disaipuli
1592 5694 1722 5739 tunc
1771 5687 1931 5740 intel-

363 5777 634 5832 luxerunt.
671 5770 849 5828 Facile
894 5787 1134 5844 namque
1172 5774 1526 5847 crediderim,
1560 5778 1812 5847 quamvis
1843 5779 1930 5835 die

2026 4583 2293 4645 moritur;
2325 4580 2570 4635 stetisset
2602 4589 2786 4633 autem
2838 4576 2883 4630 si
2919 4590 3033 4630 rem
3077 4573 3249 4642 ipsum
3280 4582 3484 4640 negare
3506 4583 3605 4619 vo-

2026 4674 2248 4729 luisset.
2278 4670 2385 4729 Sed
2418 4669 2653 4736 addidit,
2700 4667 2828 4730 Sed,
2868 4662 3256 4736 supple,'di:rit
3307 4678 3325 4715 :
3367 4659 3452 4714 Sic
3488 4673 3609 4712 eum

2026 4766 2146 4823 volo
2192 4783 2407 4821 manere
2439 4808 2455 4832 ,
2517 4764 2683 4818 donec
2732 4763 2961 4816 veniam.
2993 4755 3278 4820 Sermonis
3333 4753 3502 4824 igitur
3555 4759 3612 4802 et

2030 4862 2327 4917 verborum
2357 4859 2711 4914 collationem
2763 4855 2920 4917 facit,
2954 4868 3064 4907 non
3115 4864 3325 4915 rerum.
3372 4845 3507 4901 Nam
3565 4843 3610 4896 si

2033 4969 2220 5008 rerum
2268 4951 2446 5007 faccre
2492 4949 2848 5005 collationem
2884 4943 3187 5009 voluisset,
3241 4937 3376 4993 illud
3433 4935 3612 4990 solum

2030 5047 2347 5116 scripsisset
2382 5060 2396 5097 :
2428 5042 2551 5098 Non
2582 5042 2721 5096 dixit
2750 5040 2801 5095 ei
2841 5037 2989 5107 quod
3035 5051 3145 5089 non
3185 5031 3459 5094 moritur;
3508 5026 3617 5082 hoc

2036 5139 2185 5193 enim
2229 5137 2302 5191 ita
2347 5136 2605 5197 dictum,
2658 5131 2844 5188 statim
2888 5128 3129 5185 ostendit
3159 5124 3305 5196 quod
3360 5122 3616 5177 moritur.

2038 5229 2168 5293 Sed,
2205 5226 2321 5282 Non
2345 5228 2479 5279 dixit
2504 5224 2641 5295 quod
2672 5240 2777 5277 nou
2809 5223 3056 5285 moritur,
3094 5217 3298 5287 inquit,
3327 5214 3421 5269 sed
3450 5210 3615 5273 dixit,

2039 5320 2125 5376 Sic
2149 5336 2266 5373 cum
2294 5317 2409 5372 volo
2440 5332 2655 5371 manere
2675 5320 2837 5368 donec
2858 5312 3089 5376 veniam,
3114 5309 3243 5381 quid
3267 5308 3337 5362 ad
3363 5315 3411 5360 te
3432 5306 3458 5360 ?
3488 5305 3619 5360 Per-

2038 5415 2291 5483 spicuum
2339 5425 2472 5474 ergo
2502 5415 2623 5472 est,
2672 5404 2971 5461 verborum
3019 5403 3199 5483 ipsum
3256 5398 3613 5455 collationem

2042 5504 2245 5567 facere,
2275 5517 2385 5556 non
2417 5514 2632 5560 rerum,
2673 5497 2928 5569 quamvis
2972 5506 3030 5552 et
3058 5509 3244 5551 rerum
3286 5493 3473 5561 dicere
3508 5507 3618 5546 non

2045 5596 2264 5667 dubito.
2297 5593 2450 5649 Alter
2480 5592 2631 5647 enim
2668 5606 2851 5646 sermo
2895 5601 3130 5645 mortem
3168 5588 3396 5643 omnino
3434 5597 3619 5657 negat,

2046 5686 2193 5758 quod
2229 5685 2490 5756 quoniam
2522 5682 2720 5737 falsum
2751 5689 2837 5736 est
2869 5696 2978 5735 non
3016 5679 3175 5742 dixit,
3195 5679 3314 5734 Non
3339 5679 3577 5735 moritur
3607 5693 3623 5745 ;

2047 5780 2204 5845 alter,
2238 5774 2459 5849 quando
2489 5773 2796 5831 moriturus
2819 5783 2923 5842 est,
2947 5773 3224 5841 ostendit;
3263 5772 3447 5827 Donec
3478 5774 3623 5825 cnim
