3902 6208
282 286 289 293 ”
361 317 468 382 875

1550 307 1869 372 ououou
1913 302 2438 368 'ruApEzuurtI
3473 307 3555 371 ετες

361 432 580 488 veniam
611 427 836 498 (inquit)
864 427 992 482 volo
1021 425 1202 496 ipsum
1235 425 1316 480 sic
1349 439 1594 487 munere,
1649 433 1817 490 atque
1852 426 1934 474 vi-
1971 423 2016 478 Α
2045 434 2171 474 vere
2229 429 2286 473 et
2337 417 2595 486 deripere
2629 414 2866 476 scilicet.
2906 427 2968 470 ac
2998 413 3056 468 in
3101 427 3338 469 errorem
3377 413 3557 470 demunt

363 540 495 580 vere
533 523 769 580 scilicet.
806 523 954 588 Quas
986 521 1058 575 ob
1091 535 1180 574 res
1209 519 1270 577 si.
1287 519 1412 588 quis
1443 518 1740 586 diligenter
1761 517 1937 570 Evan-

359 617 488 686 gelii
523 615 694 670 verba
731 616 1032 679 examinet,
1054 622 1109 666 et
1136 611 1404 666 assertive
1433 610 1641 664 dictum
1674 624 1828 670 esse,
1852 605 1939 660 Sic

360 729 479 765 eum
517 709 632 765 colo
664 724 881 764 manere
931 710 1096 760 donec
1148 706 1391 767 veniam,
1430 702 1753 774 perpendat,
1790 700 1936 771 quod

362 807 569 858 frustra
595 811 690 856 aut
723 791 1002 870 superflue
1042 799 1251 853 dictum
1288 807 1477 867 putare
1507 796 1660 850 nefas
1685 803 1771 850 est
1798 811 1810 846 :
1849 794 1937 848 vi.

363 898 592 949 deretur
619 905 802 948 autem
831 907 953 948 esse
982 891 1345 960 superfluum,
1397 890 1442 945 si
1491 891 1556 944 ad
1591 889 1935 960 singulorum

361 989 571 1042 cxitutn
619 986 916 1040 adventum
983 984 1201 1039 Domini
1243 983 1494 1047 referas;
1561 982 1605 1036 si
1677 981 1936 1052 praedicta

363 1097 556 1136 omnes
606 1080 770 1134 simul
815 1078 1073 1147 discipuli
1117 1093 1215 1148 per
1271 1077 1360 1131 illa
1415 1076 1586 1132 verba
1625 1091 1732 1129 non
1794 1073 1935 1127 ntori

361 1173 626 1226 Joannem
651 1185 825 1241 usque
856 1171 922 1224 ad
952 1185 1198 1226 extrema
1231 1182 1478 1238 tempora
1511 1168 1936 1233 intellexerunt;

360 1264 404 1318 si
452 1263 685 1330 denique
729 1261 969 1316 Joannes
1015 1261 1136 1330 ipse
1191 1276 1302 1314 non
1356 1274 1564 1322 rerum,
1611 1259 1706 1311 sed
1743 1258 1937 1311 verbo-

361 1369 483 1408 rum
511 1365 566 1408 et
588 1353 864 1408 sermonis
894 1353 1025 1407 facit
1045 1353 1418 1416 collationem,
1445 1351 1554 1414 vel,
1578 1351 1724 1420 quod
1753 1350 1940 1404 verius

361 1455 467 1511 est,
499 1446 666 1501 etiam
701 1459 921 1499 rerum:
973 1445 1098 1515 quis
1135 1444 1433 1507 dubitabit,
1471 1443 1648 1514 ipsqu
1683 1441 1937 1496 Tonitrui

364 1535 561 1598 filium,
591 1551 756 1604 quem
792 1536 1057 1591 Dominus
1092 1536 1330 1590 maxime
1362 1536 1610 1589 omnium
1639 1533 1940 1604 discipulo-

363 1644 488 1680 rum
540 1628 772 1693 dilexit,
819 1628 907 1682 cui
951 1629 1178 1684 Matrem
1225 1628 1470 1683 moriens
1521 1629 1577 1682 in
1612 1641 1779 1682 cruce
1837 1627 1937 1680 soli

358 1720 794 1783 commendavit,
838 1721 1018 1775 adhuc
1058 1721 1267 1783 vivere,
1299 1722 1687 1790 victurumque
1723 1719 1824 1774 .vel
1870 1719 1936 1772 ad

366 1821 612 1866 extrema
669 1813 856 1867 saeculi
913 1812 1120 1881 hujus?
1157 1813 1239 1867 vel
1301 1813 1446 1867 sicut
1498 1813 1587 1866 ille
1647 1812 1741 1882 qui
1781 1813 1942 1882 longe

368 1913 495 1956 ante
524 1902 663 1957 alios
699 1903 878 1970 ipsum
914 1901 1125 1967 dilexit,
1170 1903 1468 1967 ordinavit,
1506 1904 1768 1967 instituit,
1801 1919 1942 1973 prte-

370 1993 688 2049 destinavit.
711 1995 912 2048 Verum
942 2004 1214 2064 quantum
1248 1995 1341 2050 hic
1365 1995 1649 2066 Evangelii
1681 1996 1836 2051 locus
1875 1997 1942 2049 ad

368 2083 512 2137 hanc
540 2098 653 2138 rem
689 2084 960 2152 conferat,
993 2101 1064 2140 ne
1093 2086 1324 2140 nimium
1369 2095 1587 2142 crescat
1619 2101 1674 2143 et
1720 2087 1942 2143 modum

370 2174 602 2229 excedat
667 2176 883 2242 oratio,
923 2177 1057 2232 satis
1087 2177 1200 2248 jam
1259 2178 1353 2234 sit.
1397 2179 1555 2234 Nunc
1616 2179 1946 2235 ratiunculis

369 2281 592 2336 quoque
624 2269 926 2334 nonnullis,
957 2268 1199 2338 idipsum
1229 2268 1490 2324 affirtnari
1538 2271 1868 2341 aperiamus.

439 2358 682 2412 Primum
736 2357 903 2426 igitur
943 2357 1217 2423 dicimus,
1255 2357 1551 2427 diligenter
1595 2361 1652 2412 in
1687 2359 1944 2413 omnibus

369 2445 674 2514 Scripturis
706 2446 993 2500 canonicis
1022 2447 1306 2502 observari
1343 2457 1632 2518 Oportere,
1674 2449 1819 2519 quod
1855 2448 1944 2502 ni-

372 2539 450 2592 hil
502 2537 728 2600 frustra,
779 2537 916 2592 nihil
978 2539 1275 2609 superflue,
1323 2540 1462 2596 nihil
1518 2541 1636 2596 sine
1677 2557 1842 2596 causa
1887 2540 1944 2595 in

371 2631 507 2699 ipsis
547 2631 818 2700 scriptum
855 2640 960 2685 est.
1011 2630 1220 2700 Spiritu
1281 2633 1426 2687 enim
1468 2641 1663 2687 sancto
1701 2633 1944 2687 dictante

371 2734 564 2775 omnes
593 2721 813 2788 scriptae
837 2728 990 2780 sunt,
1029 2719 1270 2786 Spiritus
1319 2737 1450 2773 vero
1500 2730 1724 2774 sanctus
1755 2719 1941 2774 omnia

371 2812 498 2878 scit,
543 2812 730 2865 omnia
763 2811 1028 2880 praevidet
1053 2852 1065 2875 ,
1099 2812 1282 2866 omnia
1325 2811 1567 2866 breviter
1595 2821 1649 2866 et
1683 2821 1742 2865 ut
1783 2827 1947 2880 opor-

279 2925 287 2932 -
374 2912 451 2957 tet
482 2912 538 2958 et
571 2913 834 2974 quantum
866 2912 1083 2972 Oportet
1113 2915 1170 2958 et
1210 2905 1350 2958 sicut
1382 2913 1640 2974 Oportet,
1681 2904 1944 2973 disponit,

373 2995 609 3062 dictitat,
651 2997 782 3053 edit.
823 2997 944 3052 Non
985 3005 1229 3067 estergo
1269 2996 1568 3066 quidquam
1610 2997 1663 3051 in
1700 2997 1950 3065 Evange-

2014 512 2016 514 ’
2051 511 2366 576 intrudere;
2399 511 2594 566 deinde
2649 508 2885 565 infertur
2923 523 2937 560 :
2972 506 3083 577 Ego
3116 514 3290 558 autem
3334 508 3463 560 oravi
3487 524 3561 572 pro

2051 615 2121 669 te,
2167 621 2232 658 ne
2282 603 2492 670 deﬁciat
2533 603 2664 671 ﬁdes
2707 611 2839 666 tua;
2891 607 2950 651 tu
2985 615 3107 653 vero
3163 599 3433 667 aliquando
3469 615 3565 652 con-

2044 716 2221 753 versus
2275 699 2530 766 conﬁrma
2585 698 2778 767 fratres
2817 703 2931 748 tuos
2970 693 3011 748 ⁸.
3068 690 3173 748 Ubi
3220 692 3326 746 duo
3375 694 3566 746 maxima

2045 805 2231 862 aperte
2281 791 2667 861 exprimuntur
2710 788 2967 860 mysteria
3013 803 3029 841 :
3066 786 3299 856 primum
3331 785 3459 854 quod
3490 785 3568 838 Pe-

2047 884 2116 939 tri
2154 884 2326 939 solius
2373 894 2430 937 et
2475 897 2857 936 successorum
2917 894 3169 942 suorum,
3218 878 3268 931 id
3312 889 3390 930 est
3420 876 3568 930 Eccle-

2045 978 2140 1032 sia:
2175 977 2456 1041 Romanas,
2490 974 2650 1043 cujus
2680 974 2834 1028 urbis
2864 973 3131 1027 duntaxat
3152 972 3450 1040 cpisctipum
3468 983 3572 1023 con-

2046 1080 2155 1125 stat
2191 1069 2363 1124 fuisse
2404 1068 2626 1123 Petrum
2652 1109 2666 1132 ,
2721 1082 2828 1120 non
2881 1064 3102 1120 deficiet
3139 1063 3304 1125 fides;
3341 1063 3568 1126 alterum,

2045 1161 2192 1232 quod
2228 1170 2559 1215 caeterorum
2591 1157 2814 1213 deliciet
2865 1153 3183 1225 aliquando.
3215 1152 3384 1218 Quare
3409 1151 3568 1221 inquit.

2050 1254 2122 1305 Tu
2154 1249 2444 1321 aliquando
2471 1264 2773 1313 conversus,
2801 1247 3060 1315 conﬁrma
3105 1246 3295 1316 fratres
3328 1252 3451 1297 tuos.
3476 1243 3572 1296 Ali-

2047 1348 2264 1417 quando
2300 1355 2484 1400 autem
2513 1344 2654 1399 dixit
2680 1383 2696 1410 ,
2728 1348 2790 1398 ut
2821 1339 3166 1403 ostenderet,
3190 1337 3448 1392 neminem
3473 1351 3573 1407 apo-

2045 1438 2312 1494 stolorum
2343 1435 2586 1506 Spiritus
2625 1435 2805 1491 sancti
2839 1432 3232 1490 confirmatum
3261 1429 3420 1496 gratia
3452 1443 3574 1483 erra-

2047 1542 2255 1593 tttrum,
2283 1530 2378 1584 sed
2404 1542 2773 1593 successores,
2792 1527 2858 1581 ad
2880 1523 3352 1582 confirmationem
3379 1536 3574 1592 quorum

2047 1623 2260 1684 Petrus.
2296 1621 2402 1676 hoc
2447 1628 2530 1675 est
2555 1619 2730 1690 ipsius
2759 1632 3116 1673 successores
3143 1615 3376 1672 converti
3416 1613 3578 1684 juben-

2050 1723 2168 1778 tur;
2203 1713 2349 1783 quod
2381 1712 2563 1782 reipsa
2592 1709 2898 1781 perfectum
2931 1726 2949 1767 :
2982 1723 3133 1778 sa‘pe
3161 1721 3385 1774 namque
3403 1715 3578 1760 cetera

2049 1805 2200 1860 orbis
2257 1803 2514 1858 Ecclesia
2551 1819 2580 1857 a
2636 1803 2882 1855 Romana
2935 1799 3278 1854 confirmata:
3320 1806 3451 1861 sunt,
3483 1798 3576 1865 ipsa

2047 1898 2117 1951 ab
2141 1897 2264 1951 aliis
2283 1910 2588 1964 nunquam.
2615 1892 2722 1948 Sed
2754 1903 2998 1962 tempora
3027 1905 3256 1962 quoque
3284 1887 3578 1958 prtefeetunn

2047 1988 2193 2043 Petri
2231 1987 2656 2042 admirationem
2685 2026 2702 2049 ,
2737 1985 2780 2039 si
2815 1985 3251 2038 considerantur
3279 2021 3293 2044 ,
3324 1982 3575 2048 adaugent.

2047 2095 2097 2136 et
2127 2081 2286 2136 tidem
2330 2081 2408 2136 rei
2445 2080 2655 2134 faciunt
2687 2079 3016 2133 firmiorem.
3053 2076 3246 2131 Claves
3290 2073 3577 2144 promittun-

2051 2184 2162 2238 tur,
2191 2189 2314 2228 cum
2342 2174 2458 2243 ipse
2487 2181 2615 2226 ante
2652 2171 2788 2225 alios
2819 2169 3019 2224 Filium
3069 2167 3161 2222 Dei
3197 2167 3302 2220 vivi
3335 2164 3576 2218 confessus

2047 2277 2193 2322 esset
2222 2283 2240 2335 ;
2275 2266 2397 2320 fidei
2434 2281 2541 2320 non
2579 2264 2872 2318 defectum
2904 2263 3144 2333 gratiam
3177 2277 3206 2314 a
3248 2259 3576 2330 proficis-erute

2049 2357 2103 2412 in
2137 2371 2356 2412 crucem
2393 2356 2546 2425 quasi
2580 2363 2912 2408 testamento
2939 2353 3184 2422 accepit,
3223 2349 3573 2421 pascendarum

2049 2449 2232 2502 ovium
2261 2447 2587 2516 simpliciter
2621 2445 2894 2510 omnium,
2937 2453 3112 2513 atque
3146 2438 3400 2512 agnorum
3427 2448 3577 2492 aucto-

2050 2541 2296 2604 ritatem,
2347 2548 2472 2610 post
2521 2539 3035 2600 resurrectionem,
3086 2551 3276 2606 parum
3326 2543 3571 2602 antequam

2049 2631 2316 2687 Dominus
2343 2628 2599 2686 in'coelos
2641 2628 2984 2684 ascenderet.
3031 2628 3314 2693 Quorsum
3355 2622 3493 2677 hac?
3522 2619 3574 2674 Et

2051 2725 2408 2780 ostendamus
2433 2735 2665 2778 mortem
2695 2722 2918 2791 quidem
2960 2721 3114 2775 Petri
3147 2728 3202 2774 et
3233 2731 3394 2788 genus
3419 2714 3574 2770 mortis

2051 2816 2459 2887 pnediceudum
2507 2815 2702 2875 fuisse.
2737 2814 2967 2868 Joannis
3001 2821 3188 2866 autem
3234 2821 3466 2866 mortem.
3493 2804 3574 2858 nisi

2051 2908 2176 2978 quis
2212 2909 2268 2962 itt
2314 2907 2576 2961 extremis
2610 2907 2776 2976 hujus
2815 2905 3001 2959 strculi
3049 2904 3288 2958 futuram
3323 2917 3434 2955 eum
3477 2912 3576 2966 apo-

2053 3001 2212 3055 stolis
2258 3000 2559 3065 existimet,
2595 3015 2704 3052 non
2751 2998 2924 3052 fuisse
2958 2997 3332 3051 scribendam.
3365 2993 3436 3048 Ad
3473 2988 3574 3060 quid

367 3088 458 3142 liis
487 3087 699 3156 absque
727 3103 922 3159 magno
955 3087 1219 3157 mysterio
1263 3087 1497 3140 dictum.
1551 3084 1658 3139 Sed
1712 3085 1818 3138 nisi
1874 3078 2011 3175 eo'c
2051 3094 2198 3148 enim
2235 3093 2589 3157 moriturum,
2622 3106 2748 3144 cum
2784 3090 3050 3144 Dominus
3083 3090 3150 3144 ad
3179 3105 3300 3144 eum
3337 3082 3574 3140 vent‘ritin

369 3193 599 3247 prorsus
619 3188 778 3248 pacto
810 3178 1242 3233 intellexerimus
1272 3176 1530 3244 praedicta
1565 3175 1775 3230 Domini
1820 3191 1943 3231 ver-

372 3271 465 3337 ba,
503 3272 584 3326 sic
615 3286 808 3326 omnes
835 3271 1067 3340 apostoli
1101 3286 1162 3325 ac
1197 3270 1449 3341 discipuli
1483 3271 1575 3340 qui
1609 3279 1741 3324 tunc
1761 3278 1940 3334 erant,

373 3372 726 3430 acceperunt,
752 3360 955 3416 frustra
995 3371 1140 3416 totus
1175 3361 1264 3415 ille
1288 3365 1442 3415 locus
1471 3361 1540 3414 de
1567 3360 1778 3415 Joanne
1809 3375 1942 3413 con-

371 3454 614 3521 scriptus
661 3468 784 3508 esse
824 3451 1125 3507 videbitur.
1178 3449 1291 3505 Cur
1359 3450 1511 3505 enim
1583 3460 1940 3520 posteaquam

379 3546 712 3600 universalis
744 3543 1004 3600 Ecclesiae
1029 3543 1354 3612 praefectura
1383 3542 1546 3597 Petro
1577 3553 1630 3596 et
1655 3557 1942 3598 successo-

373 3637 529 3692 ribus
557 3638 752 3692 collata
788 3646 894 3696 est.
933 3646 990 3688 et
1025 3650 1173 3688 mors
1217 3636 1338 3704 ejus
1371 3634 1548 3701 qualis
1583 3636 1763 3687 futura
1797 3644 1944 3690 esset

371 3728 438 3782 ad
473 3737 722 3796 apertum
760 3726 828 3780 de
857 3722 1090 3780 Joannis
1120 3735 1296 3780 morte
1329 3725 1667 3780 disseritur?
1711 3725 1846 3780 Nam
1874 3726 1944 3780 de

370 3818 518 3873 Petri
569 3818 795 3885 quidem
852 3823 1028 3869 marte
1066 3815 1370 3884 praedicere
1413 3817 1601 3871 multis
1644 3818 1710 3872 de
1760 3819 1944 3873 causis

369 3902 640 3978 oportuit.
671 3907 787 3961 Non
819 3906 966 3960 enim
997 3906 1226 3960 tacenda
1260 3915 1390 3962 sunt
1439 3899 1804 3963 sacramenta.
1843 3909 1944 3963 Sa-

370 4007 714 4052 eramctttum
779 4004 961 4051 autem
1012 3996 1277 4066 quiddam
1331 4011 1455 4052 esse
1503 3999 1649 4069 quod
1705 4001 1945 4055 vicarius

371 4089 601 4156 Christi,
637 4087 896 4143 Ecclesiae
929 4103 1042 4142 suae
1077 4089 1404 4158 praepositus
1437 4097 1492 4144 et
1522 4090 1767 4160 pontifex
1791 4106 1942 4144 sum-

375 4200 502 4237 mus
548 4179 869 4236 immediate
904 4191 1028 4252 post
1076 4180 1354 4236 Christum
1405 4190 1462 4235 et
1515 4182 1725 4251 primus
1762 4183 1944 4237 crucis

373 4273 630 4328 similiter
653 4283 831 4328 morte
864 4271 1166 4326 moriturus
1189 4282 1335 4327 esset
1361 4287 1470 4325 non
1495 4280 1580 4326 est
1606 4273 1938 4343 negandum,

367 4362 673 4437 praesertim
734 4379 864 4420 cum
917 4363 1049 4417 huic
1093 4363 1438 4432 apertissime
1492 4363 1658 4417 vitam
1719 4379 1940 4433 quoque

2048 3184 2150 3238 bac
2192 3183 2506 3238 conditione
2544 3183 2847 3246 communi,
2888 3182 3273 3236 scriberetur?
3305 3180 3378 3234 Ad
3427 3192 3576 3244 reprc-

2046 3277 2367 3332 hensionem
2405 3277 2739 3331 curiositatis
2779 3277 2973 3330 Petri?
3015 3275 3090 3329 At
3119 3277 3280 3330 unico
3325 3273 3477 3326 verba
3513 3285 3576 3322 rc-

2051 3369 2363 3439 darguitur.
2393 3385 2461 3422 nc
2487 3380 2698 3437 qurerat
2731 3368 2932 3430 aliena,
2964 3376 3023 3420 ut
3069 3364 3417 3433 interroganti
3447 3363 3575 3416 Petro

2046 3463 2360 3518 satisfiuret.
2412 3465 2478 3515 At
2516 3462 2838 3528 increpalur
2867 3471 2922 3514 et.
2974 3459 3208 3528 quidem
3247 3457 3574 3511 vehementer.

2045 3555 2187 3620 Quid
2221 3554 2369 3607 enim
2403 3553 2586 3608 acrius
2613 3568 2773 3620 quam
2802 3561 3157 3620 qurerentetn
3215 3546 3438 3602 audire:
3466 3537 3575 3606 Quid

2045 3645 2116 3699 ad
2155 3645 2253 3698 te?
2310 3643 2422 3698 Cur
2482 3653 2665 3697 autem
2718 3641 3044 3695 afﬁrmando
3101 3639 3325 3701 intulit,
3364 3646 3572 3688 cominu-

2045 3752 2168 3791 nem
2227 3736 2368 3790 hanc
2411 3735 2762 3788 mortalitatis
2809 3743 3012 3786 nostra:
3087 3731 3443 3786 conditionem
3482 3737 3574 3775 om-

2045 3826 2211 3881 nibus
2239 3825 2526 3879 certiorem
2569 3833 2734 3891 atque
2789 3820 3170 3876 inevitabilem
3196 3859 3210 3883 ,
3271 3819 3369 3872 nisi
3399 3822 3574 3869 natura:

2047 3917 2221 3987 ipsius
2252 3916 2517 3972 Dominus
2548 3915 2709 3968 aliter
2749 3913 3045 3968 statuerit?
3093 3912 3425 3979 Quapropter
3449 3907 3486 3960 si
3512 3901 3574 3954 ni-

2044 4010 2120 4064 hil
2140 4011 2341 4064 frustra
2371 4018 2423 4064 et
2455 4008 2661 4078 absque
2689 4022 2850 4060 causa
2880 4005 3182 4074 Scriptura:
3215 4003 3478 4061 referunt,
3511 4005 3574 4048 to-

2045 4100 2157 4155 tius
2189 4108 2370 4153 autem
2399 4098 2505 4152 loci
2541 4111 2652 4166 quo
2679 4095 2748 4149 de
2777 4094 2987 4149 Joanne
3023 4093 3112 4148 hic
3142 4092 3398 4147 sei-ibitur
3419 4129 3430 4151 ,
3453 4084 3571 4139 nulla

2046 4202 2226 4261 potest
2254 4189 2490 4245 inveniri
2522 4203 2686 4242 causa
2716 4187 2821 4259 nisi
2859 4185 3004 4254 quod
3043 4185 3310 4238 Dominus
3345 4178 3494 4234 voluit
3519 4173 3570 4227 ad

2047 4291 2292 4336 extrema
2327 4291 2574 4349 tempora
2607 4279 2784 4348 ipsum
2813 4291 3172 4342 conservare,
3199 4262 3344 4346 patet
3367 4271 3570 4327 nondum

2046 4373 2314 4427 Joannem
2352 4380 2628 4424 mortuum
2665 4383 2808 4422 esse.

369 4453 626 4527 Magistri
655 4454 991 4526 sequendam
1023 4454 1270 4524 apprime
1318 4454 1549 4510 diceret.
1590 4455 1658 4509 Et
1688 4466 1834 4510 certe
1867 4456 1940 4510 si-
1966 4457 2022 4519 D
2119 4464 2224 4518 Sed
2254 4463 2522 4518 dubitabit
2551 4461 2686 4516 forte
2710 4457 3016 4527 aliquis:Si
3045 4457 3178 4512 nihil
3211 4455 3456 4524 scriptum
3481 4448 3572 4501 sine

371 4560 467 4603 cut
491 4563 612 4617 quae
639 4547 951 4602 necessaria
986 4555 1116 4602 sunt
1141 4548 1342 4616 saepius
1366 4547 1686 4617 repetenda,
1719 4549 1796 4603 sic
1821 4566 1944 4619 quze

372 4641 514 4697 nihil
565 4639 893 4705 conferunt,
935 4651 1097 4693 nemo
1145 4639 1376 4706 scribit,
1425 4639 1749 4709 praefectura
1796 4642 1943 4698 Petri

371 4733 534 4786 aliter
565 4745 709 4800 sape
734 4739 900 4800 atque
927 4729 1087 4784 aliter
1126 4731 1458 4800 exprimitur
1493 4749 1559 4788 ne
1600 4733 1725 4803 quis
1756 4734 1811 4789 in
1846 4752 1945 4806 po-

368 4833 581 4879 sterum
613 4822 814 4876 audeat
846 4821 1050 4877 mutire
1081 4823 1167 4878 vel
1196 4825 1381 4880 dicere
1402 4863 1416 4888 ,
1447 4825 1725 4883 Romanos
1763 4829 1946 4898 ponti-

339 4917 504 4971 ‘fices
530 4914 623 4984 qui
656 4914 818 4969 Petro
853 4926 1281 4983 successerunt,
1317 4914 1580 4972 Ecclesiae
1610 4919 1942 4976 universalis

371 5022 482 5062 non
531 5018 651 5061 esse
678 5015 946 5076 pastores.
975 5006 1245 5071 Quocirca
1277 5008 1459 5063 claves
1489 5011 1642 5080 regni
1673 5012 1941 5066 cmlorum

369 5100 420 5154 ei
455 5099 733 5171 praecipue
783 5100 1225 5165 committuntur,
1264 5107 1320 5154 et
1351 5115 1448 5171 per
1479 5101 1628 5157 hunc
1666 5101 1942 5174 Evangelii

370 5193 552 5246 locum
583 5205 744 5260 quem
777 5189 942 5244 modo
975 5190 1362 5256 tractavimus,
1389 5207 1522 5260 grex
1553 5208 1819 5264 agnorum
1859 5208 1944 5253 at-

372 5298 480 5351 que
504 5282 690 5336 ovium
720 5281 934 5335 Domini
963 5281 1042 5335 illi
1072 5282 1512 5350 commendatur,
1578 5296 1635 5339 et
1668 5297 1796 5341 ante
1821 5305 1944 5358 pas-

377 5376 588 5428 sionem
620 5372 686 5428 ad
716 5373 938 5427 Petrum
979 5387 1233 5428 sermone
1266 5387 1536 5430 CODVCI‘SO
1569 5387 1625 5431 ει
1655 5380 1721 5431 ad
1750 5395 1945 5436 omnes

377 5469 744 5525 communiter
775 5468 952 5538 primo
989 5467 1195 5523 dicitur
1221 5485 1238 5524 :
1264 5467 1419 5536 Ecce,
1463 5469 1668 5540 Simon,
1709 5471 1943 5528 Satanas

376 5568 623 5636 expetivit
654 5583 744 5623 vos
773 5562 1005 5619 cribrare
1047 5570 1199 5638 quasi
1238 5571 1467 5625 triticum
1505 5580 1666 5642 atque
1721 5572 1944 5628 convol~

451 5737 464 5766 ⁸
503 5735 635 5791 Luc.
675 5753 808 5803 xxn,
845 5739 934 5792 δι.

2051 4571 2214 4610 causa
2247 4566 2351 4619 est,
2391 4569 2566 4624 neque
2601 4553 2800 4607 factum
2849 4551 3021 4604 multo
3058 4549 3252 4620 magis.
3296 4563 3389 4602 cur
3417 4552 3572 4613 putau-

2051 4649 2312 4709 dum'est,
2349 4661 2454 4701 non
2479 4643 2904 4713 cessisse,adliuc
2937 4653 3147 4696 natura:
3171 4641 3444 4697 Joannem.
3472 4647 3569 4686 cum

2049 4741 2216 4794 etiam
2243 4737 2404 4809 b‘ujus
2436 4751 2599 4792 causa
2629 4750 2738 4789 non
2771 4733 3036 4788 afl‘eratur
3095 4732 3319 4792 certior,
3357 4737 3408 4782 et
3435 4723 3568 4778 multa

2053 4834 2164 4888 sint
2193 4832 2244 4886 in
2268 4829 2566 4898 Scripturis
2596 4842 2831 4898 quorum
2865 4840 3059 4880 causas
3090 4827 3397 4894 ignoremus
3417 4819 3436 4866 τ
3457 4812 3566 4868 ΜιιΙο

2055 4935 2234 4981 torum
2288 4925 2535 4993 ignorare
2603 4935 2701 4974 nos
2747 4933 2964 4981 causas,
3021 4929 3184 4969 nemo
3226 4911 3324 4966 ibit
3379 4905 3568 4960 inficias.

2053 5019 2231 5074 Causa
2264 5017 2409 5070 enim
2465 5014 2658 5067 mortis
2713 5011 2768 5064 in
2811 5010 3020 5065 Joanne
3062 5003 3390 5064 ditIerend:e,
3441 4997 3567 5066 plane

2053 5107 2284 5179 percipi,
2333 5105 2457 5174 quis
2517 5101 2717 5171 poterit
2772 5095 3085 5167 ambigere?
3130 5091 3370 5147 Profecto
3417 5094 3564 5179 uento.

2051 5169 2278 5254 Elamatv
2311 5169 2458 5252 enim
2499 5169 2798 5262 Scriptura,
2835 5187 3016 5242 Enoch
3048 5193 3103 5240 et
3147 5181 3347 5238 lleliam
3388 5174 3446 5228 ad
3484 5169 3566 5222 alia

2052 5293 2193 5358 loca,
2229 5291 2285 5344 in
2312 5289 2478 5344 vitam
2521 5286 2732 5342 scilicet
2763 5283 3062 5353 longiorem
3114 5273 3414 5332 translatos,
3441 5263 3566 5330 Cujus

2059 5380 2432 5439 translationis
2449 5394 2610 5433 causa
2639 5377 2816 5447 primo
2844 5373 3064 5442 quidem
3084 5363 3564 5447 ignorabatur,crv‘

2053 5437 2260 5531 debant
2287 5483 2494 5536 tamen,
2527 5437 2656 5539 quia
2679 5437 2936 5534 expresse
2972 5437 3142 5514 dicta.
3178 5455 3266 5508 Sic
3290 5437 3559 5544 accipienda

2055 5567 2211 5623 nobis
2234 5573 2382 5632 sunt,
2409 5571 2536 5618 utet
2563 5561 2791 5614 firmiter
2808 5555 3031 5610 credere
3055 5549 3360 5607 debeamus,
3383 5541 3557 5592 ctinmSI
