3902 6208
255 316 360 382 87¹ι

1041 318 1127 382 ΙΝ
1171 320 1426 392 lLLUD,
1473 336 1492 370 ι
1529 323 1886 405 SICVOLO
1929 323 2089 387 EUM
2135 328 2477 400 MANERE,
2511 343 2530 377 ν
2574 329 2732 390 ETC.

3409 335 3526 398 878'

255 427 462 484 nullam
501 442 718 485 causam
747 427 1054 496 videamus,
1088 439 1215 500 post
1241 433 1682 489 incarnationem
1704 435 1838 490 Ver—
1866 434 1912 493 A
1941 439 2053 506 lum
2085 439 2232 492 aliud
2270 439 2592 494 mandatum
2649 440 2898 496 exstabat
2958 439 3297 505 hominibus,
3348 458 3512 511 quam

255 520 338 586 bi,
364 519 530 592 hujus
555 536 775 592 quoque
806 523 909 589 rei,
941 522 1086 598 sicut
1131 523 1362 594 aliarum
1402 525 1698 579 multarum
1749 539 1836 579 re-

261 629 408 673 rum.
439 629 505 670 ac
529 629 668 683 pene
714 613 963 669 omnium
998 629 1164 670 causa
1191 615 1352 671 nobis
1375 615 1642 672 innotuit.
1712 616 1837 671 Dia-

258 705 422 761 bolus
455 707 604 762 enim
635 706 894 764 licentius
920 707 974 762 in
1008 708 1220 764 ultimis
1246 709 1590 778 temporibus
1611 719 1840 779 propter

264 808 490 868 peccata
519 808 707 855 nostra
735 801 995 856 omnibus
1027 801 1142 856 suis
1163 801 1375 856 viribus
1403 816 1611 856 usurus
1635 810 1742 867 est,
1777 810 1839 857 ut

259 891 428 948 etiam
457 891 638 958 electi,
668 891 712 947 si
733 883 996 962 possibile
1023 893 1118 958 sit,
1145 893 1198 946 in
1222 908 1472 948 errorem
1501 892 1841 948 contrudan-

264 991 377 1038 tur.
399 981 533 1037 Nam
563 998 687 1037 cum
718 985 991 1040 revelatus
1023 981 1132 1038 erit
1154 987 1321 1038 homo
1354 982 1667 1051 iniquitatis
1698 983 1843 1052 (om-

267 1088 367 1128 nes
395 1073 544 1128 enim
584 1073 744 1128 liberi
788 1072 1008 1128 arbitrii
1039 1088 1232 1128 sumus
1261 1073 1278 1137 )
1309 1071 1663 1143 prmstigiosis
1719 1073 1844 1140 ejus

265 1167 550 1221 miraculis
565 1165 783 1238 decepti
807 1167 1144 1238 periremus,
1172 1164 1279 1220 nisi
1311 1165 1576 1219 Dominus
1607 1163 1845 1234 duplici-

266 1271 351 1315 ter
382 1259 654 1329 praecipue
711 1259 1080 1329 providisset:
1128 1258 1370 1328 primum
1428 1255 1844 1325 Scripturarum

268 1350 710 1420 praemonitione,
737 1365 861 1420 qua:
887 1365 1081 1421 magna
1107 1363 1243 1404 voce
1281 1347 1539 1419 ﬁgmenta
1565 1357 1622 1402 et
1651 1346 1848 1416 impie-

272 1452 437 1498 tatem
471 1442 624 1498 illius
651 1442 972 1513 praedicant,
1005 1439 1301 1512 sugillant;
1341 1438 1543 1495 deinde
1593 1445 1674 1494 tot
1719 1452 1847 1494 san-

267 1545 483 1591 ctorum
537 1534 821 1589 hominum
876 1532 1180 1600 miraculis,
1220 1528 1848 1601 doctrina,propbetiis,

271 1643 412 1696 quos
451 1642 618 1696 parvo
653 1636 898 1698 tempore
925 1634 1224 1696 antequam
1248 1623 1552 1694 impietatis
1583 1622 1733 1677 illius
1764 1620 1849 1675 vis

271 1728 328 1774 et
358 1718 491 1773 l'alsa
511 1718 760 1774 doctrina
787 1719 1057 1774 missurus
1079 1726 1186 1783 est,
1218 1717 1314 1788 qui
1349 1725 1410 1772 ut
1445 1715 1617 1771 etiam
1652 1721 1847 1768 aucto-

271 1813 435 1866 ritate
478 1827 587 1881 qua
622 1811 858 1867 maxime
889 1825 992 1866 nos
1048 1817 1330 1872 moveant,
1378 1823 1408 1862 a
1461 1804 1853 1862 vetustissimis
1880 1789 1929 1850 Β

272 1903 612 1973 temporibus
635 1910 691 1958 et
720 1903 876 1972 quasi
897 1901 1086 1958 statim
1115 1917 1146 1956 a
1173 1900 1379 1972 triplici
1403 1915 1611 1965 rerum,
1641 1907 1854 1968 tempoo

274 2010 418 2060 rum,
450 2001 672 2049 aetatum
695 1993 986 2064 principio,
1014 2000 1069 2047 et
1104 1991 1372 2047 reservati
1401 1991 1468 2046 ad
1502 1991 1607 2047 hoc
1644 1989 1850 2046 divini-

276 2095 363 2142 tus
393 2087 764 2141 ministerium
800 2095 930 2142 sunt
959 2095 1016 2142 et
1046 2095 1360 2141 reservatus
1399 2099 1524 2140 esse
1575 2083 1849 2152 scriptum

273 2189 378 2244 est,
405 2188 467 2234 ut
499 2178 987 2248 pra-dicationibus
1012 2177 1152 2248 ipsis
1181 2179 1276 2248 qui
1309 2178 1421 2232 sint
1452 2184 1509 2232 et
1529 2191 1628 2233 cur
1665 2188 1851 2230 vene-

277 2273 370 2336 rit,
395 2274 611 2328 sincera
647 2271 969 2343 integraque
994 2271 1102 2326 ﬁde
1160 2271 1477 2332 credamus,
1544 2264 1852 2336 Scripturis

276 2364 613 2434 praemoniti,
637 2364 808 2431 docti,
832 2362 1166 2430 conﬁrmati,
1193 2361 1342 2431 quod
1362 2359 1690 2416 Antichristi
1715 2368 1851 2413 tem-

279 2457 511 2528 poribus
539 2458 759 2513 veuturi
787 2467 938 2514 sunt.
974 2457 1232 2527 Oportuit
1270 2465 1456 2510 autem
1493 2469 1662 2508 unum
1695 2467 1761 2508 ex
1785 2452 1854 2506 il-

277 2551 346 2606 lis
367 2549 586 2605 mittere
621 2550 715 2620 qui
740 2561 869 2606 ante
898 2552 1071 2622 legem
1105 2549 1350 2614 fuerunt,
1393 2562 1565 2604 unum
1622 2546 1716 2616 qui
1749 2545 1853 2600 sub

277 2645 418 2714 lege,
457 2644 682 2698 tertium
721 2644 1118 2714 quiChristum
1157 2645 1337 2712 ipsum
1383 2639 1682 2704 audiverit,
1712 2637 1852 2692 allo-

278 2747 444 2794 cutus
516 2739 712 2802 fuerit,
757 2738 1042 2809 multoque
1101 2736 1272 2807 magis
1327 2748 1552 2789 necesse
1588 2732 1854 2787 adversus

278 2831 708 2895 Antichristum,
728 2831 820 2900 qui
849 2845 906 2886 se
931 2828 1217 2884 Christum
1248 2827 1448 2882 Filium
1483 2839 1604 2880 esse
1637 2824 1734 2879 Dei
1756 2821 1856 2874 ﬁn-

279 2936 390 2996 get,
420 2940 584 2997 quam
636 2925 876 2994 aliquem
942 2939 1011 2978 ex
1065 2919 1478 2977 vetustissimis.
1533 2915 1857 2973 Reservavit

281 3029 468 3073 autem
493 3034 560 3072 ex
602 3016 886 3072 veteribus
913 3015 1090 3070 duos:
1123 3013 1431 3070 reservavit
1477 3011 1648 3081 igitur
1683 3007 1852 3064 etiam

281 3128 348 3167 ex
370 3112 652 3182 apostolis.
689 3111 824 3166 Tres
849 3125 980 3180 ergo
1006 3109 1272 3164 reservati
1299 3117 1429 3161 sunt
1451 3105 1718 3159 adversus
1742 3101 1852 3156 Ana
1887 3148 1930 3207 Ο

284 3205 620 3268 tichristum,
663 3219 762 3272 pro
779 3202 1013 3258 veritate
1045 3200 1183 3254 utin
1224 3200 1389 3254 ﬁnem
1454 3205 1732 3251 tantorum
1777 3193 1858 3246 vi-

287 3312 474 3352 rorum
509 3295 845 3358 testimonio,
881 3294 1162 3348 miraculis
1200 3291 1544 3353 conﬁrmato,
1578 3287 1648 3342 ab
1671 3287 1866 3356 impie-

289 3397 402 3445 tate
428 3389 734 3444 incredibili
757 3399 922 3458 atque
945 3387 1190 3442 inaudita
1219 3383 1470 3439 homines
1500 3383 1649 3437 illius
1678 3379 1864 3436 saeculi

292 3490 646 3538 revocentur.
678 3481 798 3536 Erit
849 3489 1032 3535 autem
1084 3477 1459 3533 testimonium
1503 3474 1748 3538 Joannis,
1807 3484 1867 3528 ut

287 3591 394 3647 ego
423 3575 694 3640 arbitror,
725 3573 899 3627 multo
932 3571 1156 3643 majoris
1192 3569 1498 3640 dignitatis,
1533 3566 1677 3637 quod
1700 3566 1860 3621 facile

288 3669 612 3741 percipitur,
635 3667 680 3723 si
710 3666 866 3736 quasi
915 3663 1347 3720 controversiam
1372 3662 1742 3716 instituamus.
1775 3659 1868 3714 Di-

287 3771 419 3818 cant
440 3761 587 3830 impii
606 3759 1005 3814 Antieltristum
1023 3773 1144 3813 esse
1163 3755 1412 3810 Mess’am
1431 3764 1486 3808 et
1509 3755 1704 3810 Filium
1725 3754 1820 3809 Dei
1850 3771 1866 3822 ;

293 3863 463 3909 testes
506 3853 708 3908 vetusti
736 3861 970 3919 negent,
1003 3859 1360 3916 asserantque
1395 3846 1596 3902 Tiberii
1639 3846 1868 3916 Augusti

292 3946 640 4013 temporibus
671 3943 948 3999 Christum
980 3942 1542 4012 venisse,quanqttam
1578 3939 1718 3993 male
1771 3952 1871 4008 p0-

294 4048 483 4094 terunt
535 4048 717 4092 tamen
779 4036 1183 4092 contendentes
1229 4036 1380 4104 impii
1438 4035 1728 4104 replicare,
1758 4048 1870 4089 non

294 4131 467 4185 fuisse
517 4129 640 4184 illos
669 4137 802 4184 tunc
854 4127 1249 4198 Hierosolymis
1289 4135 1346 4182 et
1387 4135 1684 4197 propterea
1721 4125 1862 4180 falso

293 4221 544 4276 attestari
579 4219 723 4289 quod
755 4233 862 4274 non
893 4218 1171 4273 viderunt.
1200 4219 1271 4272 At
1319 4215 1562 4272 Joannes
1586 4225 1643 4271 et
1667 4216 1872 4270 vidisse

295 4313 628 4368 clamabitet
651 4312 873 4366 audisse
908 4311 1065 4365 illum
1093 4319 1148 4365 et
1176 4311 1448 4380 tetigisse,
1483 4318 1539 4364 et
1565 4308 1883 4363 allocutum.

294 4405 467 4458 fuisse
503 4412 557 4458 et
593 4403 836 4457 astitisse
886 4402 941 4456 in
989 4415 1156 4457 cruce
1181 4401 1442 4472 pendenti
1495 4409 1551 4456 et
1593 4400 1872 4470 aspexisse

1945 531 2094 600 quod
2123 541 2318 586 natura
2348 532 2401 586 in
2426 533 2770 603 singulorum
2795 532 3112 602 pectoribus
3136 533 3364 588 insitum
3397 543 3516 599 est;

1947 626 2096 681 Elias
2128 625 2421 696 propheta,
2449 626 2542 696 qui
2578 626 2661 681 vel
2698 613 2947 680 mortuos
2975 627 3032 680 in
3057 626 3226 681 vitam
3276 628 3522 682 restituit

1947 719 2200 773 oratione
2239 727 2294 773 et
2339 720 2442 774 sub
2492 720 2611 790 lege
2675 720 3028 784 coruscavit;
3068 717 3310 776 Joannes
3352 736 3524 775 evan-

1947 812 2182 881 gelista,
2228 828 2394 882 quem
2434 814 2702 869 Dominus
2757 813 3058 882 plurimttm
3121 813 3335 877 dilexit,
3387 830 3525 880 apo-

1949 905 2218 960 stolorum
2262 905 2673 967 sanctissimus,
2707 920 2874 975 quem
2909 907 2965 958 in
3003 905 3372 959 universalem
3422 906 3526 959 Ec-

1949 997 2136 1054 clesiae
2185 1004 2462 1066 pastorem
2516 997 2782 1051 Dominus
2828 997 2913 1065 (ut
2959 1011 3060 1066 ego
3101 995 3360 1066 arbitror)
3413 1011 3527 1051 non

1951 1089 2270 1160 praeposuit,
2331 1097 2450 1144 tum
2493 1099 2554 1143 ut
2607 1088 2696 1144 illi
2732 1088 2932 1160 virgini
2985 1087 3215 1144 Matrem
3259 1087 3529 1158 virginem

1951 1183 2383 1247 commendaret,
2419 1188 2534 1236 tum
2567 1190 2629 1237 ut
2668 1182 2830 1236 Petro
2856 1190 2992 1236 tunc
3023 1181 3213 1251 (quem
3261 1179 3532 1236 velociori

1953 1273 2216 1346 martyrio
2261 1274 2606 1341 destinavit),
2643 1273 2842 1330 Joanni
2868 1283 3056 1343 postea
3095 1273 3151 1327 in
3185 1270 3534 1341 temporibus

1953 1367 2303 1432 Antichristi,
2357 1367 2662 1423 Ecclesiam
2692 1365 3088 1430 committeret,
3121 1373 3178 1420 et
3207 1367 3290 1420 sic
3312 1363 3536 1418 duobus

1955 1460 2241 1530 discipulis
2301 1474 2539 1529 quorum
2593 1460 2734 1514 alter
2806 1457 3036 1524 dilexit,
3095 1457 3234 1512 alter
3300 1455 3538 1511 dilectus

1955 1550 2178 1606 Christo
2227 1550 2466 1607 maxime
2517 1551 2768 1605 omnium
2819 1549 3025 1614 fuerat,
3083 1549 3244 1603 alteri
3304 1548 3360 1603 in
3414 1547 3536 1617 ipso

1951 1642 2239 1713 Evangelii
2288 1643 2468 1704 initio,
2504 1641 2664 1699 alteri
2690 1641 2754 1695 in»
2790 1641 2896 1696 ﬁne
2923 1650 2981 1696 et
3017 1640 3268 1710 utrisque
3315 1639 3369 1694 in
3405 1653 3537 1708 per-

1958 1733 2335 1790 secutionibus
2397 1733 2654 1789 maximis
2723 1732 2969 1788 Ecclesia
3030 1731 3534 1788 commendaretur.

1956 1827 2207 1890 Accedit,
2241 1825 2389 1896 quod
2410 1840 2602 1879 omnes
2629 1824 2864 1892 apostoli
2911 1823 3174 1893 martyrio
3204 1823 3371 1877 vitam
3425 1831 3538 1876 ter-

1957 1922 2258 1983 minarunt.
2284 1927 2344 1974 ut
2365 1933 2526 1974 nemo
2559 1917 2728 1988 possit
2749 1918 3026 1986 ambigere
3047 1917 3434 1971 veracissimos
3459 1915 3534 1968 il.

1955 2013 2041 2068 los
2075 2019 2245 2066 testes
2271 2009 2462 2076 fuisse,
2490 2009 2584 2078 qui
2608 2007 2755 2062 sicut
2787 2007 3050 2062 Dominus
3084 2016 3259 2061 morte
3290 1990 3539 2059 testimo-

1959 2103 2116 2156 nium
2154 2116 2316 2156 suum
2350 2107 2771 2169 persanxerunt.
2799 2097 2932 2152 Nam
2963 2096 3219 2153 Christus
3265 2097 3535 2150 Dominus

1957 2203 2170 2256 noster,
2197 2191 2367 2248 Filius
2396 2193 2513 2256 Dei,
2547 2203 2603 2246 et
2635 2191 2878 2261 pontifex
2909 2191 3180 2245 maximus
3207 2189 3309 2242 fuit
3350 2197 3409 2243 ut
3440 2189 3540 2241 bo-

1957 2302 2071 2354 mo,
2099 2286 2242 2342 sicut
2271 2284 2559 2340 Psalmista
2592 2284 2766 2348 cauit,
2802 2281 2879 2336 Tu
2906 2298 2958 2336 es
3008 2281 3255 2334 sacerdos
3303 2281 3356 2333 in
3384 2289 3538 2333 teter-

1959 2395 2110 2442 num,
2147 2377 2430 2433 secundum
2459 2377 2694 2430 ordinem
2723 2373 3094 2428 Melchisedech
3134 2375 3183 2438 ²;
3215 2381 3273 2426 et
3298 2387 3423 2435 rex;
3455 2370 3539 2423 di-

1959 2471 2103 2528 citur
2125 2470 2272 2526 enim
2311 2470 2365 2522 in
2401 2482 2692 2537 personam
2719 2466 2876 2536 ejus:
2926 2463 3039 2534 Ego
3067 2471 3248 2516 autem
3280 2463 3540 2515 constitu-

1963 2572 2045 2617 tus
2078 2579 2196 2618 sum
2250 2576 2341 2615 rex
2369 2558 2434 2612 ab
2493 2561 2605 2630 ipso
2637 2573 2796 2628 super
2839 2553 2968 2610 Sion
3018 2562 3245 2609 montem
3297 2562 3541 2607 sanctum

1961 2655 2072 2726 ejus
2096 2654 2117 2686 ³
2146 2670 2161 2720 ;
2189 2662 2244 2709 et
2279 2652 2486 2706 Pilatus
2517 2651 2571 2705 in
2599 2649 2777 2713 titulo,
2807 2647 2958 2703 Iesus
2991 2646 3302 2703 Nazarenns
3331 2661 3424 2698 rex
3449 2644 3544 2698 ,Ιειο

1962 2749 2311 2812 dmorum;et
2331 2753 2536 2814 martyr
2567 2745 2797 2811 primus,
2833 2751 2889 2796 et
2916 2741 3220 2805 maximus;
3258 2754 3382 2809 nam
3417 2753 3542 2790 cum

1965 2838 2338 2894 testimonium
2372 2851 2474 2891 nec
2527 2835 2595 2892 de
2626 2850 2684 2889 se
2717 2834 2835 2904 ipso
2858 2848 3040 2898 suum,
3068 2831 3214 2902 quod
3247 2830 3415 2884 Filius
3449 2830 3546 2884 Dei

1963 2942 2134 2998 esset,
2157 2928 2334 2986 Judaei
2357 2927 2697 2997 acciperent,
2716 2941 2819 2982 nec
2838 2925 3018 2980 Patris
3045 2925 3130 2979 sui
3157 2923 3248 2993 qui
3269 2908 3550 2976 miracul's

1965 3023 2227 3082 inauditis
2252 3019 2556 3078 testabatur
2579 3021 2756 3091 ipsum
2783 3035 2902 3074 esse
2923 3019 3123 3074 Filium
3151 3032 3339 3080 suum,
3368 3025 3546 3075 morte

1965 3115 2338 3173 testimonium
2360 3112 2760 3183 comprobavit.
2795 3110 3009 3166 Scimus
3033 3119 3182 3165 certe
3206 3110 3426 3165 Judceos
3462 3124 3551 3164 re-

1968 3219 2055 3266 cte
2081 3208 2417 3265 intellexisse
2449 3206 2611 3260 verba
2642 3204 2880 3269 Domini,
2907 3204 3110 3273 quibus
3135 3201 3352 3258 Patrem
3385 3218 3546 3257 suum

1969 3301 2406 3370 omnipotentem
2442 3300 2612 3353 Deum
2664 3297 2996 3367 appellabat.
3057 3297 3213 3352 Unde
3253 3295 3547 3357 dicebant,

1971 3393 2315 3468 moriipsum
2367 3389 2674 3444 secundum
2694 3389 2870 3458 legem
2903 3388 3126 3450 debere,
3177 3387 3306 3455 quia
3345 3385 3546 3439 Filium

1970 3485 2067 3541 Dei
2097 3484 2339 3552 seipsum
2375 3482 2528 3538 fecit.
2554 3481 2669 3538 Nec
2718 3482 2865 3537 enim
2902 3481 3062 3535 aliter
3095 3479 3328 3549 intelligi
3369 3487 3552 3547 potest

1970 3580 2117 3650 quod
2150 3578 2321 3634 Deum
2349 3579 2568 3633 Patrem
2602 3591 2724 3632 esse
2749 3591 2909 3632 suum
2939 3575 3302 3646 przedicabat;
3330 3582 3553 3644 prOpte-

1971 3685 2064 3726 rea
2092 3669 2261 3725 dicit:
2289 3669 2628 3738 Manifestavi
2647 3683 2834 3721 nomen
2866 3677 3014 3720 tuum
3038 3664 3387 3720 hominibus".
3415 3665 3550 3718 Nam

1971 3771 2100 3818 ante
2130 3762 2428 3816 adventum
2463 3761 2518 3814 in
2553 3775 2724 3816 carne
2760 3759 2928 3814 Verbi
2966 3756 3312 3811 reconditum
3355 3771 3554 3826 magno

1993 3856 2050 3912 En
2081 3862 2425 3908 sacramento
2463 3852 2724 3906 tenebant
2755 3851 2901 3920 quod
2941 3849 3087 3905 Deus
3116 3849 3187 3902 ita
3223 3858 3309 3904 est
3367 3849 3550 3911 Pater,

1975 3959 2035 4004 ut
2063 3945 2261 4001 Filium
2286 3944 2485 4000 habeat
2503 3959 2570 3997 ex
2599 3943 2911 3997 substantia
2938 3956 3036 3996 sua
3073 3932 3338 4011 genitum,
3373 3956 3557 4009 aequa-

1973 4038 2081 4094 lem
2111 4047 2303 4092 natura
2342 4045 2399 4092 et
2427 4032 2952 4090 consubstantialem
2984 4048 3001 4100 ;
3032 4048 3245 4098 verum,
3283 4031 3544 4100 quoniam

1975 4147 2126 4186 mors
2155 4131 2478 4184 ultimorum
2513 4125 2840 4182 terribilium
2867 4134 2974 4189 est,
2999 4140 3101 4178 nec
3125 4124 3324 4178 adduci
3355 4123 3558 4176 mentis

1977 4237 2205 4292 compos
2255 4220 2418 4276 homo
2457 4225 2662 4288 potest,
2711 4225 2772 4271 ut
2823 4219 3018 4271 credat
3080 4216 3134 4270 in
3189 4217 3308 4285 ipso
3343 4225 3558 4270 terrore

1979 4317 2176 4373 mortis
2204 4315 2444 4384 aliquem
2462 4313 2549 4367 vel
2584 4311 2652 4367 de
2689 4326 2769 4378 se,
2800 4311 2884 4365 vel
2918 4309 2987 4364 de
3016 4310 3125 4364 alio
3165 4309 3410 4368 mentiri.
3457 4309 3561 4361 bac

1977 4411 2046 4466 de
2077 4419 2243 4464 causa
2290 4417 2558 4475 martyres
2588 4418 2718 4460 vere
2759 4411 3176 4473 nuncupantur,
3241 4401 3336 4471 qui
3382 4410 3559 4454 morte

297 4497 620 4566 sanguinem
661 4505 943 4576 ethquam
976 4510 1006 4548 e
1032 4494 1200 4548 latere
1233 4493 1434 4548 mortui
1469 4492 1866 4562 prosilientem,
1907 4483 1950 4538 Ι)
1984 4501 2206 4572 propria
2247 4498 2694 4569 pmdicalionem
2729 4511 2885 4552 suam
2949 4510 3135 4548 veram
3168 4510 3291 4549 esse
3329 4493 3560 4546 deum“-

295 4602 352 4644 ct
420 4599 542 4658 post
606 4589 1072 4642 resurrectionem
1141 4587 1450 4642 comedisse
1529 4601 1595 4640 ac
1670 4584 1876 4640 bibisse

296 4695 422 4735 cum
470 4679 583 4743 illo,
625 4687 680 4734 et
731 4693 927 4731 manus
961 4686 1126 4746 atque
1186 4675 1354 4746 pedes
1400 4675 1649 4731 crueiﬁxi
1705 4675 1876 4730 vidis-

299 4787 363 4827 se
421 4771 800 4841 palpasseque.
834 4768 1092 4823 Miracula
1126 4783 1348 4838 quoque
1378 4768 1652 4833 narrabit,
1701 4767 1876 4822 multo

300 4865 456 4934 plura
497 4879 664 4933 quam
719 4864 958 4933 scripsit,
1011 4864 1059 4919 si
1105 4872 1289 4918 tamen
1343 4864 1583 4919 mundus
1621 4872 1751 4918 tunc
1786 4877 1878 4915 ca-

302 4971 431 5024 pere
463 4955 686 5024 poterit,
746 4956 1086 5026 auribusque
1133 4957 1251 5012 suis
1289 4942 1491 5011 vocem
1566 4956 1716 5011 illam
1770 4970 1876 5010 au-

299 5049 450 5103 disse
507 5049 863 5113 asseverabit,
903 5049 1125 5116 Lazare,
1187 5050 1307 5104 ueni
1369 5051 1564 5119 foras‘
1641 5061 1694 5106 et
1731 5064 1865 5117 qua-

303 5139 618 5194 triduanutn
682 5155 960 5195 mortuum
1025 5141 1298 5196 exsiliisse
1345 5141 1492 5196 foras
1548 5157 1577 5196 e
1626 5142 1879 5210 sepulcro

303 5231 508 5287 vidisse
562 5242 617 5288 et
669 5234 885 5289 institas
945 5235 1148 5305 quibus
1195 5243 1316 5291 erat
1348 5235 1632 5305 alligatum
1686 5233 1877 5288 Lazari

303 5337 508 5390 corpus
539 5307 792 5378 manibus
819 5325 935 5379 suis
969 5325 1226 5380 solvisse.
1258 5324 1380 5381 llaec
1433 5325 1650 5393 aliaque
1687 5325 1880 5395 hujus-

303 5415 451 5469 modi
480 5415 764 5470 miraculis
795 5415 1108 5472 allirmahit.
1145 5416 1282 5471 Tres
1305 5417 1494 5487 igitur
1539 5417 1884 5485 temporibus

305 5509 416 5562 illis
454 5507 678 5562 falsitati
729 5511 985 5564 resistent
1031 5519 1200 5565 teStes
1237 5527 1250 5563 ε
1298 5509 1484 5565 Euoclt
1520 5511 1610 5565 ille
1657 5511 1879 5580 justus.

306 5603 465 5675 cujus
502 5613 628 5655 ante
658 5602 926 5657 dilutiqu
953 5603 1166 5675 justitia
1193 5603 1416 5663 claruit.
1477 5608 1700 5674 quando
1759 5620 1884 5659 nut-

431 5792 445 5821 '
483 5790 639 5848 Joau.
671 5808 748 5862 xt,
790 5792 878 5851 45.

978 5796 995 5826 ²
1027 5791 1174 5851 Psal.
1209 5806 1318 5858 Gtx,
1361 5791 1410 5847 ι.
1494 5793 1508 5825 ³
1545 5791 1689 5850 Ρδίιι.
1730 5807 1789 5856 ιι,
1819 5791 1870 5845 ti.

1980 4601 2249 4649 strarunt.
2279 4592 2496 4646 Primus
2519 4604 2649 4644 vero
2677 4598 2889 4667 martyr
2914 4585 3165 4644 Christus
3188 4602 3310 4640 cutn
3338 4584 3558 4639 tradere

1979 4686 2231 4755 spiritum
2262 4682 2374 4738 Deo
2396 4682 2582 4744 vellet,
2603 4696 2796 4752 magna
2821 4694 2957 4734 voce
2985 4679 3229 4734 intonuit
3263 4679 3508 4732 clamans
3535 4697 3550 4730 :

1981 4776 2163 4841 Pater,
2199 4776 2253 4829 in
2287 4791 2477 4829 manus
2528 4783 2648 4827 tuas
2683 4773 2992 4826 commendo
3049 4773 3296 4842 spiritum
3359 4787 3554 4823 meum.
3591 4832 3596 4838 ι

1945 4855 2134 4924 ἰιωιε
2181 4865 2620 4923 teStiﬁcatiouem
2682 4880 2782 4935 per
2839 4863 3165 4933 sanguinem
3217 4874 3274 4917 et
3319 4872 3553 4915 mortem

1984 4962 2218 5034 apostoli
2243 4977 2436 5017 omnes
2482 4959 2774 5015 Dominum
2837 4959 3010 5013 secuti
3044 4957 3112 5012 de
3165 4954 3559 5025 ptmdicatiotte

1985 5071 2083 5111 sua
2111 5055 2375 5110 iecerunt.
2405 5052 2519 5109 Cur
2549 5051 2789 5109 Joannes
2814 5053 2916 5106 hac
2942 5049 3113 5120 gloria
3132 5050 3284 5105 solus
3314 5048 3563 5119 privare-

1989 5147 2115 5201 tur?
2154 5147 2232 5198 An
2260 5146 2390 5215 quia
2428 5143 2554 5212 plus
2592 5144 2812 5198 caeteris
2841 5141 3170 5197 amabatur?
3198 5140 3314 5195 lmo
3339 5149 3558 5204 contra,

1988 5236 2246 5306 quoniam
2324 5235 2560 5289 maxime
2630 5233 2960 5303 diligebatur
3048 5232 3256 5287 idcirco
3360 5240 3565 5297 marty-

1987 5329 2126 5381 rium
2151 5326 2297 5396 quod
2333 5342 2362 5380 a
2390 5325 2608 5381 Christo
2637 5325 2857 5379 initium
2887 5323 3033 5393 cepit
3080 5327 3134 5378 in
3191 5337 3317 5377 eum
3359 5321 3554 5376 termi-

1985 5421 2227 5474 nabitur.
2263 5419 2326 5472 Et
2355 5419 2500 5473 sicut
2540 5417 2664 5487 plus
2693 5417 2943 5487 diligenti
2977 5415 3221 5471 Ecclesia
3284 5412 3562 5482 incipiens

1982 5513 2088 5567 fuit
2117 5510 2432 5572 commissa,
2476 5510 2548 5564 ita
2582 5510 2706 5580 plus
2735 5509 2937 5564 dilecto
2973 5507 3240 5562 desinens
3266 5519 3556 5559 commen-

1985 5615 2229 5660 dabitur.
2266 5606 2362 5671 Ita,
2389 5604 2662 5675 quispiam
2695 5600 2938 5674 inquiet;
2971 5600 3070 5657 sed
3103 5609 3283 5655 tamen
3323 5595 3561 5654 incredi‘

1967 5789 1987 5822 ⁸
2022 5787 2180 5846 Joan.
2211 5805 2343 5860 xvtt,
2379 5791 2431 5845 6.
