3902 6208
197 273 312 366 est

984 301 1067 364 IN
1117 303 1374 380 ILLUD,
1419 319 1439 352 ‹
1470 305 1586 366 sre
1627 304 1824 367 voco
1864 306 2028 367 eun
2069 275 2416 381 nassae,
2456 321 2475 355 ι
2522 309 2683 371 me.

3355 307 3464 374 83%

195 408 471 482 gem“)!!!
498 407 706 465 “mms-
732 409 911 476 Q‘ml’e
938 411 985 466 εἰ
1059 411 1430 484 Emme-lium
1484 415 1776 484 prophetia
1807 420 1856 474 Δ
1889 421 2086 490 primo
2124 419 2614 491 qtto‘cgo‘baptizor
2643 416 3058 488 baptizublmini,
3090 417 3195 473 hoc
3218 430 3320 486 est,
3347 423 3466 490 lego

193 518 321 559 non
351 511 456 566 est,
484 516 584 558 nec
613 502 656 558 si
690 513 856 569 esset,
887 503 1075 558 multis
1100 505 1304 576 linguis
1333 505 1404 560 ab
1427 505 1548 576 ipso
1572 506 1782 560 editum

192 605 316 662 est,
354 611 457 650 nec
481 595 669 650 multis
697 595 813 665 ipse
847 596 1167 666 praedicavit
1195 598 1475 670 gentibus,
1515 598 1610 654 s‘eil
1633 598 1785 656 Grae-

195 689 323 754 cis;
360 703 460 742 nec
482 689 736 742 omnibus
772 689 996 754 Gra'eis,
1030 692 1124 745 sed
1156 691 1414 746 Asiaticis
1443 693 1658 758 solum;
1685 708 1788 748 nec

195 778 434 847 regibus
465 777 674 842 multis,
714 777 977 835 Romanis
1003 782 1152 836 enim
1184 783 1311 837 Asia
1347 795 1480 839 tunc
1537 784 1787 851 subiecta

197 869 364 923 fuit:
400 867 758 938 perspicuum
790 879 875 923 est
929 863 1060 924 ante
1114 872 1411 926 adventum
1461 871 1786 927 Antichristi

198 961 693 1030 prophetaturum,
727 961 948 1032 quando
991 962 1182 1017 veniet
1215 963 1386 1018 homo
1419 964 1641 1034 iniquus
1691 964 1785 1035 qui

201 1051 508 1123 przestigiis
540 1053 656 1108 suis
685 1053 889 1109 multos
921 1053 1296 1124 decipiet,qni
1327 1056 1379 1110 vi
1407 1072 1628 1130 quoque
1665 1068 1786 1112 ute-

204 1154 305 1199 tnr
337 1143 600 1199 adversus
633 1145 842 1210 fideles,
883 1139 1192 1215 caeter'aque
1222 1148 1560 1218 huiusmodi.
1594 1149 1784 1206 Enocb

203 1244 268 1291 et
305 1235 448 1289 Elias
490 1235 596 1291 hoc
655 1237 912 1293 similiter
941 1238 1166 1294 facient.
1197 1240 1617 1311 Quapropteret
1640 1241 1788 1297 Seri-

206 1336 382 1396 ptura
416 1342 524 1381 non
555 1335 823 1394 mortuos,
860 1331 954 1386 sed
987 1333 1098 1386 alio
1141 1343 1326 1402 raptos
1357 1333 1411 1386 in
1443 1349 1674 1403 corpore
1705 1334 1792 1387 di-

211 1421 318 1484 cit,
351 1433 408 1473 ut
438 1419 626 1476 fideles
659 1420 808 1476 illius
837 1424 1103 1492 temporis
1137 1424 1354 1478 facilius
1395 1426 1606 1493 possint
1664 1440 1789 1480 cre-

209 1508 373 1574 dere,
405 1510 528 1565 illos
559 1511 709 1580 ipsos
749 1525 870 1566 esse
924 1514 1019 1581 qui
1067 1514 1342 1568 divinitus
1381 1515 1447 1568 ad
1486 1517 1791 1584 praedican-

210 1600 346 1654 dum
377 1610 432 1656 et
470 1603 928 1672 prophetandum.
960 1620 1084 1658 cum
1116 1605 1292 1658 multo
1325 1605 1533 1674 fulgure
1603 1607 1655 1658 in
1691 1621 1788 1659 ex-

214 1695 409 1748 tremis
439 1694 781 1762 temporibus
817 1695 1082 1750 reservati
1114 1695 1359 1752 fuerunt.
1403 1697 1515 1752 Hac
1550 1699 1666 1767 ipsa
1699 1715 1789 1752 ra-

215 1785 393 1850 tione,
459 1785 766 1856 cademqne
797 1787 864 1842 de
904 1802 1092 1850 causa,
1134 1798 1246 1842 tum
1314 1804 1412 1857 per
1452 1791 1796 1857 evplanatum

219 1875 500 1945 Evangelii
571 1877 750 1930 locum
789 1919 804 1943 ,
871 1888 987 1930 tum
1055 1879 1222 1933 multo
1291 1883 1664 1949 expressius,
1721 1883 1798 1937 si-

187 1951 598 2037 gniﬁcantius,
622 1968 824 2024 clarius
847 1984 944 2038 per
970 1969 1380 2040 Apocalypsim,
1405 1969 1637 2027 Joannis
1662 1987 1800 2042 quo-

109 2113 138 2127 ‘
218 2073 331 2126 que
353 2059 650 2113 reservatio
678 2060 959 2114 scribitur.
983 2060 1095 2114 Nec
1118 2061 1222 2116 ista
1245 2063 1707 2124 suD'ecerint,‘sed
1732 2066 1800 2118 ab

221 2149 577 2216 evangelistis
606 2149 856 2204 Mattbaeo
878 2160 933 2204 et
961 2150 1145 2206 Marco
1169 2152 1410 2222 ipsorum
1439 2155 1672 2208 filiorum
1699 2153 1800 2208 Ze-

223 2235 402 2292 bedtei
442 2241 770 2316 martyrium
814 2257 1012 2310 magno
1078 2243 1362 2311 prateonio
1399 2245 1799 2298 conclamatur.

220 2328 360 2385 Nam
398 2344 519 2384 cum
559 2333 778 2402 utrique
810 2331 1037 2398 fratres,
1063 2337 1404 2388 aestimantes
1465 2336 1521 2388 in
1557 2335 1658 2389 hac
1695 2335 1802 2388 vita

227 2439 457 2491 regnum
483 2425 688 2479 Christi
718 2425 992 2489 futurum,
1030 2427 1324 2495 petiissent
1348 2427 1417 2480 ab
1471 2442 1538 2482 co
1579 2439 1638 2482 ut
1664 2429 1806 2484 alter

230 2515 283 2567 in
325 2513 530 2568 dextris
575 2517 693 2584 ejus
721 2518 860 2570 alter
904 2520 956 2571 in
1012 2519 1256 2572 sinistris
1289 2517 1593 2579 sederent.
1637 2529 1805 2591 atque

229 2605 296 2658 ad
366 2591 470 2658 hoc
529 2623 720 2674 preces
781 2609 947 2662 etiam
1007 2625 1121 2664 suae
1181 2613 1294 2680 (ut
1342 2611 1806 2679 evangelistarum

231 2697 500 2763 scriptum
531 2699 668 2762 alter
700 2700 924 2767 reliquit
957 2701 974 2769 )
1010 2702 1201 2755 matris
1226 2703 1632 2765 adhibuissent,
1655 2704 1807 2774 igne-

158 2842 160 2844 τ
233 2801 354 2840 rare
391 2786 537 2855 ipsos
570 2788 701 2858 quid
742 2798 1011 2858 peterent,
1040 2792 1275 2860 primum
1305 2793 1621 2856 audierunt,
1652 2794 1808 2848 dein-

232 2876 302 2928 de
335 2875 414 2930 sic
445 2877 764 2948 interrogati
803 2879 1056 2935 fuerunt:
1097 2881 1326 2936 Potestis
1371 2882 1547 2936 bibere
1589 2885 1808 2938 calicem

231 2985 387 3035 quem
422 2986 514 3038 ego
536 2972 792 3026 bibiturus
823 2990 940 3027 sum
960 2975 985 3026 Ρ
1035 2975 1471 3044 responderunt:
1498 2975 1806 3030 Possumus.

1891 527 1990 581 pro
2024 511 2182 566 vobis
2209 512 2536 582 ereterisque
2569 508 2890 566 hominibus
2919 511 3241 582 sanguinem
3275 528 3458 568 meum

1887 598 2191 664 eﬂ‘undam,
2217 599 2310 655 sed
2343 615 2442 654 vos
2467 615 2687 671 quoque
2719 615 2819 670 pro
2851 600 3086 655 veritate
3114 603 3463 670 prmdieatio-

1887 691 1977 745 nis
2007 699 2204 747 vestrte
2257 694 2584 762 sanguinem
2633 703 2875 747 vestrum
2922 692 3240 748 cll‘undetis.
3306 695 3464 751 llunc

1887 781 2117 836 calicem
2148 783 2600 854 baptismnmque
2640 783 3006 853 sanguineum
3035 784 3276 839 Jacobus
3323 788 3463 856 qui-

1889 870 2012 925 dem
2039 872 2152 942 jam
2185 868 2328 926 bibit
2357 880 2414 926 et
2472 873 2786 942 baptizatus
2817 881 2922 932 est.
2957 873 3027 927 ab
3061 872 3276 929 Herode
3311 877 3467 930 oeci-

1889 975 1985 1016 sns
2011 979 2026 1028 ;
2057 963 2300 1017 Joannes
2349 979 2504 1026 vero,
2545 964 2811 1030 minime;
2842 964 3142 1019 bibiturum
3171 981 3303 1037 ergo
3341 969 3468 1037 quis

1887 1063 2048 1124 negat
2069 1055 2092 1108 ?
2113 1055 2371 1110 Christus
2404 1056 2551 1110 enim
2580 1057 2848 1111 Dominus
2877 1067 3068 1113 noster
3115 1058 3184 1112 de
3215 1059 3464 1128 utrisque

1890 1146 2155 1200 fratribus
2189 1146 2330 1201 dixit
2364 1165 2376 1202 :
2409 1145 2646 1202 Calicem
2685 1148 2899 1216 quidem
2941 1166 3114 1203 meum
3163 1150 3364 1216 biberis,
3418 1161 3468 1205 et
3543 1216 3548 1220 ι

1892 1235 2151 1303 baptismo
2187 1252 2304 1290 meo
2329 1236 2748 1306 baptizabimiai,
2784 1238 2889 1293 hoc
2919 1248 3026 1303 est,
3057 1237 3341 1308 Sanguine
3373 1255 3470 1293 ve-

1891 1337 2008 1380 stro
2029 1328 2189 1382 infusi
2216 1345 2312 1398 pro
2333 1331 2563 1384 veritate
2585 1329 2915 1385 moriemini.
2944 1329 3056 1384 Nec
3083 1331 3314 1386 refertsi
3347 1331 3472 1401 quis

1889 1417 2059 1479 dicat,
2095 1419 2282 1473 animo
2304 1420 2454 1472 illum
2486 1429 2778 1490 martyrem
2814 1419 3005 1474 fuisse.
3041 1419 3159 1474 Non
3190 1419 3340 1474 enim
3387 1421 3474 1474 di~
3541 1467 3544 1470 .

1891 1508 1973 1562 xit
2020 1508 2310 1575 Dominus,
2359 1510 2599 1566 Calicem
2676 1507 2897 1580 quidem
2942 1525 3122 1565 meum
3178 1511 3388 1575 bibere,
3418 1518 3476 1566 et

1891 1598 2163 1668 baptismo
2180 1616 2290 1670 quo
2309 1616 2408 1670 ego
2426 1600 2677 1670 baptizor
2698 1602 2958 1671 baptizari
2983 1603 3156 1672 parati
3173 1604 3352 1669 eritis,
3373 1603 3474 1660 sed

1897 1706 2012 1744 rem
2043 1691 2215 1760 ipsam
2237 1703 2295 1747 et
2322 1693 2648 1747 ell‘usionem
2677 1693 2958 1764 sanguinis
2982 1705 3172 1760 aperte
3199 1695 3476 1749 afﬁrman-

1900 1785 1990 1847 do,
2020 1782 2213 1839 Bibetis
2237 1793 2294 1838 et
2322 1784 2746 1854 baptizabimiui,
2779 1786 2982 1855 inquit.
3019 1785 3177 1851 Quod
3213 1787 3256 1841 si
3291 1787 3477 1842 docto-

1901 1876 1980 1930 ris
2011 1877 2244 1946 alicujus
2275 1879 2574 1932 auctoritas
2607 1877 2902 1932 nonnullos
2928 1879 3241 1947 perturbat,
3287 1880 3480 1934 sciant

1900 1965 2164 2020 Joannem
2191 1966 2672 2038 Cbrysostomum,
2705 1967 2865 2037 cujus
2889 1967 3194 2022 auctoritas
3227 1983 3336 2021 non
3369 1967 3475 2020 im-

1906 2056 2105 2110 merito
2136 2072 2330 2126 magna
2363 2073 2582 2127 semper
2608 2056 2712 2112 fuit
2740 2068 2794 2111 et
2824 2065 2910 2112 est
2943 2058 2996 2112 itt
3028 2055 3298 2119 Ecclesia,
3349 2070 3476 2109 cum

1904 2149 2036 2208 illud
2077 2149 2310 2203 Matthtei
2343 2160 2603 2219 exponat.
2639 2149 2875 2204 Calicem
2910 2149 3119 2216 quidem
3147 2165 3317 2202 meum
3334 2148 3481 2201 bibe-

1905 2242 1994 2302 tis,
2033 2241 2117 2295 his
2151 2243 2334 2295 verbis
2371 2243 2485 2296 uti:
2521 2242 2709 2309 Magna
2737 2241 2894 2294 vobis
2935 2249 3084 2294 certe
3109 2240 3248 2293 bona
3282 2240 3482 2308 praedi-

1907 2347 1996 2392 co,
2043 2332 2291 2403 martyrii
2337 2333 2485 2387 enim
2539 2345 2744 2386 corona
2814 2318 3102 2399 patiemini
3152 2340 3208 2382 et
3240 2331 3481 2383 violenta

1907 2430 2108 2484 morte,
2142 2423 2286 2476 sicut
2309 2433 2361 2475 et
2391 2436 2514 2490 ego,
2544 2437 2574 2474 a
2631 2422 2740 2474 vita
2775 2419 3072 2472 deeedctis.
3137 2419 3410 2472 Praeterea
3437 2421 3479 2471 si

1907 2512 2100 2566 licebit
2133 2529 2252 2582 quae
2277 2515 2438 2581 plane
2470 2512 2755 2581 Scriptura
2786 2510 3046 2578 prtcdieat
3077 2525 3184 2562 non
3223 2509 3368 2563 sicut
3397 2510 3483 2562 di-

1909 2612 2112 2656 cuntur
2151 2603 2423 2672 accipere,
2455 2602 2548 2656 sed
2593 2602 2658 2654 ad
2694 2602 2934 2654 animum
2991 2607 3154 2667 atque
3221 2599 3484 2653 intentio-

1910 2710 2036 2750 nem
2070 2693 2300 2755 referre,
2335 2708 2527 2748 vereor
2559 2708 2627 2747 ne
2652 2692 2812 2746 facile
2845 2692 3105 2760 pleraque
3130 2689 3314 2743 omnia
3338 2705 3486 2742 eom-

1910 2796 2056 2842 mota
2087 2786 2388 2847 labescant,
2417 2783 2685 2838 labefacta
2721 2791 2904 2844 ruant,
2931 2782 3113 2836 diruta
3150 2782 3202 2834 in
3246 2780 3479 2834 nihilum

1912 2883 2234 2951 redigantur
2267 2880 2686 2935 etAntichristo
2728 2877 3055 2931 latissimam
3100 2876 3242 2931 viam
3278 2889 3485 2944 praepa-

1915 2983 2036 3030 rent
2064 2983 2228 3042 atque
2259 2973 2532 3043 aperiant.

240 3060 305 3113 Et
337 3061 600 3118 Dominus
639 3064 707 3118 de
738 3065 1008 3122 ambobus
1029 3105 1044 3130 ,
1087 3065 1318 3122 Calicem
1373 3068 1582 3139 quidem
1633 3085 1807 3122 meum
1838 3081 1883 3142 ς
1983 3065 2330 3121 Credendutn
2363 3065 2530 3136 igitur
2560 3074 2666 3132 est,
2695 3063 2964 3121 Joannem
2992 3062 3173 3116 adhuc
3195 3061 3398 3124 vivere,
3431 3067 3489 3114 et

231 3151 416 3207 bibatis
450 3155 490 3210 '.
548 3155 785 3210 Calicem
847 3147 938 3213 hic
999 3173 1161 3214 nemo
1214 3158 1450 3225 dubitat,
1512 3161 1808 3215 violentam

237 3255 493 3310 mortem,
537 3247 588 3301 id
623 3255 708 3301 est
745 3250 1092 3319 mysterium,
1131 3250 1429 3319 appellari:
1459 3251 1575 3305 sive
1607 3252 1686 3306 sic
1713 3251 1812 3307 Ju-

233 3337 478 3391 daeorum
515 3339 701 3409 lingua
726 3351 781 3394 et
831 3340 1133 3410 Scriptura:
1177 3342 1580 3396 consuetudine
1640 3342 1813 3397 fuerit

235 3439 576 3498 usurpatum,
618 3432 735 3486 sive
765 3431 946 3494 aliter,
983 3433 1119 3487 nihil
1151 3431 1339 3486 refert.
1367 3432 1457 3487 Sic
1489 3433 1810 3500 Mattheus;

235 3522 451 3577 Marcus
474 3531 654 3578 autem
688 3525 756 3577 ad
800 3525 914 3578 haec
944 3525 1134 3579 addit:
1165 3525 1232 3578 Et
1259 3525 1527 3595 baptismo
1585 3542 1688 3595 quo
1718 3542 1813 3595 ego

235 3613 495 3683 baptizor,
525 3616 805 3685 baptizari.
832 3615 1080 3686 Cumque
1100 3615 1179 3670 illi
1209 3617 1655 3686 respondissent:
1686 3615 1814 3672 Pos-

235 3723 437 3767 sumus,
467 3707 718 3764 similiter
751 3711 951 3764 infert:
983 3708 1214 3764 Calicem
1237 3710 1446 3772 quidem
1474 3725 1645 3763 meum
1667 3709 1818 3780 obibe-
1859 3744 1868 3753 -

239 3801 303 3852 tis
335 3809 384 3852 ct
406 3800 665 3869 baptismo
719 3818 822 3870 quo
866 3818 958 3871 ego
987 3803 1243 3869 baptizor,
1271 3802 1692 3872 baptizabimiui,
1723 3803 1815 3858 ba-

238 3889 498 3958 ptismum
522 3891 612 3946 bie
639 3891 969 3962 intelligens,
991 3892 1312 3946 ell‘usioncm
1334 3908 1499 3962 super
1527 3908 1583 3946 se
1602 3894 1812 3962 proprii

240 3981 541 4049 sanguinis.
585 3981 710 4036 Haec
739 3982 980 4037 Jacobns
1013 3993 1066 4037 et
1099 3981 1340 4037 Joannes
1374 3999 1482 4036 non
1530 3983 1816 4036 intellexe-

243 4079 388 4133 runt,
423 4071 602 4124 adhue
634 4071 780 4125 enim
820 4081 1058 4136 terrena,
1090 4072 1424 4141 piscaturam
1464 4087 1528 4126 ac
1558 4075 1692 4125 retia
1725 4073 1810 4126 ni-

246 4161 468 4226 mirum,
501 4163 773 4217 colebaut.
817 4163 947 4217 ldeo
979 4163 1046 4219 de
1106 4173 1235 4232 potu
1293 4174 1360 4217 "et
1419 4166 1484 4218 de
1539 4163 1813 4232 baptismo

243 4253 497 4321 aquatico
519 4253 627 4306 dici
647 4263 925 4322 putantes,
952 4255 1100 4308 illico
1119 4270 1177 4307 se
1201 4270 1359 4323 posse
1382 4254 1810 4324 responderunt.

245 4341 312 4398 Et
338 4342 626 4398 Dominus:
658 4342 890 4399 Calicem
915 4346 1124 4416 quidem
1156 4362 1324 4399 meum
1357 4341 1539 4400 bibctis
1596 4357 1644 4400 et
1714 4349 1810 4400 ba-

318 4501 334 4533 '
366 4499 560 4558 Matth.
585 4503 786 4569 xx,22.

1916 3160 1970 3214 in
2002 3159 2264 3214 extremis
2289 3159 2632 3228 temporibus
2662 3157 2928 3228 martyrio
2989 3155 3354 3212 moriturum;
3388 3167 3490 3207 nec

1915 3251 2248 3305 credendum
2314 3249 2519 3313 solum,
2588 3263 2781 3302 verum
2843 3247 3006 3302 etiam
3059 3244 3487 3315 prmdicandum.

1916 3339 2318 3405 Scripturarum
2341 3339 2488 3393 enim
2518 3346 2860 3392 sacramenta
2891 3336 2984 3406 qui
3009 3338 3315 3390 taciturnus
3351 3335 3482 3388 reti-

1916 3443 2028 3497 net,
2066 3449 2172 3488 non
2198 3431 2394 3488 evadet
2422 3431 2669 3500 impune,
2705 3428 3011 3499 praesertim
3039 3427 3091 3480 id
3131 3425 3277 3494 quod
3335 3434 3392 3478 et
3425 3426 3482 3478 ia

1916 3525 2142 3580 dubium
2172 3525 2315 3594 apud
2342 3537 2535 3578 omnes
2560 3521 2740 3575 dicant
2773 3521 2953 3574 adhuc
2987 3519 3240 3594 vertitur.
3271 3516 3337 3569 Et
3377 3515 3488 3570 nisi

1916 3618 2167 3688 perutilis
2199 3593 2381 3672 futura
2401 3626 2549 3671 esset
2581 3613 2914 3670 Christianis
2948 3593 3486 3681 bnjus‘przedicatio,

1917 3725 2025 3762 non
2055 3709 2310 3778 equidem
2361 3719 2508 3762 tanta
2542 3723 2671 3762 cura
2731 3703 3059 3761 crediderim
3112 3700 3490 3767 conscriptum

1918 3799 2106 3852 fuisse.
2131 3796 2414 3867 Scriptum
2445 3810 2531 3853 est
2559 3814 2691 3867 ergo
2727 3805 2866 3850 utet
2919 3793 3160 3848 sciamus
3207 3801 3261 3844 et
3297 3789 3492 3860 pr:cdi-

1917 3904 2104 3944 cetnns
2131 3870 2470 3957 posterisque
2495 3897 2754 3942 constans
2783 3897 2837 3941 et
2861 3886 3075 3938 firmum
3111 3883 3494 3951 relinquamus

1916 3981 2064 4050 quod
2097 3988 2154 4035 et
2191 3980 2452 4034 Dominus
2469 3987 2524 4033 et
2545 3995 2640 4048 per
2665 3975 2960 4046 Evangelia
2992 3983 3049 4029 et
3080 3988 3180 4042 per
3209 3972 3480 4042 Apocaly-

1916 4075 2056 4142 psim
2089 4073 2250 4128 nobis
2277 4071 2527 4134 tradidit,
2563 4067 2996 4135 commendavit,
3029 4075 3087 4119 ut
3135 4065 3239 4119 hac
3267 4077 3491 4131 quoque

1919 4163 2220 4235 Scriptura:
2270 4163 2687 4234 prtemonitione
2734 4169 2899 4229 atque
2953 4157 3202 4212 doctrina
3261 4155 3346 4208 vel
3379 4167 3493 4206 mo-

1918 4265 2156 4310 neantur
2177 4265 2233 4309 et
2260 4254 2421 4309 fidem
2444 4263 2664 4308 servent
2689 4251 2858 4306 futuri
2884 4248 3148 4318 temporis
3162 4245 3492 4300 Antichristi

1920 4347 2108 4403 lidefes
2127 4387 2143 4413 ,
2170 4348 2255 4402 vcl
2279 4347 2675 4403 incxcusabiles
2694 4347 2934 4415 undique
2957 4342 3084 4398 facti
3105 4337 3496 4397 conticescant.
