3902 6208
457 324 574 389 8'9-

1651 319 1979 382 GEORGII
2021 299 2544 386 TRAPEZUNTII

3555 321 3636 388 880

460 441 574 496 bile
604 438 844 500 videtur,
877 444 1030 492 tanto
1063 436 1325 507 temporis
1351 437 1533 506 spatio
1559 437 1822 493 dilectum
1855 435 2026 491 disci-
2056 435 2105 495 Α
2133 434 2240 491 non
2277 439 2605 495 moriturum
2624 425 2885 495 Joannem
2913 417 3083 518 usque
3101 434 3168 514 ad
3197 417 3423 514 extrema
3451 427 3638 518 tempora

462 530 653 599 pulum
673 528 907 584 vinculis
924 528 1104 582 adhuc
1124 527 1376 598 corporis
1396 528 1594 590 teneri,
1617 543 1716 582 nec
1743 528 2035 582 liberatum

462 621 570 676 hoc
591 635 810 675 carcere
829 619 996 674 fuisse
1029 618 1084 672 in
1107 617 1682 682 Domino'resolutum,
1710 621 1804 675 sed
1837 620 2041 692 longis-

464 713 607 768 simo
640 721 884 781 tempore
920 711 973 764 in
1010 711 1116 766 hoc
1148 712 1503 768 resolutionis
1552 712 1825 766 desiderio
1863 713 2040 782 jacta-

461 805 533 859 ri.
565 804 678 860 Ncc
701 804 846 858 enim
871 803 1208 859 credendum
1233 814 1337 870 est,
1371 805 1555 861 minus
1581 805 1848 860 Joannem
1878 820 2039 874 quam

462 895 688 949 Paulum
724 895 928 950 resolvi
957 895 1324 958 desiderasse,
1357 898 1453 966 qui
1485 898 1596 952 ait:
1632 897 1801 966 Cupio
1852 896 2040 950 resolvi

464 997 512 1038 et
541 1003 651 1040 esse
685 1004 802 1040 cum
831 987 1043 1042 Christo
1073 1005 1093 1053 ;
1135 990 1293 1057 quasi
1324 1004 1457 1043 vero
1503 1005 1612 1043 non
1647 990 1822 1058 possit
1851 989 2039 1043 Domi-

461 1093 569 1132 nus
595 1089 648 1132 et
673 1072 772 1148 ipsi
793 1089 850 1134 et
881 1080 1064 1134 Euoch
1109 1091 1272 1151 atque
1299 1081 1431 1137 Elia:
1462 1094 1588 1137 ante
1613 1095 1845 1138 mortem
1875 1083 2038 1137 etiam

463 1170 869 1226 beatitudinem
909 1171 1156 1240 elargiri,
1185 1176 1442 1243 quamvis
1477 1190 1584 1229 non
1644 1175 1719 1228 illi
1775 1175 2039 1242 aequalem

409 1251 415 1264 ’
470 1261 886 1339 quam_resoluti
923 1262 1230 1326 habebunt,
1263 1262 1472 1318 tantam
1513 1273 1696 1320 tamen
1729 1279 1786 1320 ut
1825 1262 2041 1319 audiret

464 1364 629 1422 atque
668 1354 882 1409 videret
908 1370 970 1409 ea
1003 1371 1125 1424 quae
1157 1371 1259 1412 nec
1292 1357 1489 1411 oculus
1519 1357 1656 1411 vidit
1701 1371 1804 1412 nec
1864 1357 1920 1410 in
1947 1372 2042 1412 co-

466 1447 787 1515 gitationem
823 1449 1064 1504 hominis
1095 1453 1466 1506 ascenderunt
1492 1469 1506 1515 ;
1535 1452 1682 1522 quod
1726 1453 1780 1506 in
1812 1466 2042 1520 corpore

466 1539 652 1594 adhuc
687 1540 875 1593 animo
913 1541 1139 1595 detento
1177 1542 1292 1596 fieri
1332 1539 1516 1610 posse,
1566 1544 1612 1598 is
1651 1545 1766 1612 ipse
1803 1551 2044 1598 testatur

469 1629 689 1684 dicens:
735 1629 855 1685 Sive
887 1633 941 1685 in
973 1649 1212 1702 corpore,
1245 1637 1350 1688 sive
1376 1637 1529 1689 extra
1578 1652 1786 1705 corpus,
1848 1636 2040 1698 nescio,

469 1723 609 1777 Deus
638 1725 732 1778 scit
755 1727 793 1777 ¹.
831 1725 982 1778 Adde
1009 1725 1154 1792 quod
1187 1727 1240 1780 in
1273 1735 1538 1779 aeternum
1570 1739 1668 1795 pro
1700 1725 1805 1780 hoc
1835 1724 2043 1778 brevis-

469 1813 609 1868 simo
637 1816 897 1883 temporis
931 1816 1108 1882 spatio
1132 1831 1332 1869 corona
1350 1815 1595 1886 martyrii
1620 1814 1852 1883 fulgens,
1878 1824 1933 1868 et
1962 1815 2048 1869 fu-

469 1913 597 1959 tura
640 1907 1026 1974 prmdicatione
1061 1908 1418 1975 promeritus,
1449 1909 1618 1973 magis
1649 1909 1930 1976 magisque
1960 1924 2048 1964 re-

471 1996 804 2062 splendebit.
838 1996 970 2049 Illud
989 1999 1232 2065 profecto
1251 2000 1445 2052 mirum
1465 2010 1548 2054 est
1571 1999 1715 2070 quod
1735 1997 2054 2070 cumquem

473 2098 753 2140 mortuum
792 2090 1155 2153 contendunt,
1187 2105 1294 2158 qua
1338 2101 1515 2144 morte
1571 2093 1884 2157 dormierit,
1950 2109 2048 2148 ne-

471 2189 686 2245 queunt
713 2195 1012 2249 exponere,
1039 2196 1135 2234 nec
1165 2182 1427 2250 reliquias
1471 2183 1592 2252 ejus
1632 2199 1871 2252 unquam
1903 2185 2047 2241 visas

471 2268 673 2324 alicubi
708 2269 969 2326 fatentur.
1004 2272 1121 2325 Non
1155 2283 1241 2326 est
1291 2284 1443 2327 certe
1485 2274 1783 2328 verisimile
1816 2286 1875 2328 ut
1905 2277 2048 2330 mul-

475 2368 654 2412 torum
689 2377 797 2414 non
835 2371 995 2418 tanta:
1035 2364 1303 2418 claritatis
1343 2374 1682 2428 sanctorum,
1711 2367 1804 2434 qui
1837 2367 1889 2420 in
1921 2383 2044 2423 ere-

474 2467 566 2506 mo
599 2454 906 2516 latitarunt,
933 2465 989 2509 et
1017 2471 1164 2511 mors
1191 2467 1450 2513 narretur
1480 2469 1535 2514 et
1572 2459 1820 2530 reliquiae
1857 2473 2046 2517 osten-

475 2543 698 2608 dantur,
734 2547 1039 2601 cLJoa'nnis
1067 2550 1445 2616 apostolorum
1499 2553 1817 2612 clarissimi,
1874 2570 2041 2622 quem

476 2635 709 2688 izt‘Asitc
740 2635 860 2690 luce
919 2647 1196 2692 versatum
1254 2639 1424 2695 fuisse
1475 2652 1711 2707 constat,
1752 2643 1938 2712 ibique
1981 2647 2048 2700 ab

477 2725 583 2778 bac
625 2727 734 2780 vita
765 2730 1062 2782 recessisse
1095 2732 1178 2799 (ut
1207 2731 1410 2795 aiunt),
1454 2748 1554 2787 nec
1598 2751 1747 2790 mors
1803 2751 2048 2805 expona-

479 2825 571 2870 tur
599 2833 699 2871 nec
731 2820 982 2874 exanime
1007 2836 1208 2890 corpus
1243 2839 1482 2892 unquam
1510 2825 1686 2878 visum
1713 2827 1898 2882 luerit.
1939 2828 2046 2883 Sed

479 2923 658 2974 operae
683 2911 917 2980 pretium
947 2921 1050 2978 est,
1086 2915 1332 2969 breviter
1387 2931 1451 2971 ac
1481 2919 1716 2972 summis
1752 2920 1835 2991 (ut
1871 2921 2046 2993 aiunt)

481 2999 671 3067 digitis
705 3011 948 3071 tangere,
977 3020 1099 3072 qua:
1135 3005 1412 3061 feruntur.

2143 523 2512 586 existimarint
2533 550 2548 600 ;
2572 533 2615 587 si
2639 521 2882 601 denique
2908 517 3143 604 Ioannes
3172 529 3287 602 ipse
3313 517 3640 585 modestissime

2143 611 2452 675 sermonem
2489 631 2543 676 et
2577 623 2745 676 verba
2783 619 3072 677 conferens
3108 615 3223 674 rem
3258 605 3359 672 non
3388 625 3461 688 est
3481 613 3640 674 inficia-

2143 703 2266 766 tus:
2293 713 2420 782 quis
2450 709 2746 772 dubitabit,
2774 710 3199 788 dilectissimum
3233 707 3428 788 Christi
3454 710 3636 788 discipu.

2143 802 2276 864 lum,
2301 797 2534 856 alterum
2572 803 2802 874 virginis
2837 797 3014 856 Mariae
3073 785 3445 874 perlall‘ect'um
3477 785 3644 872 prapter

2143 889 2514 962 virginitatem
2549 893 2742 960 lilium,
2779 895 2867 949 cui
2898 903 2955 946 ut
2988 879 3166 948 mater
3201 887 3306 947 lilio
3329 877 3643 948 commendata

2141 985 2269 1048 fuit,
2312 985 2404 1054 qui
2433 971 2842 1057 generationem
2875 985 3054 1040 Verbi
3102 973 3358 1038 aeternam
3400 977 3645 1037 hominibus

2143 1076 2406 1143 intonuit,
2455 1079 2542 1132 cui
2573 1078 2834 1134 Ecclesia:
2857 1075 3144 1132 militantis'
3167 1069 3339 1130 status
3367 1076 3459 1129 fuit
3485 1071 3642 1129 revela-

2148 1167 2259 1233 tus;
2287 1169 2436 1240 quis,
2465 1170 2684 1240 inquam
2725 1169 3023 1236 dubitabit,
3054 1159 3456 1240 evangelistam,
3479 1179 3642 1237 aposto-

2145 1262 2279 1323 lum,
2311 1263 2632 1333 prophetam
2672 1262 3174 1338 martyrii'quoqne
3202 1277 3396 1316 corona
3427 1262 3473 1314 in
3514 1257 3647 1314 extre.

2143 1349 2249 1414 mis
2287 1357 2630 1430 temporibus
2663 1341 2987 1426 potiturum,
3051 1366 3364 1426 ututerquc
3392 1356 3474 1426 qui
3516 1355 3648 1426 pluri-

2145 1467 2292 1505 mum
2325 1430 2551 1512 dilexit,
2574 1461 2630 1505 et
2661 1449 2753 1519 qui
2789 1431 3093 1518 plurimum
3150 1441 3378 1502 dileCtns
3413 1463 3440 1499 a
3478 1439 3652 1499 Domino

2144 1543 2268 1605 fuit,
2312 1543 2365 1596 in
2402 1541 2656 1596 maximis
2690 1541 3198 1618 persecutionibus,
3257 1539 3388 1594 alter
3429 1538 3650 1618 incipienti

2143 1615 2288 1690 alter.
2314 1623 2586 1689 desinenti
2631 1615 2885 1688 Ecclesia!
2914 1629 3125 1706 praesit.
3179 1633 3277 1694 ita,
3316 1613 3651 1701 inquitmt;sed

2147 1710 2305 1802 multi
2333 1721 2588 1800 doctores
2610 1725 2868 1782 Ecclesiae
2899 1718 3336 1780 taniOricntales
3361 1739 3514 1802 quam
3539 1721 3651 1778 Orci-

2149 1800 2397 1876 dentales
2416 1815 2527 1896 jam
2554 1805 2830 1874 mortuum
2855 1815 2973 1875 esse
2993 1817 3177 1888 ipsum
3205 1819 3533 1886 scripserunt,
3550 1831 3653 1896 quo-

2154 1893 2272 1968 rum
2307 1893 2620 1968 auctoritati
2676 1905 3096 1982 repugnandum
3130 1925 3239 1964 non
3291 1919 3388 1964 est.
3420 1909 3491 1962 Sit
3537 1895 3648 1988 sane.

2147 1992 2386 2084 ATbyssus
2412 1997 2557 2060 enim
2581 2013 2663 2058 est
2694 2001 2999 2074 Scriptura,
3025 1991 3361 2070 incipientes
3385 1993 3600 2061 diximus,
3617 2009 3651 2050 et

2147 2089 2305 2152 aliter
2353 2095 2444 2149 alii
2495 2091 2706 2163 singula
2744 2094 2989 2164 capiunt,
3023 2100 3087 2146 et
3136 2107 3325 2163 omnes
3359 2086 3648 2159 suscipientes

2149 2175 2305 2242 divisi
2345 2165 2439 2241 aut
2485 2173 2819 2252 evangeliea:
2861 2179 3170 2262 Scripturaé
3195 2191 3309 2260 lant
3347 2167 3487 2235 alteri
3517 2172 3650 2232 alteris

2147 2265 2549 2340 conl‘radicant.
2591 2275 2650 2329 In
2687 2276 2788 2328 hac
2824 2291 2955 2328 vero
2989 2273 3300 2343 qumstione
3353 2265 3391 2326 s'i
3427 2269 3648 2339 p'rzedict'us

2148 2369 2426 2438 Evangelii
2469 2350 2622 2421 loeus
2673 2367 2730 2421 et
2762 2347 3003 2418 rationes
3053 2365 3240 2419 solum
3290 2361 3648 2440 considerantur.

2149 2453 2391 2531 articulis
2420 2451 2543 2510 fidei
2578 2439 2684 2510 non
2722 2457 3151 2516 contradicitur,
3194 2439 3525 2507 contradictio
3552 2447 3589 2500 in
3612 2460 3648 2499 re

2149 2549 2262 2605 sola
2300 2540 2566 2603 remanet.
2599 2547 2664 2602 Et
2722 2545 2918 2610 credo,‘
2941 2537 2983 2600 si
3020 2546 3174 2614 quis,
3208 2544 3348 2598 omni
3376 2553 3647 2618 praeoccupa-

2150 2643 2297 2697 tione
2319 2656 2384 2696 ac
2409 2640 2763 2696 contentione
2786 2639 3023 2705 abiecta,
3049 2637 3292 2707 integer,
3321 2649 3402 2688 res
3426 2627 3544 2704 ipsas
3561 2644 3648 2682 con-

2157 2732 2380 2792 sideret,
2430 2729 2589 2786 nobis
2631 2729 2947 2784 affuturum.
2991 2726 3220 2782 Certior
3285 2725 3403 2780 vero
3445 2739 3541 2777 sum
3567 2735 3648 2772 cum

2147 2824 2257 2895 jam
2287 2825 2508 2876 tertium
2543 2823 2724 2876 locum
2758 2828 3097 2880 tractavero,
3129 2819 3333 2886 absque
3353 2808 3649 2868 controversi:

2151 2903 2342 2968 omnes
2367 2913 2656 2966 aﬂ'utnros.
2683 2911 2840 2966 Nulla
2865 2911 3010 2964 enim
3038 2907 3278 2963 aliorum
3301 2916 3377 2961 cst
3402 2902 3648 2958 auctoritas.

2154 3005 2450 3072 Scriptura:
2479 3002 2790 3056 auctoritati
2827 2999 3042 3055 collata.
3091 2994 3205 3055 Nec
3237 2991 3405 3052 tamen
3441 2995 3588 3048 Patres
3620 2985 3650 3038 si

557 3091 808 3148 Tradunt
833 3109 1022 3151 omnes
1051 3097 1193 3164 fere,
1229 3099 1321 3168 qui
1361 3099 1465 3154 bac
1499 3101 1566 3155 de
1596 3117 1654 3156 re
1687 3102 1854 3158 locuti
1903 3116 2052 3173 sunt,
2084 3115 2126 3171 ο
2159 3109 2343 3150 contra
2375 3097 2731 3162 scripserunt,
2763 3091 3046 3148 criminari
3079 3091 3186 3154 fas,
3213 3089 3255 3142 si
3280 3089 3372 3141 loci
3400 3085 3648 3152 Scriptura,

485 3195 776 3255 postquam
805 3188 1046 3244 Joannes
1073 3191 1246 3246 sensit
1271 3192 1525 3246 ultimum
1555 3192 1844 3251 advenisse
1884 3199 2056 3265 diem,

481 3277 713 3348 iussisse
745 3278 1045 3350 discipulos
1073 3282 1284 3337 foveam
1310 3285 1512 3351 facere,
1549 3287 1600 3340 in
1633 3303 1795 3357 quam
1821 3306 1945 3345 cum
1975 3295 2026 3348 vi

486 3384 590 3424 vus
609 3370 944 3439 vestitusque
959 3373 1354 3440 descendisset,
1381 3377 1675 3446 imper'asse
1706 3381 1835 3444 illis,
1858 3393 1917 3436 ut
1940 3383 2060 3437 abi-

487 3471 612 3516 rent
643 3471 697 3517 ct
723 3463 802 3517 sic
821 3463 1093 3532 jacentem
1118 3465 1170 3519 in
1207 3467 1386 3529 fovea,
1423 3469 1824 3540 Dominumque
1865 3490 2062 3544 exspec

487 3559 727 3606 ctantem
748 3554 1155 3623 relinquerent;
1180 3557 1633 3625 obtemperarunt
1656 3561 1754 3627 illi,
1776 3575 2064 3633 etpostero

492 3641 582 3696 die
602 3645 828 3705 reversi,
848 3657 958 3696 non
981 3643 1303 3700 invenerunt
1325 3645 1525 3716 ipsum.
1543 3647 1674 3714 Quis
1690 3666 1753 3705 ex
1772 3652 1873 3708 hac
1896 3653 2062 3709 hile-

487 3734 566 3786 ria
584 3748 687 3788 non
708 3733 991 3803 intelligat,
1008 3749 1120 3804 prae
1143 3736 1406 3792 modestia
1425 3738 1527 3793 hoc
1547 3738 2060 3815 impetrasse-ipsum

491 3839 518 3872 τι
547 3822 799 3890 Domino,
825 3841 895 3880 ne
937 3826 1329 3895 praedicaretur
1347 3830 1506 3886 vivus
1540 3832 1593 3886 in
1625 3834 1822 3890 caelum
1855 3847 2062 3906 raptus.

489 3912 624 3970 Nam
655 3913 702 3968 si
731 3915 1058 3984 moriturum
1079 3917 1300 3988 jamjam
1325 3935 1383 3975 se
1416 3926 1810 3994 prmcognovit,
1862 3944 1962 3982 cur
1992 3930 2063 3984 ita

493 4007 652 4059 vivus
673 4007 880 4071 perfodi
906 4007 1076 4080 voluit
1093 4019 1270 4064 etnon
1286 4016 1637 4082 exspectavit,
1659 4033 1856 4086 corpus
1871 4035 2064 4074 exsan-

491 4113 598 4168 gue
646 4097 702 4152 in
743 4098 992 4168 sepulcro
1021 4101 1237 4155 defodi?
1262 4103 1445 4158 Dicam
1481 4118 1667 4173 aperte
1697 4107 1840 4174 quod
1865 4111 2062 4167 sentio.

493 4189 608 4244 Nisi
637 4191 848 4245 ratione
873 4191 1175 4259 modestiae,
1202 4194 1345 4249 sicut
1370 4194 1634 4259 diximus,
1663 4196 1860 4254 fecisse
1885 4199 2062 4270 ipsum

493 4281 888 4351 putaverimus,
909 4283 1116 4349 puerile
1139 4285 1268 4353 quid
1299 4285 1595 4352 videbitur,
1619 4285 1950 4346 sicvoluisw
1969 4292 2064 4348 de-

491 4376 628 4430 ludi.
648 4375 801 4442 Quod
825 4386 1007 4432 autem
1025 4386 1244 4448 postero
1267 4377 1357 4431 die
1379 4377 1608 4434 nonfuit
1635 4379 2066 4468 inventus,.tton-

492 4483 561 4522 ne
581 4469 857 4523 insolubili
879 4477 1197 4539 argumento
1218 4476 1324 4534 est,
1343 4467 1524 4522 vivum
1546 4469 1673 4524 inde
1698 4470 1805 4524 alio
1830 4453 2065 4529 traitsla-
2099 4451 2141 4506 θ

495 4569 630 4614 lum.
651 4559 724 4614 lta
750 4575 990 4629 prorsus.
1011 4560 1154 4627 Quas
1173 4561 1243 4616 ob
1265 4576 1372 4626 res,
1389 4564 1434 4615 si
1469 4561 1616 4616 nulla
1637 4572 1818 4632 potest
1836 4563 2065 4620 inveniri

494 4655 600 4709 alia
615 4668 776 4708 causa
811 4652 1138 4724 evangelicis
1167 4653 1327 4721 digna
1345 4655 1722 4717 sacramentis,
1740 4672 1839 4712 cur
1861 4657 1927 4712 de
1957 4658 2066 4714 vita

499 4745 730 4800 Joannis
759 4755 814 4798 et
837 4755 1008 4800 morte
1044 4745 1307 4800 Dominus
1342 4745 1432 4801 hic
1465 4747 1602 4802 dixit
1646 4759 1701 4804 et
1736 4750 2067 4821 evangelista

496 4837 748 4906 iteravit;
796 4837 843 4891 si
877 4847 1119 4892 extrema
1156 4846 1402 4906 tempora
1430 4837 1664 4894 testibus
1690 4843 1954 4908 egebunt,
1974 4843 2070 4912 qui

495 4930 874 4986 testimonium
892 4929 1006 5001 jam
1043 4928 1138 4984 diu
1164 4929 1384 4985 venisse
1405 4929 1686 4986 Christum
1712 4933 2034 5001 perhibeant
2048 4949 2065 5002 ;

493 5023 540 5077 si
573 5021 802 5092 apostoli
859 5021 1094 5092 alicujus
1122 5021 1483 5079 excellentior
1512 5030 1596 5078 est
1653 5024 1756 5079 hac
1793 5025 1859 5080 de
1886 5040 1946 5080 re
1975 5037 2058 5082 te-

495 5113 753 5169 stiﬁcatio
773 5130 789 5178 ;
811 5114 859 5168 si
885 5127 1077 5168 omnes
1108 5112 1385 5184 apostolos
1407 5115 1774 5171 obdormiisse
1805 5118 2068 5188 martyrio

497 5215 734 5270 constat,
760 5205 997 5262 Joannes
1014 5221 1043 5260 a
1062 5205 1280 5259 nemine
1302 5215 1632 5275 conspectus
1655 5208 1925 5263 exanimis
1945 5220 2028 5264 est
2054 5228 2068 5274 ;

503 5297 552 5352 si
581 5308 844 5367 prteterea
879 5297 1204 5352 aliirmative
1235 5297 1442 5354 dictum
1469 5307 1554 5353 est
1581 5314 1612 5352 a
1653 5299 1888 5355 Domino
1913 5319 1925 5354 :
1953 5300 2076 5356 Volo

497 5405 619 5442 eum
647 5407 860 5445 manere
899 5394 1063 5445 donec
1091 5393 1299 5446 veniam
1321 5431 1336 5457 ,
1393 5406 1493 5446 nec
1523 5390 1591 5446 de
1621 5393 1840 5461 propria
1885 5394 2074 5465 condi-

502 5483 651 5538 tione
678 5484 782 5538 hoc
817 5493 966 5539 recte
1012 5483 1236 5554 intelligi
1265 5492 1480 5552 potest;
1523 5483 1566 5537 si
1606 5498 1797 5538 omnes
1846 5487 2075 5554 apostoli

505 5581 563 5624 et
587 5573 842 5645 discipuli
880 5574 1093 5629 Domini
1123 5573 1286 5628 verba
1320 5573 1440 5644 ejus
1465 5572 1544 5627 sic
1581 5571 1992 5638 intellexerunt,
2021 5584 2078 5627 ut

541 5748 676 5808 ,⁸11
704 5753 828 5808 Cor.
866 5770 962 5819 xtt,
997 5756 1048 5807 Ii.
1128 5757 1145 5785 '
1176 5757 1321 5848 Apoc
1382 5771 1432 5820 χ,
1479 5752 1560 5810 ll.

2161 3203 2300 3258 quos
2329 3190 2380 3240 in
2413 3186 2650 3240 medium
2678 3180 3014 3238 adducemus
3040 3197 3160 3236 non
3195 3178 3538 3236 occurrerunt,
3565 3183 3648 3224 cum

2161 3283 2484 3338 scriberent.
2515 3278 2660 3334 Nihil
2687 3278 2832 3330 enim
2875 3276 3172 3340 habemus,
3201 3273 3339 3344 quod
3368 3286 3459 3324 non
3490 3260 3645 3348 accepi

2163 3389 2306 3435 mus,
2344 3383 2400 3426 et
2439 3371 2676 3440 Spiritus
2698 3369 2788 3423 tibi
2823 3369 2937 3422 vult
2966 3369 3164 3435 spirat.
3195 3367 3362 3433 Quare
3389 3361 3572 3415 stuitt'tm
3597 3359 3651 3405 εει

2163 3469 2205 3522 si
2243 3466 2524 3535 accepisti,
2555 3463 2775 3533 gloriari
2814 3461 2965 3532 quasi
3005 3460 3117 3515 non
3161 3457 3440 3527 acceperis.
3469 3449 3646 3515 Selii:Im

2166 3561 2508 3628 Scripturam
2545 3557 2613 3611 de
2646 3571 2702 3609 re
2727 3555 3010 3625 proposita
3040 3554 3354 3622 loquentem
3410 3543 3661 3605 amliamus.’

2234 3647 2335 3706 llic
2360 3649 2502 3703 idem
2533 3648 2771 3703 Joannes
2798 3646 2851 3698 in
2877 3641 3027 3699 calce
3089 3643 3219 3698 noni
3247 3640 3428 3710 capitis
3452 3629 3652 3703 Αροωις·

2166 3745 2277 3814 psis
2302 3741 2509 3795 dictum
2543 3738 2646 3793 sibi
2677 3752 2796 3793 esse
2832 3736 3022 3791 scribit
3049 3754 3079 3814 εΔ
3139 3733 3351 3801 Oportet
3409 3737 3452 3781 te
3510 3725 3646 3819 iterat!

2166 3837 2478 3906 prophetare
2510 3831 2736 3901 papillis,
2774 3829 3034 3899 gentibus,
3068 3827 3261 3898 linguis
3291 3833 3336 3877 et
3379 3819 3530 3874 multis
3553 3827 3651 3906 regl-

2166 3905 2258 3982 ims
2286 3927 2333 3978 ’.
2362 3924 2418 3977 Id
2457 3931 2608 3978 certe
2637 3937 2744 3975 non
2775 3929 2955 3990 potest
2984 3920 3053 3974 de
3103 3914 3392 3984 Evangelio
3416 3910 3523 3969 dici,
3564 3905 3649 3957 licet

2167 4027 2523 4090 posteaquam
2554 4013 2936 4084 Apocalypsis,
2971 4010 3232 4080 scriptum
3259 4008 3324 4061 ab
3351 4018 3410 4058 eo
3434 4001 3510 4056 sit.
3559 3991 3648 4090 Nan:

2168 4077 2269 4164 il“C
2303 4077 2656 4176 Evangeliuin
2695 4077 3034 4173 prophetiam
3085 4077 3230 4155 ullus
3270 4105 3488 4164 unquam
3519 4077 3651 4152 πρρθιο

2166 4201 2301 4260 labit
2326 4214 2427 4253 nec
2479 4197 2666 4252 multis
2699 4191 2963 4264 Scriptum
3009 4203 3094 4248 est
3148 4188 3362 4261 linguis,
3399 4183 3480 4239 sed
3517 4177 3649 4232 (intre

2166 4293 2364 4348 solum.
2393 4288 2505 4342 Nec
2534 4287 2703 4341 refert
2726 4283 2770 4338 si
2809 4263 2907 4352 per
2963 4282 3361 4336 traductionem
3411 4271 3470 4327 ad
3505 4263 3648 4320 muli”

2169 4381 2478 4455 pervenerit
2524 4379 2755 4448 linguas.
2776 4377 3176 4431 Traductiones
3198 4371 3335 4426 enim
3360 4381 3452 4421 non
3474 4365 3652 4416 suntsu-

2169 4485 2409 4538 ctorum,
2427 4471 2522 4528 sed
2545 4469 2954 4524 translatorum.
2977 4469 3094 4536 Ipse
3112 4476 3287 4521 autem
3309 4455 3650 4545 prophetale!us

2169 4565 2354 4623 multis
2380 4563 2618 4634 populis,
2650 4560 2924 4630 gentibus,
2953 4559 3174 4628 regibus
3195 4571 3286 4626 per
3311 4551 3489 4640 multas
3507 4541 3650 4640 dicitur

2171 4632 2406 4725 linguas.
2424 4632 2651 4708 Accedit
2669 4649 2814 4720 quod
2849 4649 2936 4702 bis
2952 4647 3003 4702 ei
3025 4647 3187 4700 dictis
3199 4639 3458 4698 conlestitn
3481 4632 3649 4725 ill—illiilli

2172 4709 2394 4816 capituli
2431 4742 2632 4798 decimi
2685 4709 2888 4796 dicitur
2922 4739 2991 4794 de
3017 4737 3235 4793 duobus
3283 4709 3646 4820 testibus.

2173 4811 2398 4893 et'Elia.
2423 4833 2578 4890 Unde
2608 4840 2758 4901 patet
2779 4845 2888 4884 non
2923 4827 3086 4884 simul
3113 4826 3217 4882 sibi
3242 4822 3432 4878 dictum
3454 4811 3648 4901 divinitus

2175 4927 2345 4985 luisse
2368 4924 2436 4980 de
2466 4897 2642 4978 tribus
2672 4920 2926 4982 testibus,
2957 4917 3054 4973 sed
3089 4915 3300 4971 divisim
3331 4911 3379 4963 in
3408 4901 3532 4958 calce
3554 4897 3646 4946 ηοηι

2175 5021 2244 5074 de
2273 5018 2457 5088 seipso
2487 5023 2545 5070 et
2582 5021 2825 5070 actutum
2865 5010 2920 5066 in
2965 5010 3178 5065 decimo
3207 5005 3270 5060 de
3304 4993 3515 5088 reliquis,
3559 4989 3646 5088 CT

2174 5070 2500 5168 onniiatsint
2521 5117 2648 5162 nota
2673 5104 2928 5166 Domino,
2959 5117 3062 5157 nec
3080 5085 3564 5155 honestisbominum
3582 5070 3648 5124 ἀθά

2175 5203 2396 5258 sideriis
2420 5215 2664 5269 unquam
2707 5197 2945 5262 resistat,
2977 5196 3073 5250 sed
3103 5203 3310 5260 semper
3344 5173 3538 5269 favendo

2179 5304 2441 5363 sequatur
2470 5305 2580 5345 non
2613 5290 2796 5345 minus
2817 5301 2980 5357 quam
3022 5277 3352 5356 praevenerit.
3376 5254 3645 5368 Ρτᾳιςξξεξξξ

2181 5353 2347 5454 ίῧίίυι·
2383 5381 2554 5438 semel
2583 5380 2650 5435 de
2685 5353 2948 5434 universo
2981 5353 3123 5433 statu
3153 5366 3388 5428 Ecclesia
3413 5353 3641 5454 militauit:

2182 5435 2236 5532 iii
2277 5475 2641 5547 Apocalypsi;
2682 5472 2777 5527 sed
2816 5481 3034 5540 Oportet
3083 5470 3251 5539 ipsum
3303 5461 3470 5556 iterum

2407 5527 2742 5641 propliciarc
2773 5527 3002 5635 regibus
3031 5527 3245 5623 multis,
3277 5543 3462 5625 ρορυιίε
3487 5527 3638 5590 mum“
