3902 6208
243 261 344 354 sit

1014 296 1098 358 IN
1147 298 1405 376 lLLUD,
1450 316 1470 349 ι
1500 303 1617 364 διο
1658 303 1854 366 VOLO
1896 307 2060 368 seu
2100 279 2446 386 nutans,
2486 327 2505 360 ι
2553 315 2713 378 ETC.

3385 319 3494 387 85%

239 397 502 470 gentibus
529 398 736 456 multis.
762 400 940 468 Quare
968 405 1015 460 si
1089 406 1460 480 Evangdinnr
1514 415 1818 482 prophetia
1837 420 1896 474 Α-
1920 422 2116 490 ptimo
2154 424 2644 495 quorgo‘baptizor
2673 425 3088 496 baptizublmiui,
3119 427 3225 483 hoc
3247 441 3350 498 est,
3377 435 3496 503 νεαρ)

237 507 352 547 non
381 500 486 556 est,
515 506 613 548 nec
643 493 686 548 si
719 505 885 561 esset,
917 497 1104 553 multis
1129 499 1333 571 linguis
1362 502 1433 556 ab
1457 502 1577 573 ipso
1602 505 1812 560 editum

235 594 347 650 est,
385 600 487 640 nec
511 586 698 641 multis
726 587 842 656 ipse
876 590 1195 659 praedicavit
1224 595 1520 665 gentibus;
1544 596 1638 652 s'eil
1661 596 1815 655 Grae-

235 678 353 742 cis;
389 693 489 731 nec
511 679 764 734 omnibus
800 680 1024 749 Crmcis,
1057 687 1151 740 sed
1183 687 1442 743 Asiaticis
1471 690 1644 744 solum
1671 709 1686 757 ;
1713 708 1816 748 nec

234 767 462 836 regibus
493 768 702 834 multis,
742 769 1004 828 Romanis
1031 777 1180 831 enim
1211 778 1337 833 Asia
1374 791 1506 835 tunc
1563 782 1816 849 subjecta

235 857 344 912 fuit
378 874 392 911 :
427 858 785 928 perspicuum
817 871 902 915 est
957 857 1087 918 ante
1139 867 1437 922 adventum
1487 871 1813 926 Antichristi

234 949 720 1019 prephetaturum,
753 953 974 1024 quando
1017 957 1207 1012 veniet
1241 958 1411 1014 homo
1444 961 1666 1032 iniquus
1717 963 1811 1034 qui

236 1041 534 1112 praestigiis
566 1044 682 1099 suis
711 1046 914 1101 multos
947 1046 1321 1120 decipiet,qui
1351 1053 1403 1106 vi
1432 1070 1653 1126 quoque
1691 1067 1812 1112 ute-

237 1141 331 1187 tur
361 1133 625 1190 adversus
656 1136 866 1202 fideles,
907 1133 1216 1210 eteter‘aque
1247 1144 1584 1214 hujusmodi.
1619 1147 1809 1205 Enoch

235 1233 294 1280 et
330 1224 472 1279 Elias
515 1225 620 1282 hoc
679 1229 937 1286 similiter
965 1231 1190 1288 facient.
1221 1235 1640 1307 Quapropteret
1664 1239 1812 1296 Scri-

237 1325 405 1384 ptura
439 1333 548 1371 non
578 1328 846 1386 mortuos,
883 1307 977 1380 sed
1010 1327 1121 1381 alio
1163 1338 1349 1398 raptos
1380 1329 1434 1383 in
1466 1346 1697 1400 corpore
1729 1333 1816 1386 di-

239 1409 341 1472 cit,
375 1422 431 1462 ut
460 1410 649 1467 fideles
682 1412 830 1468 illius
860 1419 1125 1485 temporis
1159 1419 1376 1474 facilius
1417 1423 1629 1490 possint
1687 1439 1812 1479 ere.-

237 1496 394 1562 dere,
427 1500 550 1556 illos
580 1502 731 1572 ipsos
770 1517 891 1559 esse
945 1508 1040 1575 qui
1088 1509 1363 1564 divinitus
1402 1512 1468 1565 ad
1507 1516 1813 1582 praedican-

237 1588 368 1643 dum
399 1599 453 1646 et
491 1595 948 1662 prophetandum.
981 1613 1104 1652 eum
1137 1601 1312 1654 multo
1345 1600 1554 1671 fulgore
1624 1605 1675 1657 in
1712 1620 1809 1658 ex-

240 1684 431 1738 tremis
460 1687 802 1754 temporibus
837 1690 1102 1744 reservati
1133 1690 1378 1748 fuerunt.
1423 1694 1535 1749 Hac
1570 1697 1686 1765 ipsa
1721 1714 1810 1751 ra-

239 1773 413 1840 tione,
479 1776 786 1848 eademque
817 1779 884 1835 de
923 1796 1111 1846 causa,
1153 1793 1264 1836 tum
1333 1801 1431 1854 per
1471 1789 1816 1855 evplauatum

243 1863 519 1934 Evangelii
590 1867 769 1922 locum
808 1911 822 1935 ,
891 1881 1006 1924 tum
1073 1873 1240 1929 multo
1310 1881 1678 1946 expressius,
1740 1883 1817 1937 si-

209 1937 616 2025 ‘guificantius,
640 1959 843 2016 clarius
864 1977 961 2030 per
987 1937 1397 2035 Apocalypsim,
1423 1937 1819 2041 Joannis'quob

239 2061 349 2114 que
371 2050 668 2103 reservatio
695 2052 977 2106 scribitur.
1000 2054 1112 2108 Nec
1135 2056 1239 2112 ista
1262 2059 1724 2124 sufl‘ecerint,'sed
1750 2066 1818 2119 ab

240 2139 594 2206 evangelistis
622 2140 872 2196 Mattiaco
895 2153 950 2197 et
978 2143 1162 2200 Marco
1185 2147 1426 2217 ipsorum
1455 2151 1688 2207 filiorum
1716 2153 1818 2208 Ze-

241 2224 418 2280 liedzei
458 2231 786 2307 martyrium
830 2249 1029 2303 magno
1094 2239 1378 2304 praeconio
1415 2243 1816 2296 conclamatur.

238 2317 376 2372 Nam
413 2333 534 2374 cum
575 2324 794 2393 utrique
826 2323 1052 2392 fratres,
1078 2331 1420 2384 aestimantes
1481 2333 1537 2385 in
1573 2333 1674 2387 hac
1710 2334 1818 2387 vita

243 2427 471 2479 regnum
498 2415 703 2470 Christi
733 2416 1007 2482 futurum,
1045 2421 1338 2488 petiissent
1363 2423 1432 2477 ab
1486 2439 1553 2479 eo
1594 2437 1652 2480 ut
1678 2428 1822 2482 alter

244 2503 297 2556 in
339 2503 544 2585 dextris
589 2509 707 2575 ejus
735 2510 875 2563 alter
918 2513 970 2564 in
1026 2514 1269 2568 sinistris
1304 2514 1607 2577 sederent.
1651 2527 1820 2590 atque

243 2593 310 2646 ad
380 2578 484 2649 hoc
542 2613 734 2665 preces
795 2601 960 2655 etiam
1021 2618 1134 2658 suae
1194 2607 1307 2675 (ut
1356 2609 1819 2676 evangelistarum

244 2685 512 2752 scriptum
544 2690 680 2753 alter
713 2691 937 2760 reliquit
969 2694 987 2763 )
1022 2697 1214 2750 matris
1238 2699 1645 2762 adhibuissent,
1669 2702 1820 2772 igne-

245 2789 367 2829 rare
403 2775 549 2845 ipsos
582 2779 713 2848 quid
753 2791 1023 2850 peterent,
1051 2786 1287 2854 primum
1318 2790 1632 2855 audierunt,
1665 2792 1821 2847 dein-

243 2864 313 2916 de
346 2865 426 2920 sic
457 2867 775 2939 interrogati
815 2871 1068 2929 fuerunt:
1108 2875 1338 2931 Potestis
1383 2878 1558 2934 bibere
1601 2883 1820 2937 calicem

241 2973 398 3024 quem
433 2976 525 3028 ego
547 2962 803 3018 bibilurus
834 2968 996 3020 sum?
1046 2971 1481 3038 responderunt:
1509 2973 1817 3028 Possumus.

1921 528 2020 582 pro
2054 513 2212 568 vobis
2238 517 2566 586 exterisque
2599 515 2919 573 hominibus
2947 520 3270 591 sanguinem
3303 539 3486 580 meum

1917 599 2219 666 effundam,
2245 603 2339 658 sed
2372 619 2470 659 vos
2495 621 2715 677 quoque
2747 610 2848 676 pro
2879 609 3114 664 veritate
3143 614 3492 680 praedicatio-

1916 691 2005 746 nis
2036 701 2233 749 vestrm
2285 698 2612 766 sanguinem
2660 709 2902 754 vestrum
2950 701 3268 758 eﬂ‘undetis.
3334 706 3491 764 llunc

1915 782 2144 837 calicem
2176 785 2628 859 baptismumque
2667 791 3033 861 sanguineum
3062 793 3303 850 Jacobus
3351 801 3490 868 qui-

1916 871 2039 926 dem
2066 873 2178 943 jam
2212 871 2354 928 bibit
2384 884 2440 930 et
2500 878 2812 947 baptizatus
2843 889 2948 940 est.
2983 882 3053 936 ab
3087 881 3302 940 Herode
3337 889 3493 942 oeci-

1915 975 2052 1030 sus;
2084 964 2326 1019 Joannes
2376 983 2530 1030 vero,
2571 970 2837 1036 minime;
2867 972 3168 1029 bibiturum
3197 992 3328 1048 ergo
3367 981 3494 1048 quis

1913 1065 2074 1124 negat
2095 1057 2118 1109 ?
2139 1057 2396 1113 Christus
2430 1060 2576 1114 enim
2606 1062 2873 1118 Dominus
2903 1075 3092 1122 noster
3139 1068 3208 1123 de
3241 1071 3490 1140 utrisque

1915 1146 2180 1202 fratribus
2215 1149 2354 1204 dixit
2389 1169 2402 1204 :
2435 1151 2671 1207 Calicem
2710 1155 2924 1222 quidem
2965 1175 3138 1213 meum
3187 1161 3388 1227 biberis,
3442 1174 3493 1217 et
3566 1228 3572 1234 _

1916 1235 2174 1304 baptismo
2211 1254 2328 1292 meo
2354 1239 2772 1310 baptizabimiui,
2807 1244 2913 1300 hoc
2943 1256 3050 1312 est,
3081 1246 3364 1318 Sanguine
3396 1266 3493 1305 ve-

1915 1338 2031 1381 stro
2052 1330 2213 1384 infusi
2239 1347 2336 1400 pro
2357 1334 2586 1388 veritate
2608 1336 2939 1392 moriemini.
2967 1337 3080 1393 Nec
3107 1341 3336 1397 refertsi
3369 1343 3494 1412 quis

1912 1417 2082 1481 dicat,
2117 1421 2304 1476 animo
2327 1423 2477 1476 illum
2509 1433 2801 1496 martyrem
2837 1425 3028 1481 fuisse.
3065 1428 3182 1483 Non
3213 1431 3362 1484 enim
3409 1433 3496 1486 di~
3562 1479 3566 1482 .

1913 1509 1995 1562 xit
2043 1509 2332 1578 Dominus,
2381 1513 2621 1569 Calicem
2698 1512 2920 1586 quidem
2965 1534 3145 1573 meum
3200 1521 3410 1587 bibere,
3439 1530 3497 1577 et

1913 1599 2184 1669 baptismo
2201 1619 2312 1672 quo
2330 1619 2430 1674 ego
2447 1604 2699 1675 baptizor
2720 1607 2981 1678 baptizari
3006 1613 3178 1680 parati
3195 1615 3373 1680 eritis,
3395 1615 3495 1671 sed

1917 1707 2033 1746 rem
2065 1693 2236 1762 ipsam
2259 1706 2315 1750 et
2343 1697 2669 1752 effusionem
2697 1700 2978 1771 sanguinis
3003 1715 3193 1769 aperte
3220 1706 3496 1761 afﬁrman-

1920 1785 2010 1849 do,
2039 1784 2233 1841 Bibetia
2256 1797 2312 1842 et
2341 1788 2766 1859 baptizabimiui,
2800 1793 3002 1862 inquit.
3039 1794 3197 1860 Quod
3233 1797 3276 1851 si
3311 1798 3496 1853 docto-

1920 1877 1998 1932 ris
2030 1878 2263 1949 alicujus
2293 1885 2592 1938 auctoritas
2625 1884 2922 1939 nonuullos
2947 1889 3262 1955 perturbat,
3305 1891 3498 1946 sciant

1918 1965 2182 2022 Joannem
2209 1969 2690 2041 Chrysostomum,
2724 1975 2884 2044 cujus
2908 1977 3212 2030 auctoritas
3246 1994 3355 2032 non
3388 1979 3494 2031 im-

1923 2058 2123 2112 merito
2153 2075 2347 2129 magna
2380 2077 2599 2132 semper
2626 2063 2730 2118 fuit
2759 2075 2812 2118 et
2842 2074 2928 2120 est
2962 2067 3015 2121 in
3046 2064 3318 2130 Ecclesia,
3367 2082 3493 2122 cum

1922 2150 2052 2209 illud
2094 2151 2328 2206 Matthaai
2360 2166 2620 2224 exponat.
2656 2156 2892 2210 Calicem
2928 2158 3136 2224 quidem
3165 2175 3335 2213 meum
3351 2159 3498 2213 bibe-

1922 2243 2011 2303 tis,
2049 2243 2133 2297 his
2168 2245 2350 2299 verbis
2388 2248 2501 2301 uti:
2538 2248 2726 2316 Magna
2753 2249 2911 2302 vobis
2953 2258 3101 2303 certe
3125 2250 3264 2304 bona
3300 2252 3499 2319 praedi-

1923 2348 2012 2392 co,
2059 2335 2308 2405 martyrii
2352 2337 2500 2390 enim
2556 2351 2760 2392 corona
2830 2327 3118 2406 potiemini
3169 2351 3225 2393 et
3255 2341 3496 2395 violenta

1923 2431 2123 2485 morte,
2157 2425 2302 2478 sicut
2324 2435 2377 2478 et
2407 2440 2529 2494 ego,
2560 2442 2588 2480 a
2647 2428 2756 2480 vita
2791 2427 3088 2480 decedetis.
3153 2429 3425 2483 Prmterea
3452 2433 3494 2482 si

1921 2512 2114 2566 licebit
2147 2531 2268 2583 quae
2293 2517 2453 2583 plane
2485 2517 2769 2586 Scriptura
2801 2519 3062 2586 prazdicat
3093 2535 3200 2572 non
3239 2520 3382 2573 sicut
3412 2521 3498 2573 di-

1923 2613 2126 2656 cuntur
2165 2605 2437 2674 accipere,
2469 2607 2562 2660 sed
2607 2607 2672 2660 ad
2708 2608 2948 2661 animum
3005 2617 3169 2676 atque
3235 2610 3498 2663 intentio-

1923 2711 2048 2750 nem
2083 2695 2313 2758 referre,
2349 2711 2541 2751 vereor
2572 2713 2640 2752 ne
2666 2698 2826 2752 facile
2859 2699 3119 2767 pleraque
3144 2699 3327 2752 omnia
3351 2715 3499 2753 com-

1922 2797 2069 2842 mota
2099 2788 2401 2850 labescaut,
2431 2788 2699 2844 labefacta
2733 2799 2918 2851 ruant.
2945 2789 3126 2844 diruta
3162 2791 3214 2843 in
3259 2791 3492 2844 nihilum

1924 2883 2246 2952 redigantur
2279 2883 2698 2940 etAntichristo
2740 2884 3067 2938 latissimam
3112 2885 3254 2940 viam
3291 2900 3498 2955 praepa-

1926 2984 2048 3030 rent
2075 2985 2238 3044 atque
2271 2977 2544 3046 aperiant.

249 3048 314 3100 Et
347 3049 610 3108 Dominus
649 3055 717 3109 de
748 3058 1018 3115 ambobus
1038 3099 1054 3123 ,
1097 3061 1328 3117 Calicem
1383 3065 1592 3136 quidem
1643 3083 1817 3120 meum
1847 3082 1893 3143 ς
1993 3066 2342 3123 Credenduut
2373 3069 2542 3140 igitur
2571 3080 2676 3137 est,
2705 3069 2974 3127 Joannem
3002 3070 3183 3124 adhuc
3205 3070 3409 3136 vivere,
3441 3079 3500 3126 et

239 3139 426 3196 bibatis
460 3144 499 3199 ⁸.
558 3145 794 3202 Calicem
857 3141 947 3206 hic
1007 3167 1170 3207 nemo
1223 3153 1460 3222 dubitat,
1522 3159 1818 3213 violentam

244 3243 502 3299 mortem,
547 3237 597 3291 id
632 3246 717 3292 est
753 3243 1100 3311 mysterium,
1139 3245 1438 3313 appellari:
1468 3248 1584 3302 sive
1616 3250 1695 3304 sic
1722 3250 1821 3306 Ju-

239 3324 486 3379 daeorum
523 3328 709 3400 lingua
735 3342 789 3385 ct
839 3332 1141 3403 Scriptum
1185 3339 1588 3393 consuetudine
1648 3340 1821 3396 fuerit

240 3428 583 3486 usurpatum,
626 3422 742 3477 sive
773 3423 954 3486 aliter,
990 3426 1126 3480 nihil
1158 3425 1346 3480 refert.
1375 3428 1465 3483 Sic
1497 3429 1816 3499 Matthteus;

239 3510 458 3566 Marcus
481 3520 661 3568 autem
695 3517 762 3568 ad
807 3517 920 3570 haec
951 3518 1140 3572 addit:
1172 3519 1239 3571 Et
1265 3520 1534 3590 baptismo
1592 3540 1694 3592 quo
1725 3540 1820 3594 ego

238 3601 501 3671 baptizor,
531 3605 810 3675 baptizari.
838 3606 1086 3677 Cumque
1106 3607 1186 3664 illi
1214 3612 1661 3681 respondissent:
1693 3613 1820 3670 Pos-

237 3711 442 3757 sumus,
473 3696 723 3754 similiter
755 3701 956 3756 infert:
987 3701 1219 3756 Calicem
1243 3705 1452 3767 quidem
1480 3722 1651 3760 meum
1673 3707 1824 3778 obibe-
1865 3743 1873 3752 -

151 3807 154 3809 λ
240 3789 306 3840 tis
340 3798 388 3841 et
411 3789 670 3858 baptismo
723 3809 826 3862 quo
870 3810 962 3864 ego
991 3796 1248 3862 baptizor,
1276 3798 1697 3867 baptizabimiui,
1728 3801 1820 3856 ba-

238 3877 502 3946 ptismum
525 3880 616 3936 hic
643 3881 972 3954 intelligens,
993 3885 1316 3940 effusionem
1338 3903 1503 3957 super
1531 3905 1588 3943 se
1606 3893 1816 3960 proprii

240 3971 544 4038 sanguinis.
588 3972 713 4026 llaec
743 3973 982 4029 Jacobus
1017 3986 1069 4030 et
1103 3975 1343 4032 Joannes
1378 3995 1486 4032 non
1534 3980 1820 4035 intellexe-

242 4067 391 4123 runt,
425 4060 604 4114 adhuc
637 4062 782 4116 enim
823 4073 1060 4130 terrena,
1092 4066 1426 4135 piscaturam
1467 4084 1532 4123 ac
1561 4073 1694 4123 retia
1729 4071 1813 4125 ni-

243 4149 470 4215 mirum,
502 4153 775 4208 colebant.
819 4155 948 4210 ldeo
980 4157 1048 4212 de
1107 4167 1237 4226 potu
1294 4169 1362 4212 'et
1421 4162 1486 4214 de
1541 4160 1815 4230 baptismo

239 4242 498 4310 aquatico
521 4243 628 4296 dici
648 4254 925 4313 putantes,
953 4247 1100 4301 illico
1120 4263 1178 4301 se
1202 4265 1360 4318 posse
1384 4250 1811 4320 responderunt.

241 4329 310 4385 Et
337 4330 627 4388 Dominus:
659 4333 890 4390 Calicem
915 4339 1124 4409 quidem
1156 4357 1325 4394 meum
1359 4335 1540 4396 bibctis
1597 4354 1646 4397 et
1715 4348 1811 4399 ba-

315 4490 332 4522 ¹
365 4488 559 4548 Matth.
583 4495 786 4560 xx,‘22.

1925 3160 1978 3214 in
2011 3162 2274 3217 extremis
2298 3163 2643 3232 temporibus
2673 3165 2937 3234 martyrio
2998 3165 3362 3223 moriturum;
3397 3179 3501 3219 nec

1924 3252 2257 3306 credendum
2324 3254 2528 3318 solum,
2599 3269 2790 3308 verum
2853 3254 3016 3308 etiam
3069 3255 3496 3324 prmdicandum.

1924 3339 2327 3407 Scripturarum
2350 3343 2497 3397 enim
2527 3353 2868 3398 sacramenta
2900 3344 2992 3413 qui
3018 3346 3324 3399 taciturnus
3360 3347 3491 3399 reti-

1924 3445 2036 3498 net,
2074 3451 2180 3490 non
2206 3435 2402 3491 evadet
2429 3435 2676 3505 impune,
2713 3435 3019 3504 prmsertim
3047 3435 3098 3488 id
3139 3435 3285 3502 quod
3343 3444 3399 3489 et
3433 3437 3490 3489 in

1923 3525 2149 3581 dubium
2179 3528 2322 3596 apud
2349 3542 2542 3582 omnes
2567 3526 2748 3581 dicant
2781 3527 2960 3581 adhuc
2995 3528 3247 3579 vertitur.
3278 3525 3345 3578 Et
3385 3527 3494 3581 nisi

1922 3620 2174 3688 perutilis
2206 3619 2388 3673 futura
2407 3630 2555 3674 esset
2588 3620 2920 3674 Christianis
2953 3601 3493 3689 Imjus'prmdiczitio,

1923 3725 2030 3762 non
2060 3710 2316 3778 equidem
2367 3721 2513 3765 lauta
2547 3728 2677 3766 cura
2737 3711 3064 3766 crediderim
3117 3709 3496 3777 conscriptum

1923 3799 2112 3854 fuisse.
2137 3797 2419 3869 Scriptum
2450 3813 2536 3856 est
2564 3819 2696 3872 ergo
2732 3812 2792 3855 ut
2816 3811 2871 3855 et
2924 3801 3164 3854 sciamus
3212 3810 3266 3852 et
3303 3801 3498 3870 prmdi-

1921 3903 2108 3943 cemns
2135 3872 2476 3960 posterisque
2500 3903 2758 3946 constans
2788 3902 2842 3947 et
2865 3891 3079 3945 firmum
3115 3891 3498 3961 relinquamus

1920 3981 2068 4050 quod
2101 3989 2158 4036 et
2195 3981 2456 4036 Dominus
2473 3991 2528 4037 et
2549 3998 2645 4052 per
2669 3981 2965 4051 Evangelia
2996 3991 3053 4036 et
3084 3995 3184 4050 per
3213 3983 3484 4054 Apocaly-

1919 4075 2060 4142 psim
2091 4075 2254 4130 nobis
2280 4075 2530 4138 tradidit,
2567 4073 2999 4143 commendavit,
3031 4083 3090 4127 ut
3138 4073 3243 4128 hac
3271 4089 3494 4141 quoque

1921 4163 2222 4236 Scriptura:
2272 4167 2690 4236 prmmonitione
2736 4175 2901 4235 atque
2955 4163 3205 4220 doctrina
3264 4166 3348 4218 vel
3381 4178 3496 4217 mo-

1919 4266 2158 4311 neantur
2179 4267 2235 4310 et
2262 4257 2422 4312 fidem
2446 4267 2665 4313 servent
2691 4256 2860 4311 futuri
2886 4257 3150 4326 temporis
3164 4254 3493 4309 Antichristi

1921 4348 2109 4404 fidefes
2128 4389 2144 4415 ,
2172 4350 2256 4404 vel
2280 4351 2676 4407 incxcusabiles
2695 4352 2935 4421 undique
2958 4350 3085 4406 facti
3106 4347 3496 4406 conticescant.
