3902 6208
497 277 612 343 883
1692 277 2022 343 GEORGII

2129 269 2589 343 ἰᾹΡΕΖυΝΤῐῐ
3595 287 3670 352 εει

508 440 3654 467 mw“

1028 607 1436 697 MAR'I‘Y
1465 604 1768 696 BIUM
1846 605 2538 727 BEATISSIMI
2618 605 3245 699 MABTYRIS

676 912 724 990 ~,
1294 825 2134 980 ANDREXE
2212 831 2217 977 ἶ

1505 825 2134 980 ῐΒΒΕλλΕ
2212 826 2470 979 DE
2571 816 3046 982 CHIO’

622 1099 799 1199 AQUI
849 1092 1615 1166 CONSTANTINOPOLI
1661 1099 1903 1174 OBll'l',
1963 1099 2186 1163 ANNO
2222 1097 2472 1161 PRIMO
2504 1097 2734 1165 PAULI
2781 1099 2835 1161 II
2881 1101 3153 1166 SUMMI
3197 1106 3596 1172 PONTlFlClS

1137 1276 1192 1337 Α.
1238 1273 1628 1339 GEORGIO
1672 1271 2279 1337 TRAPEZUNTIO
2322 1272 2647 1339 LATINE

1603 1273 1628 1334 ἲ
1672 1271 2279 1337 TRAPEZUNTIO
2322 1272 2424 1335 ιΑ
2441 1272 2647 1339 ΤΙΝΕ
2681 1273 3144 1340 SCRIPTUM.

1773 1419 1917 1482 (Acta
1940 1425 2220 1471 sanctorum
2258 1417 2321 1469 29
2353 1418 2517 1483 Hall.)

573 1730 619 1786 l.
660 1725 1025 1800 Quandojam
1050 1726 1291 1784 triennio
1312 1738 1343 1780 e
1364 1722 1525 1779 Creta
1547 1719 2084 1790 Constantinopolim
2114 1723 2159 1781 Α
2188 1718 2494 1783 adhaerere.
2531 1726 2596 1774 ut
2622 1718 2900 1775 bellorum
2932 1717 3165 1776 labores
3207 1720 3425 1778 subeam
3453 1763 3469 1789 ,
3494 1723 3677 1794 periculi

507 1824 851 1893 navigassem
877 1862 891 1884 ,
941 1821 1255 1876 universam
1305 1819 1452 1874 illam
1491 1816 1685 1872 urbem
1716 1830 1842 1871 cum
1893 1813 2086 1869 Celata
2191 1825 2387 1882 magna
2421 1826 2521 1880 pro
2566 1811 2904 1882 imperatore
2936 1812 3167 1868 mortali
3211 1815 3509 1884 suscipiam.
3536 1815 3681 1885 gladiis

505 1914 669 1969 simul
701 1913 758 1967 in
789 1910 1160 1966 admiratione
1185 1918 1351 1978 atque
1375 1906 1584 1979 gaudio
1608 1906 1795 1976 reperi
1826 1921 1935 1961 non
1959 1920 2086 1975 par-
2189 1903 2248 1958 in
2274 1902 2620 1959 Christianos
2645 1903 3003 1959 Christianus
3039 1906 3160 1975 ipse
3204 1913 3361 1960 natus
3402 1905 3681 1977 distringam?

506 2023 600 2067 vo,
632 2014 860 2076 propter
897 2004 1178 2073 singulare
1209 2009 1267 2058 et
1294 2001 1606 2057 inauditum
1659 2000 1852 2056 multis
1877 2008 2086 2068 tempo-
2188 2004 2244 2052 et
2265 1994 2506 2065 denique
2531 1995 2585 2051 in
2619 2003 2853 2051 mortem
2889 2010 3081 2065 ruere,
3113 2012 3278 2067 quam
3302 1998 3576 2068 fugiendam
3596 2014 3680 2052 ccu-

507 2100 663 2175 ribus
695 2098 928 2154 Andreae
952 2098 1021 2152 de
1044 2096 1206 2162 Chio,
1233 2111 1333 2165 pro
1360 2095 1490 2151 Jesu
1511 2094 1721 2151 Christi
1747 2087 2089 2163 professione
2189 2088 2301 2144 suit
2332 2087 2718 2160 philosophus,
2741 2095 2804 2142 ut
2831 2088 2888 2143 in
2917 2097 3194 2145 aeternam
3238 2103 3303 2145 ac
3328 2104 3495 2145 veram
3519 2098 3677 2146 mortem

508 2191 854 2264 martyrium.
891 2188 1019 2245 Fuit
1042 2190 1190 2244 enim
1217 2190 1380 2259 paulo
1411 2199 1537 2244 ante
1563 2187 1806 2243 mirabili
1832 2194 2088 2240 constan-
2191 2176 2406 2234 deferat
2439 2178 2727 2250 praeceps?
2762 2178 2890 2235 llaec
2924 2180 3044 2235 ille.

509 2285 581 2337 tia
634 2298 733 2351 per
772 2281 1144 2349 gratiam,Dei
1207 2289 1445 2349 gestum.
1501 2279 1636 2335 Nam
1702 2293 1806 2349 ego
1865 2277 2087 2349 quidem
2261 2271 2353 2326 Ill.
2403 2270 2605 2329 Verum
2658 2271 2793 2327 dum
2848 2272 2967 2329 haec
3025 2272 3490 2355 Constantinopoli
3533 2272 3677 2335 ﬁerent.

507 2386 699 2426 mense
742 2370 1039 2426 Novembri
1081 2370 1364 2440 applicui,
1398 2387 1542 2425 anno
1592 2370 1663 2425 ab
1706 2369 2090 2425 incarnatione
2190 2366 2446 2424 Andreas
2490 2367 2744 2423 febribus
2793 2369 3046 2438 graviter
3094 2367 3379 2423 laborabat
3409 2365 3678 2431 ctelibemque

510 2463 726 2519 Domini
761 2462 920 2520 1465.
970 2461 1220 2517 Andreas
1252 2477 1383 2517 vero
1424 2472 1634 2533 martyr
1660 2461 1866 2518 Christi
1898 2460 2093 2531 praeci-
2193 2475 2252 2517 se
2308 2468 2582 2530 perpetuo
2636 2458 2758 2515 fore
2812 2460 3043 2530 Reginae
3102 2458 3483 2515 misericordia:
3541 2450 3677 2525 Virgini

436 2588 449 2601 η
507 2571 653 2626 pnus
691 2554 763 2610 9.9
789 2555 879 2609 die
920 2555 1128 2609 mensis
1168 2554 1316 2618 Maii,
1360 2554 1607 2619 ejusdem
1653 2554 1782 2609 anni
1821 2569 2090 2610 coronam
2193 2550 2367 2617 vovit,
2399 2550 2445 2604 si
2488 2549 2769 2605 evaderet.
2812 2548 3041 2605 Sedatis
3090 2548 3246 2606 illico
3289 2549 3530 2613 febribus,
3574 2543 3680 2615 paulo

513 2647 765 2719 martyrii
797 2646 1181 2702 misericordia
1208 2646 1415 2702 Christi
1447 2657 1803 2709 consecutus.
1833 2647 1888 2701 in
1921 2648 2092 2703 cmlos
2193 2650 2320 2713 post
2360 2642 2514 2712 quasi
2537 2657 2606 2699 ex
2631 2650 2812 2698 morte
2842 2643 3123 2706 surrexit,
3145 2650 3204 2698 et
3232 2640 3373 2698 albis
3397 2656 3448 2696 se
3469 2638 3680 2694 vestimen-

508 2737 757 2793 ascendit
781 2737 1006 2793 adeum
1059 2753 1159 2807 pro
1215 2752 1329 2807 quo
1371 2739 1571 2793 multos
1603 2738 1881 2793 cruciatus
1928 2737 2093 2792 susti-
2196 2735 2266 2791 tis
2313 2734 2537 2800 induit,
2585 2746 2645 2791 ut
2693 2736 2909 2792 scilicet
2951 2750 3245 2807 nunquam
3291 2732 3515 2791 oblivisci
3558 2735 3680 2801 posset

514 2828 658 2882 nuit.
702 2826 907 2883 Verum
946 2828 1093 2897 quod
1138 2829 1526 2884 admirabilius
1567 2830 1670 2885 rite
1717 2829 2092 2885 consideranti
2195 2826 2527 2882 munditiem
2555 2827 2829 2897 corporis,
2856 2841 3026 2897 quam
3055 2826 3339 2883 Creatoris
3366 2822 3538 2880 obtulit
3562 2816 3679 2873 llatri.

511 2917 816 2985 videbitur,
844 2918 977 2973 illud
1019 2929 1125 2983 est,
1167 2919 1314 2990 quod
1358 2920 1465 2975 nisi
1507 2920 1742 2975 Andreae
1768 2922 2091 2993 martyrium
2195 2917 2734 2989 Constantinopolim
2765 2918 2969 2973 deinde
3016 2919 3202 2990 petiit,
3246 2934 3350 2972 non
3379 2927 3433 2970 ut
3471 2918 3681 2968 mercator.

516 3010 786 3066 divinitus
853 3012 1193 3066 destinatum
1272 3012 1458 3067 divina
1524 3016 1698 3083 gratia
1760 3011 2093 3068 Christianis
2124 3061 2167 3083 η
2199 3019 2295 3066 aut
2325 3024 2497 3078 vagus
2527 3010 2756 3081 quidam
2803 3027 3135 3082 magnarum
3165 3010 3384 3065 urbium
3416 3003 3678 3081 visendarum

859 3061 1193 3066 _-____-_____-_
1278 3061 1458 3067 ---νη
1526 3061 1698 3083 σηη
1768 3061 2092 3068 ___-__-.____-
2201 3061 2294 3066 ___
2338 3061 2492 3078 --οη
2532 3061 2756 3081 γηπ-
2806 3061 3135 3082 -,,-σ,---,,,,,
3172 3061 3349 3065 --τίν
3613 3066 3625 3081 ,

515 3112 676 3168 opem
720 3099 957 3164 tulisset,
995 3111 1048 3155 et
1079 3099 1297 3158 animos
1333 3115 1530 3158 eorum
1572 3102 1864 3167 firmasset,
1896 3118 2093 3170 magna
2123 3061 2169 3122 Β
2200 3102 2535 3173 cupiditate;
2564 3117 2781 3158 summa
2815 3103 2965 3157 enim
3002 3103 3062 3157 in
3107 3104 3310 3175 juvene
3356 3096 3522 3165 viginti
3555 3103 3597 3148 el
3630 3105 3682 3143 εε-

516 3188 570 3242 in
597 3204 694 3243 eos
724 3189 905 3245 clades
935 3205 1000 3245 ac
1025 3206 1274 3246 aerumna
1325 3193 1526 3264 ingens
1560 3193 1632 3248 ab
1670 3191 1903 3247 inimico“
1930 3206 2099 3262 gene—
2202 3204 2349 3266 ptent
2374 3209 2648 3250 annorum
2673 3195 2917 3266 gravitas
2938 3202 3111 3263 atque
3143 3191 3440 3248 constantia
3461 3182 3680 3242 illucebat:

518 3280 594 3336 ris
622 3281 876 3345 humani,
912 3286 1166 3355 procellae
1197 3287 1252 3341 in
1287 3302 1495 3342 morem
1528 3285 1940 3342 fuisseteﬂ’usa.
1967 3283 2098 3352 Q'ui-
2201 3300 2328 3340 raro
2380 3286 2508 3356 quis
2561 3286 2728 3341 inane
2760 3284 2992 3340 verbum
3047 3285 3120 3340 ab
3154 3299 3248 3339 ore
3282 3281 3446 3352 ipsius
3490 3272 3683 3332 excidisse

515 3373 640 3429 dam
672 3377 819 3430 enim
843 3417 857 3439 ,
894 3394 1055 3447 quem
1090 3379 1322 3435 honoris
1367 3396 1547 3449 causa
1570 3396 1678 3435 non
1707 3380 1935 3434 nomino
1960 3381 1999 3445 ',
2031 3393 2099 3433 ex
2200 3377 2450 3443 audivit;
2478 3389 2509 3431 a
2533 3378 2661 3448 joco
2685 3379 2832 3432 enim
2868 3376 3094 3447 penitus
3127 3386 3250 3432 erat
3283 3375 3497 3429 alienus.
3521 3367 3607 3423 Cur
3627 3359 3684 3430 igi-

516 3459 925 3534 Trareznnti‘na
985 3481 1143 3526 ortus
1191 3473 1369 3536 urbe,
1428 3471 1920 3542 peripateticorum
1975 3469 2100 3539 phi-
2203 3480 2294 3525 tur
2319 3470 2458 3528 ivit?
2488 3472 2533 3526 A
2579 3472 2754 3543 gratia
2790 3471 2909 3538 Dei,
2943 3479 3005 3525 ut
3047 3486 3153 3542 ego
3181 3470 3431 3529 arbitror,
3462 3462 3518 3517 ad
3544 3464 3683 3521 inartyv

515 3560 780 3630 losophite
809 3560 1116 3631 professor,
1136 3564 1251 3617 sive
1275 3578 1373 3616 sua
1398 3572 1618 3630 sponte,
1648 3571 1710 3617 ut
1736 3562 1891 3617 tnulti
1920 3562 2097 3626 aiunt,
2203 3563 2348 3618 rium
2376 3563 2703 3628 vocabatur,
2734 3573 2795 3617 ut
2824 3562 2940 3630 ipse
2975 3562 3032 3617 in
3064 3561 3224 3617 curiis
3250 3559 3457 3615 Christo
3487 3566 3586 3607 cum
3605 3545 3682 3600 aliis

518 3652 635 3706 sive
663 3651 952 3718 impulsus,
988 3653 1177 3705 nescio
1208 3695 1223 3717 ,
1268 3668 1369 3708 nec
1396 3693 1411 3717 ,
1442 3654 1487 3709 si
1520 3655 1715 3716 sciam,
1755 3651 1944 3709 dicere
2000 3668 2100 3707 au-
2204 3655 2546 3728 martyribus
2574 3654 2883 3718 assisteret,
2914 3663 2971 3709 et
3014 3653 3281 3708 omnibus
3328 3647 3602 3721 prodesset.
3624 3633 3683 3705 ll"i

518 3744 654 3809 sim,
697 3758 916 3798 crucem
973 3743 1190 3797 Domini
1253 3744 1474 3816 negavit
1514 3753 1576 3801 et
1624 3745 1944 3801 Mahnnteto
1998 3744 2098 3800 ad-
2138 3760 2147 3769 '
2205 3746 2530 3819 philosophi
2560 3747 2678 3802 sive
2711 3745 2958 3813 levitate,
3006 3745 3131 3800 sive
3162 3752 3371 3799 terrore
3392 3740 3575 3794 fuerant
3599 3741 3684 3782 cun.

518 3835 698 3890 ὶτωεῖῑ-
2207 3839 2442 3896 turbati.
2479 3838 2680 3893 Statim
2705 3851 2839 3892 cum
2860 3836 2917 3891 in
2951 3838 3149 3893 urbem
3174 3832 3446 3907 applicuit,
3473 3829 3683 3883 accusatus

595 3929 638 3982 ll
702 3928 883 3994 Quare
929 3926 1237 3983 Turcarum
1275 3943 1372 3984 rex
1405 3930 1625 3997 elatus,
1683 3930 1861 3986 virum
1908 3947 2102 4001 quem-
2204 3931 2330 3995 fuit,
2384 3929 2532 4000 quod
2565 3943 2692 3985 cum
2733 3927 3070 3984 Christianis
3100 3932 3537 3983 conversaretur,
3564 3908 3684 3967 eccle-

530 4023 680 4089 dam,
711 4022 870 4092 cujus
905 4038 1105 4077 nomen
1152 4039 1239 4079 me
1276 4024 1433 4094 fugit,
1467 4026 1759 4095 ipsumque
1785 4025 2103 4096 Trapcznn-
2204 4025 2428 4094 siasqne
2460 4023 2695 4089 viseret,
2724 4023 2883 4094 quasi
2908 4022 3266 4078 Christianus
3299 4028 3494 4074 summa
3518 4013 3685 4101 cututt‘r

524 4118 663 4172 lium
701 4117 914 4171 militiae
946 4116 1345 4186 peritissimum
1378 4119 1431 4171 in
1486 4132 1768 4172 carcerem
1814 4122 2098 4190 conjecit:
2204 4119 2408 4191 ligione
2435 4132 2501 4172 ac
2529 4117 2827 4173 devotione
2853 4115 3045 4176 homo,
3072 4114 3168 4185 qui
3198 4124 3407 4168 crucem
3431 4094 3685 4161 Alexandri-'3

526 4212 753 4280 dignum
784 4219 958 4271 ratus,
992 4219 1047 4263 ut
1084 4208 1470 4278 philosophum
1494 4210 1782 4265 concivem
1805 4227 1966 4266 suum
2007 4230 2101 4268 vo-
2205 4190 2429 4282 negavit
2452 4250 2468 4274 ,
2504 4208 2890 4275 conculcavit,
2929 4208 3114 4278 sputis
3163 4203 3384 4262 fmdavit
3410 4239 3425 4263 .
3456 4206 3502 4252 et
3529 4190 3684 4282 demunt

523 4304 646 4358 lens
706 4302 968 4356 nolcnsve
1022 4299 1373 4367 imitaretur;
1454 4301 1716 4371 cupiebat
1777 4304 1926 4357 enim
1980 4307 2100 4377 ejus
2205 4306 2259 4359 in
2294 4314 2543 4360 stercora
2574 4302 2835 4373 projecit.
2867 4299 3010 4363 llaec
3046 4307 3378 4354 mercatores
3407 4283 3683 4359 Egypliitqm

520 4411 688 4465 opera
729 4396 807 4450 uti
844 4395 897 4449 in
947 4409 1006 4447 re
1044 4394 1292 4447 militari.
1345 4393 1596 4462 Cumque
1627 4393 1945 4450 Christiano
1991 4414 2099 4452 non
2131 4412 2173 4470 ο
2209 4407 2339 4451 tunc
2371 4397 2427 4451 in
2480 4396 2621 4451 urbe
2654 4395 2910 4457 aderant,
2946 4393 3014 4448 ad
3046 4393 3290 4465 judicent
3315 4381 3684 4470 Δ(ιεειυιθτυηινείῖξ

494 4508 497 4509 ν
526 4464 849 4552 confideret,
895 4486 964 4540 ad
999 4485 1374 4539 Mahumetum
1421 4486 1703 4541 intrudere
1730 4486 2006 4557 cupiebat.
2033 4490 2103 4544 At
2138 4464 2173 4470 ν
2205 4505 2312 4558 que
2345 4488 2494 4557 ipsos
2542 4486 2751 4541 vidisse
2782 4501 2908 4541 eum
2954 4494 3247 4552 negantem
3271 4519 3286 4545 ,
3314 4464 3684 4534 confitentemqut

528 4581 621 4635 ille
647 4581 836 4636 animo
868 4588 1077 4651 martyr
1113 4598 1127 4634 :
1165 4579 1563 4650 Philosophus,
1595 4579 1838 4643 dicebat,
1877 4581 1931 4635 in
1963 4581 2101 4637 deli-
2207 4578 2355 4650 quod
2414 4580 2734 4635 Mahumeto
2806 4577 3163 4641 adhaereret,
3219 4569 3477 4628 audivisse
3527 4560 3682 4611 attesti'

525 4674 626 4727 ciis
660 4672 962 4737 educatus,
1001 4672 1211 4744 majore
1237 4687 1336 4742 spe
1368 4671 1610 4742 ipsarum
1641 4672 1851 4727 Christi
1881 4688 2104 4729 crucem
2211 4674 2432 4728 bantur.
3518 4740 3525 4744 ‘
3591 4666 3600 4674 ’

526 4764 782 4836 negavit;
837 4779 941 4834 ego
998 4740 1220 4829 autem,
1270 4740 1526 4834 vquiﬁpro
1585 4765 1921 4832 imperatore
1982 4782 2107 4823 meo
2283 4763 2379 4819 IV.
2423 4761 2691 4816 Trahitur
2735 4762 2789 4815 in
2844 4758 3119 4831 judicium
3179 4752 3411 4810 Andreas
3465 4740 3678 4838 instituti;

530 4815 782 4836 η-ο-νη.
847 4815 931 4834 νυν
1286 4815 1312 4833 τ
1359 4815 1372 4817 -
1424 4815 1517 4834 ,η
1585 4815 1919 4832 μην-π---
1982 4815 2107 4823 ---η
2432 4815 2451 4816 κ
2844 4815 2863 4831 .
3540 4828 3548 4838 ,
3671 4815 3678 4820 .

530 4856 749 4911 mortali
779 4865 859 4911 tot
902 4864 1199 4926 tantosque
1243 4855 1485 4920 labores,
1532 4872 1658 4911 cum
1691 4858 1912 4929 Scythis
1965 4859 2108 4914 bella
2194 4853 2676 4922 .accusationcquc
2712 4850 2942 4906 νουίωιλ
2969 4890 2985 4916 ν
3024 4859 3301 4915 ιιυιιιιιιειιι
3332 4854 3386 4893 se
3416 4852 3443 4889 ³
3469 4815 3679 4929 ξ³¹¹¹⁰ν

524 4963 723 5019 gerens
758 4946 879 5011 tuli,
929 4911 1277 5016 vulneraque
1327 4944 1519 5013 excepi
1551 4944 1717 5014 (dixit
1741 4911 1784 5009 ,υ
1806 4955 1863 4999 et
1915 4955 2107 5014 aperto
2215 4954 2407 5006 natus,
2440 4943 2822 5012 educatusque
2851 4941 2975 5007 fuit,
3007 4939 3114 4994 nisi
3148 4949 3275 4992 tunc
3307 4926 3561 4987 recessisse

529 5014 772 5109 pectore,
809 5040 1103 5094 cicatrices
1130 5014 1482 5106 ostendebat)
1509 5053 1606 5106 pro
1640 5034 1981 5108 imperatore
1999 5054 2112 5094 cm-
2217 5036 2423 5100 ruebat,
2455 5035 2624 5105 idque
2670 5034 2860 5089 multis
2898 5032 3136 5087 testibus
3169 5014 3680 5109 approbabatgunivtt"

528 5093 647 5189 iesti
677 5142 909 5189 mortem
931 5132 1172 5187 timebo?
1199 5131 1356 5187 Absit
1378 5147 1408 5185 a
1432 5146 1517 5186 me
1546 5139 1695 5185 tanta
1718 5093 1958 5186 insania.
1979 5132 2111 5198 Quae
2211 5142 2439 5197 satnque
2469 5125 2591 5182 Chii
2632 5126 2912 5181 civitatem
2952 5123 3057 5177 hnc
3083 5123 3255 5190 ipsum
3285 5115 3415 5171 scire

528 5242 684 5283 mens
713 5222 981 5296 praeterea
1008 5231 1160 5281 esset
1181 5238 1328 5289 mea,
1358 5224 1442 5277 vel
1472 5221 1680 5292 patius,
1703 5237 1829 5292 qua:
1848 5223 2107 5289 stultitia,
2211 5219 2314 5274 dcx
2341 5218 2559 5287 iniquus
2578 5217 2677 5271 hac
2702 5219 2755 5270 in
2782 5233 2840 5270 re
2861 5232 2968 5269 non
2989 5228 3111 5269 esse
3126 5192 3678 5296 audiendosChristtattt:s

525 5283 811 5376 veritatem
838 5319 1051 5373 doloris
1085 5316 1333 5388 fugiendi
1366 5330 1531 5369 causa
1565 5314 1824 5386 prodere,
1852 5330 1917 5369 ac
1945 5325 2109 5371 aeter-
2215 5311 2496 5366 censebat.
2551 5308 2708 5363 Tunc
2756 5307 3199 5365 Christianorum
3260 5289 3548 5354 multitudo.
3594 5283 3673 5388 (Ιξνξ

527 5428 597 5471 na
645 5412 1004 5483 caelestiaque
1060 5424 1230 5481 regna
1280 5407 1577 5479 repudiare
1606 5446 1622 5473 ,
1675 5405 2106 5478 Mahumetoqne
2217 5407 2548 5464 circumfusa
2584 5407 2789 5472 stabat,
2825 5405 2908 5471 Si,
2945 5401 3169 5474 inquit,
3211 5387 3592 5450 Christianorum
3627 5375 3675 5418 ιε’

596 5602 617 5624 ‘
659 5602 866 5659 Alludit
911 5602 977 5658 ad
1015 5604 1346 5674 Amyrutzen
1384 5597 1817 5674 Trapezuntium
1854 5598 2099 5674 philgso-
2205 5605 2427 5650 znntem
2458 5594 2728 5674 a‘aneis
2750 5599 3136 5674 expugnatam
3181 5559 3667 5645 dcscribit,cdid"”“‘

528 5672 699 5744 phum
725 5676 817 5744 qui
852 5692 917 5730 ex
942 5666 1262 5728 Christiano
1295 5666 1579 5744 Agarcnus
1616 5672 1799 5725 factus
1828 5666 1937 5744 e'st_.
1967 5668 2098 5738 Ejus
2207 5679 2397 5737 supra,
2430 5669 2536 5723 col.
2582 5668 2705 5721 7‘25.
2749 5666 2905 5721 Eutr.

528 5739 840 5811 epistolam,
884 5746 952 5800 ad
991 5739 1374 5805 Bcssarionen}
1408 5740 1699 5805 directam,
1730 5756 1844 5812 qua
1890 5739 2100 5810 Trape-
