  <div class='ocr_page' id='page_1' title='image "/cluster/home/n/w/nwhite01/storage/ocr_20150623/161/hvd.32044073502700/564.png"; bbox 0 0 3902 6208; ppageno 0'>
   <div class='ocr_carea' id='block_1_1' title="bbox 82 303 217 368">
    <p class='ocr_par' dir='ltr' id='par_1_1' title="bbox 82 303 217 368">
     <span class='ocr_line' id='line_1_1' title="bbox 82 303 217 368; baseline 0.015 -2"><span class='ocrx_word' id='word_1_1' title='bbox 82 303 217 368; x_wconf 79' lang='grc'><strong>885</strong></span> 
     </span>
    </p>
   </div>
   <div class='ocr_carea' id='block_1_2' title="bbox 1058 305 2388 373">
    <p class='ocr_par' dir='ltr' id='par_1_2' title="bbox 1058 305 2388 373">
     <span class='ocr_line' id='line_1_2' title="bbox 1058 305 2388 373; baseline 0.002 -3"><span class='ocrx_word' id='word_1_2' title='bbox 1058 305 1523 370; x_wconf 76' lang='lat' dir='ltr'><strong>MARTYRIUM</strong></span> <span class='ocrx_word' id='word_1_3' title='bbox 1566 309 1627 371; x_wconf 90' lang='lat' dir='ltr'><strong>S.</strong></span> <span class='ocrx_word' id='word_1_4' title='bbox 1671 309 2000 372; x_wconf 62' lang='lat' dir='ltr'><strong>ANDREJE</strong></span> <span class='ocrx_word' id='word_1_5' title='bbox 2045 309 2146 371; x_wconf 82' lang='lat' dir='ltr'><strong>DE</strong></span> <span class='ocrx_word' id='word_1_6' title='bbox 2185 310 2388 373; x_wconf 64' lang='lat' dir='ltr'><strong>CHIO’.</strong></span> 
     </span>
    </p>
   </div>
   <div class='ocr_carea' id='block_1_3' title="bbox 3244 301 3363 368">
    <p class='ocr_par' dir='ltr' id='par_1_3' title="bbox 3244 301 3363 368">
     <span class='ocr_line' id='line_1_3' title="bbox 3244 301 3363 368; baseline -0.008 0"><span class='ocrx_word' id='word_1_7' title='bbox 3244 301 3363 368; x_wconf 69' lang='lat'><strong>886</strong></span> 
     </span>
    </p>
   </div>
   <div class='ocr_carea' id='block_1_4' title="bbox 82 415 3363 496">
    <p class='ocr_par' dir='ltr' id='par_1_4' title="bbox 82 415 3363 496">
     <span class='ocr_line' id='line_1_4' title="bbox 82 415 3363 496; baseline 0.004 -28"><span class='ocrx_word' id='word_1_8' title='bbox 82 415 425 471; x_wconf 74' lang='lat' dir='ltr'><strong>alimonium</strong></span> <span class='ocrx_word' id='word_1_9' title='bbox 481 418 533 473; x_wconf 92' lang='lat' dir='ltr'><strong>in</strong></span> <span class='ocrx_word' id='word_1_10' title='bbox 587 418 903 490; x_wconf 71' lang='lat' dir='ltr'><strong>huiusmodi</strong></span> <span class='ocrx_word' id='word_1_11' title='bbox 955 433 1123 476; x_wconf 75' lang='lat' dir='ltr'><strong>causa</strong></span> <span class='ocrx_word' id='word_1_12' title='bbox 1166 422 1515 476; x_wconf 87' lang='lat' dir='ltr'><strong>refutandum</strong></span> <span class='ocrx_word' id='word_1_13' title='bbox 1563 430 1672 486; x_wconf 86' lang='lat' dir='ltr'><strong>est,</strong></span> <span class='ocrx_word' id='word_1_14' title='bbox 1703 426 1744 482; x_wconf 68' lang='grc' dir='ltr'><strong>Δ</strong></span> <span class='ocrx_word' id='word_1_15' title='bbox 1776 426 1849 481; x_wconf 85' lang='lat' dir='ltr'><strong>sit</strong></span> <span class='ocrx_word' id='word_1_16' title='bbox 1879 428 2292 496; x_wconf 65' lang='lat' dir='ltr'><strong>praeponenda?</strong></span> <span class='ocrx_word' id='word_1_17' title='bbox 2327 429 2515 490; x_wconf 80' lang='lat' dir='ltr'><strong>Erras,</strong></span> <span class='ocrx_word' id='word_1_18' title='bbox 2550 425 2653 495; x_wconf 84' lang='lat' dir='ltr'><strong>ipsi</strong></span> <span class='ocrx_word' id='word_1_19' title='bbox 2679 422 3012 495; x_wconf 75' lang='lat' dir='ltr'><strong>respondent</strong></span> <span class='ocrx_word' id='word_1_20' title='bbox 3039 438 3056 478; x_wconf 88' lang='lat'><strong>:</strong></span> <span class='ocrx_word' id='word_1_21' title='bbox 3087 437 3215 478; x_wconf 78' lang='lat' dir='ltr'><strong>nam</strong></span> <span class='ocrx_word' id='word_1_22' title='bbox 3246 438 3363 477; x_wconf 60' lang='lat' dir='ltr'><strong>nos</strong></span> 
     </span>
    </p>
   </div>
   <div class='ocr_carea' id='block_1_5' title="bbox 82 506 1671 582">
    <p class='ocr_par' dir='ltr' id='par_1_5' title="bbox 82 506 1671 582">
     <span class='ocr_line' id='line_1_5' title="bbox 82 506 1671 582; baseline 0.004 -21"><span class='ocrx_word' id='word_1_23' title='bbox 82 506 621 565; x_wconf 71' lang='lat' dir='ltr'><strong>Mahnmetistarnm</strong></span> <span class='ocrx_word' id='word_1_24' title='bbox 667 528 888 581; x_wconf 89' lang='lat' dir='ltr'><strong>quoque</strong></span> <span class='ocrx_word' id='word_1_25' title='bbox 939 513 1198 567; x_wconf 73' lang='lat' dir='ltr'><strong>similiter</strong></span> <span class='ocrx_word' id='word_1_26' title='bbox 1247 529 1356 567; x_wconf 91' lang='lat' dir='ltr'><strong>non</strong></span> <span class='ocrx_word' id='word_1_27' title='bbox 1403 514 1671 582; x_wconf 61' lang='lat' dir='ltr'><strong>recipienv</strong></span> 
     </span>
    </p>
   </div>
   <div class='ocr_carea' id='block_1_6' title="bbox 81 601 1678 659">
    <p class='ocr_par' dir='ltr' id='par_1_6' title="bbox 81 601 1678 659">
     <span class='ocr_line' id='line_1_6' title="bbox 81 601 1678 659; baseline 0 -2"><span class='ocrx_word' id='word_1_28' title='bbox 81 601 258 658; x_wconf 81' lang='lat' dir='ltr'><strong>dum.</strong></span> <span class='ocrx_word' id='word_1_29' title='bbox 288 602 425 658; x_wconf 78' lang='lat' dir='ltr'><strong>Nam</strong></span> <span class='ocrx_word' id='word_1_30' title='bbox 455 604 601 659; x_wconf 77' lang='lat' dir='ltr'><strong>sicut</strong></span> <span class='ocrx_word' id='word_1_31' title='bbox 634 619 737 659; x_wconf 91' lang='lat' dir='ltr'><strong>nos</strong></span> <span class='ocrx_word' id='word_1_32' title='bbox 769 604 1147 659; x_wconf 87' lang='lat' dir='ltr'><strong>Christianum</strong></span> <span class='ocrx_word' id='word_1_33' title='bbox 1184 604 1324 658; x_wconf 83' lang='lat' dir='ltr'><strong>falso</strong></span> <span class='ocrx_word' id='word_1_34' title='bbox 1356 614 1678 659; x_wconf 87' lang='lat' dir='ltr'><strong>accusatum</strong></span> 
     </span>
    </p>
   </div>
   <div class='ocr_carea' id='block_1_7' title="bbox 79 694 1678 765">
    <p class='ocr_par' dir='ltr' id='par_1_7' title="bbox 79 694 1678 765">
     <span class='ocr_line' id='line_1_7' title="bbox 79 694 1678 765; baseline 0.001 -16"><span class='ocrx_word' id='word_1_35' title='bbox 79 694 254 765; x_wconf 76' lang='lat' dir='ltr'><strong>iuste</strong></span> <span class='ocrx_word' id='word_1_36' title='bbox 279 695 645 763; x_wconf 80' lang='lat' dir='ltr'><strong>defendimus,</strong></span> <span class='ocrx_word' id='word_1_37' title='bbox 680 696 761 751; x_wconf 87' lang='lat' dir='ltr'><strong>sic</strong></span> <span class='ocrx_word' id='word_1_38' title='bbox 812 696 1212 751; x_wconf 71' lang='lat' dir='ltr'><strong>Mahumetista:</strong></span> <span class='ocrx_word' id='word_1_39' title='bbox 1266 698 1678 751; x_wconf 69' lang='lat' dir='ltr'><strong>accusationem</strong></span> 
     </span>
    </p>
   </div>
   <div class='ocr_carea' id='block_1_8' title="bbox 88 787 1682 856">
    <p class='ocr_par' dir='ltr' id='par_1_8' title="bbox 88 787 1682 856">
     <span class='ocr_line' id='line_1_8' title="bbox 88 787 1682 856; baseline 0.001 -17"><span class='ocrx_word' id='word_1_40' title='bbox 88 802 336 841; x_wconf 81' lang='lat' dir='ltr'><strong>suorum</strong></span> <span class='ocrx_word' id='word_1_41' title='bbox 371 801 553 840; x_wconf 87' lang='lat' dir='ltr'><strong>veram</strong></span> <span class='ocrx_word' id='word_1_42' title='bbox 582 787 1109 841; x_wconf 83' lang='lat' dir='ltr'><strong>essecontendunt.</strong></span> <span class='ocrx_word' id='word_1_43' title='bbox 1139 787 1320 853; x_wconf 82' lang='lat' dir='ltr'><strong>Quare</strong></span> <span class='ocrx_word' id='word_1_44' title='bbox 1348 788 1682 856; x_wconf 70' lang='lat' dir='ltr'><strong>praetermis-</strong></span> 
     </span>
    </p>
   </div>
   <div class='ocr_carea' id='block_1_9' title="bbox 83 878 1682 948">
    <p class='ocr_par' dir='ltr' id='par_1_9' title="bbox 83 878 1682 948">
     <span class='ocr_line' id='line_1_9' title="bbox 83 878 1682 948; baseline -0.001 -15"><span class='ocrx_word' id='word_1_45' title='bbox 83 878 177 933; x_wconf 83' lang='lat' dir='ltr'><strong>sis</strong></span> <span class='ocrx_word' id='word_1_46' title='bbox 231 878 509 941; x_wconf 83' lang='lat' dir='ltr'><strong>testibus.</strong></span> <span class='ocrx_word' id='word_1_47' title='bbox 565 894 654 932; x_wconf 85' lang='lat' dir='ltr'><strong>res</strong></span> <span class='ocrx_word' id='word_1_48' title='bbox 689 879 804 948; x_wconf 82' lang='lat' dir='ltr'><strong>ipsa</strong></span> <span class='ocrx_word' id='word_1_49' title='bbox 853 880 1144 948; x_wconf 70' lang='lat' dir='ltr'><strong>quaerenda</strong></span> <span class='ocrx_word' id='word_1_50' title='bbox 1185 892 1287 934; x_wconf 88' lang='lat' dir='ltr'><strong>est.</strong></span> <span class='ocrx_word' id='word_1_51' title='bbox 1340 880 1460 934; x_wconf 76' lang='lat' dir='ltr'><strong>Non</strong></span> <span class='ocrx_word' id='word_1_52' title='bbox 1519 879 1682 932; x_wconf 82' lang='lat' dir='ltr'><strong>aliter</strong></span> 
     </span>
    </p>
   </div>
   <div class='ocr_carea' id='block_1_10' title="bbox 87 963 1679 1037">
    <p class='ocr_par' dir='ltr' id='par_1_10' title="bbox 87 963 1679 1037">
     <span class='ocr_line' id='line_1_10' title="bbox 87 963 1679 1037; baseline -0.001 -16"><span class='ocrx_word' id='word_1_53' title='bbox 87 968 315 1034; x_wconf 83' lang='lat' dir='ltr'><strong>igitur,</strong></span> <span class='ocrx_word' id='word_1_54' title='bbox 355 983 521 1036; x_wconf 89' lang='lat' dir='ltr'><strong>quam</strong></span> <span class='ocrx_word' id='word_1_55' title='bbox 560 963 731 1023; x_wconf 68' lang='lat' dir='ltr'><strong>Judaei</strong></span> <span class='ocrx_word' id='word_1_56' title='bbox 782 969 1091 1024; x_wconf 88' lang='lat' dir='ltr'><strong>secundum</strong></span> <span class='ocrx_word' id='word_1_57' title='bbox 1155 968 1447 1022; x_wconf 79' lang='lat' dir='ltr'><strong>Mosaicam</strong></span> <span class='ocrx_word' id='word_1_58' title='bbox 1502 967 1679 1037; x_wconf 87' lang='lat' dir='ltr'><strong>legem</strong></span> 
     </span>
    </p>
   </div>
   <div class='ocr_carea' id='block_1_11' title="bbox 85 1057 1680 1131">
    <p class='ocr_par' dir='ltr' id='par_1_11' title="bbox 85 1057 1680 1131">
     <span class='ocr_line' id='line_1_11' title="bbox 85 1057 1680 1131; baseline -0.001 -17"><span class='ocrx_word' id='word_1_59' title='bbox 85 1058 436 1114; x_wconf 84' lang='lat' dir='ltr'><strong>circumcidi</strong></span> <span class='ocrx_word' id='word_1_60' title='bbox 485 1074 619 1113; x_wconf 88' lang='lat' dir='ltr'><strong>suos</strong></span> <span class='ocrx_word' id='word_1_61' title='bbox 655 1059 923 1129; x_wconf 88' lang='lat' dir='ltr'><strong>pr0pheta</strong></span> <span class='ocrx_word' id='word_1_62' title='bbox 970 1072 1153 1116; x_wconf 83' lang='lat' dir='ltr'><strong>vester</strong></span> <span class='ocrx_word' id='word_1_63' title='bbox 1180 1060 1386 1131; x_wconf 90' lang='lat' dir='ltr'><strong>jussit:</strong></span> <span class='ocrx_word' id='word_1_64' title='bbox 1420 1073 1593 1128; x_wconf 89' lang='lat' dir='ltr'><strong>quare</strong></span> <span class='ocrx_word' id='word_1_65' title='bbox 1633 1057 1680 1113; x_wconf 87' lang='lat' dir='ltr'><strong>si</strong></span> 
     </span>
    </p>
   </div>
   <div class='ocr_carea' id='block_1_12' title="bbox 87 1148 1682 1219">
    <p class='ocr_par' dir='ltr' id='par_1_12' title="bbox 87 1148 1682 1219">
     <span class='ocr_line' id='line_1_12' title="bbox 87 1148 1682 1219; baseline -0.001 -16"><span class='ocrx_word' id='word_1_66' title='bbox 87 1149 365 1219; x_wconf 86' lang='lat' dir='ltr'><strong>genitalia</strong></span> <span class='ocrx_word' id='word_1_67' title='bbox 416 1148 585 1217; x_wconf 85' lang='lat' dir='ltr'><strong>hujus</strong></span> <span class='ocrx_word' id='word_1_68' title='bbox 639 1149 884 1203; x_wconf 88' lang='lat' dir='ltr'><strong>membra</strong></span> <span class='ocrx_word' id='word_1_69' title='bbox 940 1151 1108 1205; x_wconf 84' lang='lat' dir='ltr'><strong>simili</strong></span> <span class='ocrx_word' id='word_1_70' title='bbox 1156 1158 1285 1205; x_wconf 90' lang='lat' dir='ltr'><strong>nota</strong></span> <span class='ocrx_word' id='word_1_71' title='bbox 1337 1150 1465 1204; x_wconf 76' lang='lat' dir='ltr'><strong>lzesa</strong></span> <span class='ocrx_word' id='word_1_72' title='bbox 1515 1157 1682 1211; x_wconf 89' lang='lat' dir='ltr'><strong>sunt,</strong></span> 
     </span>
    </p>
   </div>
   <div class='ocr_carea' id='block_1_13' title="bbox 92 1241 1683 1312">
    <p class='ocr_par' dir='ltr' id='par_1_13' title="bbox 92 1241 1683 1312">
     <span class='ocr_line' id='line_1_13' title="bbox 92 1241 1683 1312; baseline -0.001 -18"><span class='ocrx_word' id='word_1_73' title='bbox 92 1250 286 1296; x_wconf 88' lang='lat' dir='ltr'><strong>morte</strong></span> <span class='ocrx_word' id='word_1_74' title='bbox 326 1241 449 1312; x_wconf 77' lang='lat' dir='ltr'><strong>jure</strong></span> <span class='ocrx_word' id='word_1_75' title='bbox 497 1241 802 1309; x_wconf 76' lang='lat' dir='ltr'><strong>plectatur;</strong></span> <span class='ocrx_word' id='word_1_76' title='bbox 844 1241 929 1295; x_wconf 91' lang='lat' dir='ltr'><strong>sin</strong></span> <span class='ocrx_word' id='word_1_77' title='bbox 982 1242 1233 1305; x_wconf 88' lang='lat' dir='ltr'><strong>minime,</strong></span> <span class='ocrx_word' id='word_1_78' title='bbox 1285 1257 1410 1295; x_wconf 92' lang='lat' dir='ltr'><strong>cum</strong></span> <span class='ocrx_word' id='word_1_79' title='bbox 1446 1241 1563 1311; x_wconf 85' lang='lat' dir='ltr'><strong>ipsa</strong></span> <span class='ocrx_word' id='word_1_80' title='bbox 1621 1254 1683 1294; x_wconf 89' lang='lat' dir='ltr'><strong>re</strong></span> 
     </span>
    </p>
   </div>
   <div class='ocr_carea' id='block_1_14' title="bbox 88 1328 1686 1399">
    <p class='ocr_par' dir='ltr' id='par_1_14' title="bbox 88 1328 1686 1399">
     <span class='ocr_line' id='line_1_14' title="bbox 88 1328 1686 1399; baseline -0.001 -16"><span class='ocrx_word' id='word_1_81' title='bbox 88 1345 275 1385; x_wconf 84' lang='lat' dir='ltr'><strong>causa</strong></span> <span class='ocrx_word' id='word_1_82' title='bbox 315 1328 723 1383; x_wconf 81' lang='lat' dir='ltr'><strong>determinetur</strong></span> <span class='ocrx_word' id='word_1_83' title='bbox 748 1344 871 1396; x_wconf 84' lang='lat' dir='ltr'><strong>sua,</strong></span> <span class='ocrx_word' id='word_1_84' title='bbox 897 1341 952 1389; x_wconf 77' lang='lat' dir='ltr'><strong>et</strong></span> <span class='ocrx_word' id='word_1_85' title='bbox 978 1331 1059 1393; x_wconf 88' lang='lat' dir='ltr'><strong>nil</strong></span> <span class='ocrx_word' id='word_1_86' title='bbox 1092 1330 1472 1399; x_wconf 72' lang='lat' dir='ltr'><strong>ambiguitatis</strong></span> <span class='ocrx_word' id='word_1_87' title='bbox 1500 1328 1686 1383; x_wconf 89' lang='lat' dir='ltr'><strong>homi-</strong></span> 
     </span>
    </p>
   </div>
   <div class='ocr_carea' id='block_1_15' title="bbox 90 1420 1685 1492">
    <p class='ocr_par' dir='ltr' id='par_1_15' title="bbox 90 1420 1685 1492">
     <span class='ocr_line' id='line_1_15' title="bbox 90 1420 1685 1492; baseline 0.001 -17"><span class='ocrx_word' id='word_1_88' title='bbox 90 1437 239 1476; x_wconf 85' lang='lat' dir='ltr'><strong>num</strong></span> <span class='ocrx_word' id='word_1_89' title='bbox 287 1420 492 1475; x_wconf 87' lang='lat' dir='ltr'><strong>animis</strong></span> <span class='ocrx_word' id='word_1_90' title='bbox 538 1421 869 1476; x_wconf 80' lang='lat' dir='ltr'><strong>remanebit.</strong></span> <span class='ocrx_word' id='word_1_91' title='bbox 920 1422 1203 1492; x_wconf 87' lang='lat' dir='ltr'><strong>Spoliatur</strong></span> <span class='ocrx_word' id='word_1_92' title='bbox 1259 1423 1473 1477; x_wconf 88' lang='lat' dir='ltr'><strong>interea</strong></span> <span class='ocrx_word' id='word_1_93' title='bbox 1523 1420 1685 1476; x_wconf 81' lang='lat' dir='ltr'><strong>miles</strong></span> 
     </span>
    </p>
   </div>
   <div class='ocr_carea' id='block_1_16' title="bbox 89 1511 1680 1582">
    <p class='ocr_par' dir='ltr' id='par_1_16' title="bbox 89 1511 1680 1582">
     <span class='ocr_line' id='line_1_16' title="bbox 89 1511 1680 1582; baseline -0.001 -16"><span class='ocrx_word' id='word_1_94' title='bbox 89 1512 354 1579; x_wconf 82' lang='lat' dir='ltr'><strong>Christi,</strong></span> <span class='ocrx_word' id='word_1_95' title='bbox 384 1511 678 1582; x_wconf 86' lang='lat' dir='ltr'><strong>nudusque</strong></span> <span class='ocrx_word' id='word_1_96' title='bbox 713 1528 742 1566; x_wconf 90' lang='lat' dir='ltr'><strong>a</strong></span> <span class='ocrx_word' id='word_1_97' title='bbox 773 1521 923 1568; x_wconf 87' lang='lat' dir='ltr'><strong>tanta</strong></span> <span class='ocrx_word' id='word_1_98' title='bbox 971 1514 1327 1568; x_wconf 80' lang='lat' dir='ltr'><strong>multitudine</strong></span> <span class='ocrx_word' id='word_1_99' title='bbox 1373 1512 1680 1582; x_wconf 87' lang='lat' dir='ltr'><strong>aspicitur:</strong></span> 
     </span>
    </p>
   </div>
   <div class='ocr_carea' id='block_1_17' title="bbox 92 1602 1686 1667">
    <p class='ocr_par' dir='ltr' id='par_1_17' title="bbox 92 1602 1686 1667">
     <span class='ocr_line' id='line_1_17' title="bbox 92 1602 1686 1667; baseline -0.002 -8"><span class='ocrx_word' id='word_1_100' title='bbox 92 1605 321 1659; x_wconf 87' lang='lat' dir='ltr'><strong>nullum</strong></span> <span class='ocrx_word' id='word_1_101' title='bbox 365 1603 422 1657; x_wconf 92' lang='lat' dir='ltr'><strong>in</strong></span> <span class='ocrx_word' id='word_1_102' title='bbox 455 1618 522 1658; x_wconf 91' lang='lat' dir='ltr'><strong>eo</strong></span> <span class='ocrx_word' id='word_1_103' title='bbox 566 1603 826 1659; x_wconf 85' lang='lat' dir='ltr'><strong>indicium</strong></span> <span class='ocrx_word' id='word_1_104' title='bbox 852 1642 869 1667; x_wconf 91' lang='lat'><strong>,</strong></span> <span class='ocrx_word' id='word_1_105' title='bbox 910 1604 1064 1658; x_wconf 88' lang='lat' dir='ltr'><strong>nulla</strong></span> <span class='ocrx_word' id='word_1_106' title='bbox 1096 1602 1539 1659; x_wconf 85' lang='lat' dir='ltr'><strong>circumcisionis</strong></span> <span class='ocrx_word' id='word_1_107' title='bbox 1569 1617 1686 1656; x_wconf 86' lang='lat' dir='ltr'><strong>ma-</strong></span> 
     </span>
    </p>
   </div>
   <div class='ocr_carea' id='block_1_18' title="bbox 89 1693 1682 1765">
    <p class='ocr_par' dir='ltr' id='par_1_18' title="bbox 89 1693 1682 1765">
     <span class='ocr_line' id='line_1_18' title="bbox 89 1693 1682 1765; baseline -0.001 -17"><span class='ocrx_word' id='word_1_108' title='bbox 89 1696 257 1760; x_wconf 78' lang='lat' dir='ltr'><strong>cula,</strong></span> <span class='ocrx_word' id='word_1_109' title='bbox 290 1695 504 1750; x_wconf 91' lang='lat' dir='ltr'><strong>nullum</strong></span> <span class='ocrx_word' id='word_1_110' title='bbox 551 1694 1066 1750; x_wconf 79' lang='lat' dir='ltr'><strong>Mahumetistarum</strong></span> <span class='ocrx_word' id='word_1_111' title='bbox 1097 1703 1328 1765; x_wconf 81' lang='lat' dir='ltr'><strong>apparet</strong></span> <span class='ocrx_word' id='word_1_112' title='bbox 1360 1693 1682 1763; x_wconf 76' lang='lat' dir='ltr'><strong>vestigium.</strong></span> 
     </span>
    </p>
   </div>
   <div class='ocr_carea' id='block_1_19' title="bbox 92 1767 1755 1848">
    <p class='ocr_par' dir='ltr' id='par_1_19' title="bbox 92 1767 1755 1848">
     <span class='ocr_line' id='line_1_19' title="bbox 92 1767 1755 1848; baseline -0.004 -6"><span class='ocrx_word' id='word_1_113' title='bbox 92 1788 430 1843; x_wconf 71' lang='lat' dir='ltr'><strong>Exclamant</strong></span> <span class='ocrx_word' id='word_1_114' title='bbox 466 1805 532 1843; x_wconf 75' lang='lat' dir='ltr'><strong>ex</strong></span> <span class='ocrx_word' id='word_1_115' title='bbox 556 1787 747 1842; x_wconf 67' lang='lat' dir='ltr'><strong>laetitia</strong></span> <span class='ocrx_word' id='word_1_116' title='bbox 779 1786 1109 1848; x_wconf 84' lang='lat' dir='ltr'><strong>Christiani.</strong></span> <span class='ocrx_word' id='word_1_117' title='bbox 1132 1785 1555 1843; x_wconf 72' lang='lat' dir='ltr'><strong>ett-funduntur</strong></span> <span class='ocrx_word' id='word_1_118' title='bbox 1583 1782 1683 1837; x_wconf 84' lang='lat' dir='ltr'><strong>ad-</strong></span> <span class='ocrx_word' id='word_1_119' title='bbox 1714 1767 1755 1822; x_wconf 76' lang='grc' dir='ltr'><strong><em>Β</em></strong></span> 
     </span>
    </p>
   </div>
   <div class='ocr_carea' id='block_1_20' title="bbox 39 1875 1681 1948">
    <p class='ocr_par' dir='ltr' id='par_1_20' title="bbox 39 1875 1681 1948">
     <span class='ocr_line' id='line_1_20' title="bbox 39 1875 1681 1948; baseline 0.001 -20"><span class='ocrx_word' id='word_1_120' title='bbox 39 1917 45 1928; x_wconf 89' lang='grc'><em>.</em></span> <span class='ocrx_word' id='word_1_121' title='bbox 92 1881 340 1935; x_wconf 74' lang='lat' dir='ltr'><strong>versarii</strong></span> <span class='ocrx_word' id='word_1_122' title='bbox 368 1922 383 1943; x_wconf 94' lang='lat'><strong>,</strong></span> <span class='ocrx_word' id='word_1_123' title='bbox 413 1889 471 1934; x_wconf 93' lang='lat' dir='ltr'><strong>et</strong></span> <span class='ocrx_word' id='word_1_124' title='bbox 508 1879 637 1933; x_wconf 92' lang='lat' dir='ltr'><strong>victi</strong></span> <span class='ocrx_word' id='word_1_125' title='bbox 668 1879 889 1947; x_wconf 82' lang='lat' dir='ltr'><strong>penitus</strong></span> <span class='ocrx_word' id='word_1_126' title='bbox 922 1885 1396 1948; x_wconf 85' lang='lat' dir='ltr'><strong>prosternuntur:</strong></span> <span class='ocrx_word' id='word_1_127' title='bbox 1424 1875 1533 1932; x_wconf 85' lang='lat' dir='ltr'><strong>nisi</strong></span> <span class='ocrx_word' id='word_1_128' title='bbox 1561 1875 1681 1929; x_wconf 84' lang='lat' dir='ltr'><strong>dia-</strong></span> 
     </span>
    </p>
   </div>
   <div class='ocr_carea' id='block_1_21' title="bbox 92 1960 1683 2042">
    <p class='ocr_par' dir='ltr' id='par_1_21' title="bbox 92 1960 1683 2042">
     <span class='ocr_line' id='line_1_21' title="bbox 92 1960 1683 2042; baseline -0.004 -14"><span class='ocrx_word' id='word_1_129' title='bbox 92 1974 290 2029; x_wconf 82' lang='lat' dir='ltr'><strong>bolieo</strong></span> <span class='ocrx_word' id='word_1_130' title='bbox 328 1982 449 2028; x_wconf 89' lang='lat' dir='ltr'><strong>astu</strong></span> <span class='ocrx_word' id='word_1_131' title='bbox 491 1960 704 2042; x_wconf 78' lang='lat' dir='ltr'><strong>adjnti,</strong></span> <span class='ocrx_word' id='word_1_132' title='bbox 767 1971 1157 2039; x_wconf 76' lang='lat' dir='ltr'><strong>exposuissent</strong></span> <span class='ocrx_word' id='word_1_133' title='bbox 1224 1969 1395 2023; x_wconf 89' lang='lat' dir='ltr'><strong>moris</strong></span> <span class='ocrx_word' id='word_1_134' title='bbox 1449 1983 1572 2024; x_wconf 88' lang='lat' dir='ltr'><strong>esse</strong></span> <span class='ocrx_word' id='word_1_135' title='bbox 1624 1969 1683 2023; x_wconf 92' lang='lat' dir='ltr'><strong>in</strong></span> 
     </span>
    </p>
   </div>
   <div class='ocr_carea' id='block_1_22' title="bbox 92 2062 1687 2136">
    <p class='ocr_par' dir='ltr' id='par_1_22' title="bbox 92 2062 1687 2136">
     <span class='ocr_line' id='line_1_22' title="bbox 92 2062 1687 2136; baseline -0.002 -17"><span class='ocrx_word' id='word_1_136' title='bbox 92 2065 369 2136; x_wconf 74' lang='lat' dir='ltr'><strong>Aigypto,</strong></span> <span class='ocrx_word' id='word_1_137' title='bbox 407 2064 638 2117; x_wconf 88' lang='lat' dir='ltr'><strong>minoris</strong></span> <span class='ocrx_word' id='word_1_138' title='bbox 680 2062 934 2118; x_wconf 88' lang='lat' dir='ltr'><strong>homines</strong></span> <span class='ocrx_word' id='word_1_139' title='bbox 979 2063 1160 2117; x_wconf 70' lang='lat' dir='ltr'><strong>aetatis</strong></span> <span class='ocrx_word' id='word_1_140' title='bbox 1189 2062 1540 2126; x_wconf 76' lang='lat' dir='ltr'><strong>circumcidi,</strong></span> <span class='ocrx_word' id='word_1_141' title='bbox 1568 2077 1687 2116; x_wconf 84' lang='lat' dir='ltr'><strong>ma-</strong></span> 
     </span>
    </p>
   </div>
   <div class='ocr_carea' id='block_1_23' title="bbox 87 2152 1686 2224">
    <p class='ocr_par' dir='ltr' id='par_1_23' title="bbox 87 2152 1686 2224">
     <span class='ocr_line' id='line_1_23' title="bbox 87 2152 1686 2224; baseline -0.003 -15"><span class='ocrx_word' id='word_1_142' title='bbox 87 2154 268 2223; x_wconf 85' lang='lat' dir='ltr'><strong>joris,</strong></span> <span class='ocrx_word' id='word_1_143' title='bbox 296 2154 341 2208; x_wconf 90' lang='lat' dir='ltr'><strong>si</strong></span> <span class='ocrx_word' id='word_1_144' title='bbox 375 2153 443 2208; x_wconf 93' lang='lat' dir='ltr'><strong>ad</strong></span> <span class='ocrx_word' id='word_1_145' title='bbox 473 2153 845 2207; x_wconf 80' lang='lat' dir='ltr'><strong>Mahumetum</strong></span> <span class='ocrx_word' id='word_1_146' title='bbox 877 2152 973 2207; x_wconf 88' lang='lat' dir='ltr'><strong>Dei</strong></span> <span class='ocrx_word' id='word_1_147' title='bbox 1002 2155 1327 2224; x_wconf 83' lang='lat' dir='ltr'><strong>prephetam</strong></span> <span class='ocrx_word' id='word_1_148' title='bbox 1355 2163 1686 2207; x_wconf 60' lang='lat' dir='ltr'><strong>convertano</strong></span> 
     </span>
    </p>
   </div>
   <div class='ocr_carea' id='block_1_24' title="bbox 97 2242 1687 2309">
    <p class='ocr_par' dir='ltr' id='par_1_24' title="bbox 97 2242 1687 2309">
     <span class='ocr_line' id='line_1_24' title="bbox 97 2242 1687 2309; baseline -0.001 -8"><span class='ocrx_word' id='word_1_149' title='bbox 97 2259 230 2309; x_wconf 73' lang='lat' dir='ltr'><strong>tur,</strong></span> <span class='ocrx_word' id='word_1_150' title='bbox 264 2242 593 2299; x_wconf 84' lang='lat' dir='ltr'><strong>circumcidi</strong></span> <span class='ocrx_word' id='word_1_151' title='bbox 626 2244 672 2298; x_wconf 88' lang='lat' dir='ltr'><strong>si</strong></span> <span class='ocrx_word' id='word_1_152' title='bbox 705 2246 939 2299; x_wconf 87' lang='lat' dir='ltr'><strong>volunt:</strong></span> <span class='ocrx_word' id='word_1_153' title='bbox 973 2245 1019 2300; x_wconf 90' lang='lat' dir='ltr'><strong>si</strong></span> <span class='ocrx_word' id='word_1_154' title='bbox 1052 2260 1189 2300; x_wconf 89' lang='lat' dir='ltr'><strong>vero</strong></span> <span class='ocrx_word' id='word_1_155' title='bbox 1232 2247 1537 2300; x_wconf 80' lang='lat' dir='ltr'><strong>abhorrent</strong></span> <span class='ocrx_word' id='word_1_156' title='bbox 1579 2244 1687 2299; x_wconf 87' lang='lat' dir='ltr'><strong>cir-</strong></span> 
     </span>
    </p>
   </div>
   <div class='ocr_carea' id='block_1_25' title="bbox 99 2334 1685 2406">
    <p class='ocr_par' dir='ltr' id='par_1_25' title="bbox 99 2334 1685 2406">
     <span class='ocr_line' id='line_1_25' title="bbox 99 2334 1685 2406; baseline -0.001 -16"><span class='ocrx_word' id='word_1_157' title='bbox 99 2335 515 2391; x_wconf 87' lang='lat' dir='ltr'><strong>cumcisionent</strong></span> <span class='ocrx_word' id='word_1_158' title='bbox 546 2372 562 2397; x_wconf 91' lang='lat'><strong>,</strong></span> <span class='ocrx_word' id='word_1_159' title='bbox 604 2334 758 2389; x_wconf 87' lang='lat' dir='ltr'><strong>nullo</strong></span> <span class='ocrx_word' id='word_1_160' title='bbox 814 2336 935 2406; x_wconf 91' lang='lat' dir='ltr'><strong>cogi</strong></span> <span class='ocrx_word' id='word_1_161' title='bbox 977 2335 1139 2389; x_wconf 89' lang='lat' dir='ltr'><strong>modo</strong></span> <span class='ocrx_word' id='word_1_162' title='bbox 1177 2351 1338 2406; x_wconf 80' lang='lat' dir='ltr'><strong>posse</strong></span> <span class='ocrx_word' id='word_1_163' title='bbox 1367 2378 1381 2398; x_wconf 88' lang='lat'><strong><em>.</em></strong></span> <span class='ocrx_word' id='word_1_164' title='bbox 1424 2336 1685 2405; x_wconf 89' lang='lat' dir='ltr'><strong>quoniam</strong></span> 
     </span>
    </p>
   </div>
   <div class='ocr_carea' id='block_1_26' title="bbox 101 2425 1695 2492">
    <p class='ocr_par' dir='ltr' id='par_1_26' title="bbox 101 2425 1695 2492">
     <span class='ocr_line' id='line_1_26' title="bbox 101 2425 1695 2492; baseline 0.002 -11"><span class='ocrx_word' id='word_1_165' title='bbox 101 2427 319 2483; x_wconf 84' lang='lat' dir='ltr'><strong>melius</strong></span> <span class='ocrx_word' id='word_1_166' title='bbox 352 2426 427 2480; x_wconf 88' lang='lat' dir='ltr'><strong>sit</strong></span> <span class='ocrx_word' id='word_1_167' title='bbox 459 2425 663 2480; x_wconf 88' lang='lat' dir='ltr'><strong>lucrari</strong></span> <span class='ocrx_word' id='word_1_168' title='bbox 693 2426 932 2481; x_wconf 87' lang='lat' dir='ltr'><strong>animam</strong></span> <span class='ocrx_word' id='word_1_169' title='bbox 964 2427 1210 2482; x_wconf 88' lang='lat' dir='ltr'><strong>hominis</strong></span> <span class='ocrx_word' id='word_1_170' title='bbox 1231 2467 1248 2492; x_wconf 89' lang='lat'><strong>,</strong></span> <span class='ocrx_word' id='word_1_171' title='bbox 1280 2442 1347 2483; x_wconf 80' lang='lat' dir='ltr'><strong>ex</strong></span> <span class='ocrx_word' id='word_1_172' title='bbox 1380 2436 1495 2483; x_wconf 92' lang='lat' dir='ltr'><strong>toto</strong></span> <span class='ocrx_word' id='word_1_173' title='bbox 1530 2428 1695 2484; x_wconf 80' lang='lat' dir='ltr'><strong>nobis</strong></span> 
     </span>
    </p>
   </div>
   <div class='ocr_carea' id='block_1_27' title="bbox 104 2518 1691 2591">
    <p class='ocr_par' dir='ltr' id='par_1_27' title="bbox 104 2518 1691 2591">
     <span class='ocr_line' id='line_1_27' title="bbox 104 2518 1691 2591; baseline 0 -15"><span class='ocrx_word' id='word_1_174' title='bbox 104 2520 285 2576; x_wconf 89' lang='lat' dir='ltr'><strong>corde</strong></span> <span class='ocrx_word' id='word_1_175' title='bbox 319 2518 693 2573; x_wconf 57' lang='lat' dir='ltr'><strong>adherentem</strong></span> <span class='ocrx_word' id='word_1_176' title='bbox 729 2519 785 2573; x_wconf 91' lang='lat' dir='ltr'><strong>in</strong></span> <span class='ocrx_word' id='word_1_177' title='bbox 818 2520 1035 2575; x_wconf 69' lang='lat' dir='ltr'><strong>ea-teris</strong></span> <span class='ocrx_word' id='word_1_178' title='bbox 1068 2521 1329 2577; x_wconf 87' lang='lat' dir='ltr'><strong>omnibus</strong></span> <span class='ocrx_word' id='word_1_179' title='bbox 1363 2532 1561 2591; x_wconf 66' lang='lat' dir='ltr'><strong>praeter</strong></span> <span class='ocrx_word' id='word_1_180' title='bbox 1579 2522 1691 2577; x_wconf 61' lang='lat' dir='ltr'><strong>circ</strong></span> 
     </span>
    </p>
   </div>
   <div class='ocr_carea' id='block_1_28' title="bbox 107 2608 1693 2681">
    <p class='ocr_par' dir='ltr' id='par_1_28' title="bbox 107 2608 1693 2681">
     <span class='ocr_line' id='line_1_28' title="bbox 107 2608 1693 2681; baseline 0.001 -16"><span class='ocrx_word' id='word_1_181' title='bbox 107 2608 538 2671; x_wconf 87' lang='lat' dir='ltr'><strong>cumcisionem,</strong></span> <span class='ocrx_word' id='word_1_182' title='bbox 562 2622 725 2676; x_wconf 85' lang='lat' dir='ltr'><strong>quam</strong></span> <span class='ocrx_word' id='word_1_183' title='bbox 752 2609 1005 2680; x_wconf 88' lang='lat' dir='ltr'><strong>rejicere,</strong></span> <span class='ocrx_word' id='word_1_184' title='bbox 1027 2610 1286 2681; x_wconf 82' lang='lat' dir='ltr'><strong>quoniam</strong></span> <span class='ocrx_word' id='word_1_185' title='bbox 1314 2612 1693 2668; x_wconf 87' lang='lat' dir='ltr'><strong>circumcisio-</strong></span> 
     </span>
    </p>
   </div>
   <div class='ocr_carea' id='block_1_29' title="bbox 110 2698 1692 2774">
    <p class='ocr_par' dir='ltr' id='par_1_29' title="bbox 110 2698 1692 2774">
     <span class='ocr_line' id='line_1_29' title="bbox 110 2698 1692 2774; baseline 0.002 -16"><span class='ocrx_word' id='word_1_186' title='bbox 110 2718 247 2759; x_wconf 87' lang='lat' dir='ltr'><strong>nem</strong></span> <span class='ocrx_word' id='word_1_187' title='bbox 292 2699 637 2756; x_wconf 79' lang='lat' dir='ltr'><strong>reformidet.</strong></span> <span class='ocrx_word' id='word_1_188' title='bbox 679 2698 776 2754; x_wconf 82' lang='lat' dir='ltr'><strong>His</strong></span> <span class='ocrx_word' id='word_1_189' title='bbox 813 2701 1154 2761; x_wconf 78' lang='lat' dir='ltr'><strong>rationibus.</strong></span> <span class='ocrx_word' id='word_1_190' title='bbox 1186 2702 1270 2756; x_wconf 79' lang='lat' dir='ltr'><strong>vel</strong></span> <span class='ocrx_word' id='word_1_191' title='bbox 1318 2705 1492 2772; x_wconf 83' lang='lat' dir='ltr'><strong>magis</strong></span> <span class='ocrx_word' id='word_1_192' title='bbox 1516 2745 1532 2769; x_wconf 94' lang='lat'><strong>,</strong></span> <span class='ocrx_word' id='word_1_193' title='bbox 1561 2706 1692 2774; x_wconf 86' lang='lat' dir='ltr'><strong>quia</strong></span> 
     </span>
    </p>
   </div>
   <div class='ocr_carea' id='block_1_30' title="bbox 112 2793 1692 2865">
    <p class='ocr_par' dir='ltr' id='par_1_30' title="bbox 112 2793 1692 2865">
     <span class='ocr_line' id='line_1_30' title="bbox 112 2793 1692 2865; baseline 0.001 -15"><span class='ocrx_word' id='word_1_194' title='bbox 112 2808 286 2850; x_wconf 75' lang='lat' dir='ltr'><strong>secta:</strong></span> <span class='ocrx_word' id='word_1_195' title='bbox 313 2793 531 2848; x_wconf 84' lang='lat' dir='ltr'><strong>favebat</strong></span> <span class='ocrx_word' id='word_1_196' title='bbox 562 2808 677 2848; x_wconf 70' lang='lat' dir='ltr'><strong>sum</strong></span> <span class='ocrx_word' id='word_1_197' title='bbox 704 2833 719 2855; x_wconf 88' lang='lat'><strong>.</strong></span> <span class='ocrx_word' id='word_1_198' title='bbox 763 2794 1035 2848; x_wconf 83' lang='lat' dir='ltr'><strong>confusus</strong></span> <span class='ocrx_word' id='word_1_199' title='bbox 1071 2793 1263 2864; x_wconf 81' lang='lat' dir='ltr'><strong>judex,</strong></span> <span class='ocrx_word' id='word_1_200' title='bbox 1320 2795 1526 2850; x_wconf 86' lang='lat' dir='ltr'><strong>nullam</strong></span> <span class='ocrx_word' id='word_1_201' title='bbox 1561 2812 1692 2865; x_wconf 81' lang='lat' dir='ltr'><strong>pro-</strong></span> 
     </span>
    </p>
   </div>
   <div class='ocr_carea' id='block_1_31' title="bbox 112 2884 1690 2951">
    <p class='ocr_par' dir='ltr' id='par_1_31' title="bbox 112 2884 1690 2951">
     <span class='ocr_line' id='line_1_31' title="bbox 112 2884 1690 2951; baseline 0.001 -12"><span class='ocrx_word' id='word_1_202' title='bbox 112 2885 383 2940; x_wconf 77' lang='lat' dir='ltr'><strong>nuntiare</strong></span> <span class='ocrx_word' id='word_1_203' title='bbox 428 2884 767 2941; x_wconf 84' lang='lat' dir='ltr'><strong>sententiam</strong></span> <span class='ocrx_word' id='word_1_204' title='bbox 801 2884 942 2939; x_wconf 80' lang='lat' dir='ltr'><strong>velle</strong></span> <span class='ocrx_word' id='word_1_205' title='bbox 971 2884 1025 2938; x_wconf 92' lang='lat' dir='ltr'><strong>in</strong></span> <span class='ocrx_word' id='word_1_206' title='bbox 1072 2899 1133 2937; x_wconf 88' lang='lat' dir='ltr'><strong>re</strong></span> <span class='ocrx_word' id='word_1_207' title='bbox 1172 2894 1322 2940; x_wconf 87' lang='lat' dir='ltr'><strong>tanta</strong></span> <span class='ocrx_word' id='word_1_208' title='bbox 1360 2885 1535 2951; x_wconf 73' lang='lat' dir='ltr'><strong>dixit,</strong></span> <span class='ocrx_word' id='word_1_209' title='bbox 1584 2886 1690 2941; x_wconf 89' lang='lat' dir='ltr'><strong>nisi</strong></span> 
     </span>
    </p>
   </div>
   <div class='ocr_carea' id='block_1_32' title="bbox 89 2975 1694 3061">
    <p class='ocr_par' dir='ltr' id='par_1_32' title="bbox 89 2975 1694 3061">
     <span class='ocr_line' id='line_1_32' title="bbox 89 2975 1694 3061; baseline 0.002 -31"><span class='ocrx_word' id='word_1_210' title='bbox 89 2992 310 3061; x_wconf 51' lang='lat' dir='ltr'><strong>.regem</strong></span> <span class='ocrx_word' id='word_1_211' title='bbox 341 2977 727 3044; x_wconf 85' lang='lat' dir='ltr'><strong>consuluerit;</strong></span> <span class='ocrx_word' id='word_1_212' title='bbox 762 2975 838 3030; x_wconf 87' lang='lat' dir='ltr'><strong>ita</strong></span> <span class='ocrx_word' id='word_1_213' title='bbox 882 2976 1028 3030; x_wconf 89' lang='lat' dir='ltr'><strong>enim</strong></span> <span class='ocrx_word' id='word_1_214' title='bbox 1062 2976 1233 3030; x_wconf 85' lang='lat' dir='ltr'><strong>moris</strong></span> <span class='ocrx_word' id='word_1_215' title='bbox 1259 2984 1348 3031; x_wconf 90' lang='lat' dir='ltr'><strong>est</strong></span> <span class='ocrx_word' id='word_1_216' title='bbox 1401 2976 1456 3031; x_wconf 88' lang='lat' dir='ltr'><strong>in</strong></span> <span class='ocrx_word' id='word_1_217' title='bbox 1512 2978 1694 3034; x_wconf 79' lang='lat' dir='ltr'><strong>causis</strong></span> 
     </span>
    </p>
   </div>
   <div class='ocr_carea' id='block_1_33' title="bbox 114 3067 705 3138">
    <p class='ocr_par' dir='ltr' id='par_1_33' title="bbox 114 3067 705 3138">
     <span class='ocr_line' id='line_1_33' title="bbox 114 3067 705 3138; baseline -0.002 -16"><span class='ocrx_word' id='word_1_218' title='bbox 114 3068 395 3138; x_wconf 78' lang='lat' dir='ltr'><strong>ambiguis</strong></span> <span class='ocrx_word' id='word_1_219' title='bbox 419 3079 473 3123; x_wconf 88' lang='lat' dir='ltr'><strong>ct</strong></span> <span class='ocrx_word' id='word_1_220' title='bbox 494 3067 705 3123; x_wconf 86' lang='lat' dir='ltr'><strong>arduis.</strong></span> 
     </span>
    </p>
   </div>
   <div class='ocr_carea' id='block_1_34' title="bbox 187 3160 1693 3233">
    <p class='ocr_par' dir='ltr' id='par_1_34' title="bbox 187 3160 1693 3233">
     <span class='ocr_line' id='line_1_34' title="bbox 187 3160 1693 3233; baseline -0.001 -16"><span class='ocrx_word' id='word_1_221' title='bbox 187 3161 261 3217; x_wconf 73' lang='grc' dir='ltr'><strong>Υ.</strong></span> <span class='ocrx_word' id='word_1_222' title='bbox 302 3162 506 3230; x_wconf 78' lang='lat' dir='ltr'><strong>ltegem</strong></span> <span class='ocrx_word' id='word_1_223' title='bbox 543 3161 711 3227; x_wconf 74' lang='lat' dir='ltr'><strong>igitur</strong></span> <span class='ocrx_word' id='word_1_224' title='bbox 734 3204 750 3227; x_wconf 94' lang='lat'><strong>,</strong></span> <span class='ocrx_word' id='word_1_225' title='bbox 786 3161 842 3216; x_wconf 91' lang='lat' dir='ltr'><strong>in</strong></span> <span class='ocrx_word' id='word_1_226' title='bbox 898 3176 1183 3217; x_wconf 88' lang='lat' dir='ltr'><strong>carcerem</strong></span> <span class='ocrx_word' id='word_1_227' title='bbox 1235 3162 1489 3233; x_wconf 88' lang='lat' dir='ltr'><strong>conjecto</strong></span> <span class='ocrx_word' id='word_1_228' title='bbox 1521 3160 1693 3215; x_wconf 81' lang='lat' dir='ltr'><strong>milite</strong></span> 
     </span>
    </p>
   </div>
   <div class='ocr_carea' id='block_1_35' title="bbox 115 3251 1694 3317">
    <p class='ocr_par' dir='ltr' id='par_1_35' title="bbox 115 3251 1694 3317">
     <span class='ocr_line' id='line_1_35' title="bbox 115 3251 1694 3317; baseline -0.001 -8"><span class='ocrx_word' id='word_1_229' title='bbox 115 3254 352 3317; x_wconf 88' lang='lat' dir='ltr'><strong>Christi,</strong></span> <span class='ocrx_word' id='word_1_230' title='bbox 386 3252 704 3308; x_wconf 86' lang='lat' dir='ltr'><strong>consultum</strong></span> <span class='ocrx_word' id='word_1_231' title='bbox 733 3252 913 3307; x_wconf 90' lang='lat' dir='ltr'><strong>adiit:</strong></span> <span class='ocrx_word' id='word_1_232' title='bbox 947 3251 1038 3307; x_wconf 90' lang='lat' dir='ltr'><strong>cui</strong></span> <span class='ocrx_word' id='word_1_233' title='bbox 1086 3253 1273 3306; x_wconf 85' lang='lat' dir='ltr'><strong>omnia</strong></span> <span class='ocrx_word' id='word_1_234' title='bbox 1309 3268 1434 3307; x_wconf 89' lang='lat' dir='ltr'><strong>cum</strong></span> <span class='ocrx_word' id='word_1_235' title='bbox 1473 3254 1694 3307; x_wconf 87' lang='lat' dir='ltr'><strong>retulis-</strong></span> 
     </span>
    </p>
   </div>
   <div class='ocr_carea' id='block_1_36' title="bbox 116 3344 1694 3416">
    <p class='ocr_par' dir='ltr' id='par_1_36' title="bbox 116 3344 1694 3416">
     <span class='ocr_line' id='line_1_36' title="bbox 116 3344 1694 3416; baseline -0.001 -16"><span class='ocrx_word' id='word_1_236' title='bbox 116 3356 224 3409; x_wconf 85' lang='lat' dir='ltr'><strong>set,</strong></span> <span class='ocrx_word' id='word_1_237' title='bbox 272 3345 648 3412; x_wconf 68' lang='lat' dir='ltr'><strong>interrogatus</strong></span> <span class='ocrx_word' id='word_1_238' title='bbox 675 3344 742 3399; x_wconf 90' lang='lat' dir='ltr'><strong>de</strong></span> <span class='ocrx_word' id='word_1_239' title='bbox 775 3352 935 3399; x_wconf 58' lang='lat' dir='ltr'><strong>aetate</strong></span> <span class='ocrx_word' id='word_1_240' title='bbox 963 3346 1161 3414; x_wconf 87' lang='lat' dir='ltr'><strong>ipsius,</strong></span> <span class='ocrx_word' id='word_1_241' title='bbox 1207 3344 1514 3416; x_wconf 86' lang='lat' dir='ltr'><strong>habituque</strong></span> <span class='ocrx_word' id='word_1_242' title='bbox 1540 3344 1694 3399; x_wconf 88' lang='lat' dir='ltr'><strong>omni</strong></span> 
     </span>
    </p>
   </div>
   <div class='ocr_carea' id='block_1_37' title="bbox 117 3435 1694 3507">
    <p class='ocr_par' dir='ltr' id='par_1_37' title="bbox 117 3435 1694 3507">
     <span class='ocr_line' id='line_1_37' title="bbox 117 3435 1694 3507; baseline -0.001 -14"><span class='ocrx_word' id='word_1_243' title='bbox 117 3436 375 3507; x_wconf 86' lang='lat' dir='ltr'><strong>corporis</strong></span> <span class='ocrx_word' id='word_1_244' title='bbox 413 3435 688 3492; x_wconf 81' lang='lat' dir='ltr'><strong>:Juvenis</strong></span> <span class='ocrx_word' id='word_1_245' title='bbox 714 3480 728 3502; x_wconf 94' lang='lat'><strong>,</strong></span> <span class='ocrx_word' id='word_1_246' title='bbox 768 3436 949 3505; x_wconf 83' lang='lat' dir='ltr'><strong>inquit</strong></span> <span class='ocrx_word' id='word_1_247' title='bbox 1004 3437 1142 3507; x_wconf 90' lang='lat' dir='ltr'><strong>ipse,</strong></span> <span class='ocrx_word' id='word_1_248' title='bbox 1197 3437 1380 3492; x_wconf 85' lang='lat' dir='ltr'><strong>animo</strong></span> <span class='ocrx_word' id='word_1_249' title='bbox 1433 3437 1694 3503; x_wconf 86' lang='lat' dir='ltr'><strong>invictus,</strong></span> 
     </span>
    </p>
   </div>
   <div class='ocr_carea' id='block_1_38' title="bbox 119 3523 1697 3597">
    <p class='ocr_par' dir='ltr' id='par_1_38' title="bbox 119 3523 1697 3597">
     <span class='ocr_line' id='line_1_38' title="bbox 119 3523 1697 3597; baseline 0 -17"><span class='ocrx_word' id='word_1_250' title='bbox 119 3536 292 3596; x_wconf 86' lang='lat' dir='ltr'><strong>atque</strong></span> <span class='ocrx_word' id='word_1_251' title='bbox 323 3540 518 3592; x_wconf 82' lang='lat' dir='ltr'><strong>magna</strong></span> <span class='ocrx_word' id='word_1_252' title='bbox 541 3533 771 3590; x_wconf 84' lang='lat' dir='ltr'><strong>statura,</strong></span> <span class='ocrx_word' id='word_1_253' title='bbox 800 3523 1106 3594; x_wconf 90' lang='lat' dir='ltr'><strong>grandibus</strong></span> <span class='ocrx_word' id='word_1_254' title='bbox 1134 3526 1349 3581; x_wconf 86' lang='lat' dir='ltr'><strong>ossibus</strong></span> <span class='ocrx_word' id='word_1_255' title='bbox 1378 3539 1542 3597; x_wconf 84' lang='lat' dir='ltr'><strong>atque</strong></span> <span class='ocrx_word' id='word_1_256' title='bbox 1569 3543 1697 3581; x_wconf 91' lang='lat' dir='ltr'><strong>ner-</strong></span> 
     </span>
    </p>
   </div>
   <div class='ocr_carea' id='block_1_39' title="bbox 121 3615 1693 3672">
    <p class='ocr_par' dir='ltr' id='par_1_39' title="bbox 121 3615 1693 3672">
     <span class='ocr_line' id='line_1_39' title="bbox 121 3615 1693 3672; baseline 0.002 -4"><span class='ocrx_word' id='word_1_257' title='bbox 121 3617 201 3669; x_wconf 88' lang='lat' dir='ltr'><strong>vis</strong></span> <span class='ocrx_word' id='word_1_258' title='bbox 254 3615 618 3671; x_wconf 82' lang='lat' dir='ltr'><strong>convallatus.</strong></span> <span class='ocrx_word' id='word_1_259' title='bbox 653 3616 766 3669; x_wconf 78' lang='lat' dir='ltr'><strong>Rex</strong></span> <span class='ocrx_word' id='word_1_260' title='bbox 802 3617 942 3671; x_wconf 88' lang='lat' dir='ltr'><strong>tales</strong></span> <span class='ocrx_word' id='word_1_261' title='bbox 972 3618 1224 3672; x_wconf 83' lang='lat' dir='ltr'><strong>homines</strong></span> <span class='ocrx_word' id='word_1_262' title='bbox 1255 3617 1461 3672; x_wconf 88' lang='lat' dir='ltr'><strong>habere</strong></span> <span class='ocrx_word' id='word_1_263' title='bbox 1494 3618 1549 3670; x_wconf 87' lang='lat' dir='ltr'><strong>in</strong></span> <span class='ocrx_word' id='word_1_264' title='bbox 1585 3616 1693 3671; x_wconf 84' lang='lat' dir='ltr'><strong>nti-</strong></span> 
     </span>
    </p>
   </div>
   <div class='ocr_carea' id='block_1_40' title="bbox 120 3705 1694 3777">
    <p class='ocr_par' dir='ltr' id='par_1_40' title="bbox 120 3705 1694 3777">
     <span class='ocr_line' id='line_1_40' title="bbox 120 3705 1694 3777; baseline 0.001 -16"><span class='ocrx_word' id='word_1_265' title='bbox 120 3707 241 3761; x_wconf 84' lang='lat' dir='ltr'><strong>litia</strong></span> <span class='ocrx_word' id='word_1_266' title='bbox 283 3705 474 3775; x_wconf 88' lang='lat' dir='ltr'><strong>cupit:</strong></span> <span class='ocrx_word' id='word_1_267' title='bbox 500 3705 669 3771; x_wconf 80' lang='lat' dir='ltr'><strong>Vade,</strong></span> <span class='ocrx_word' id='word_1_268' title='bbox 703 3706 902 3775; x_wconf 90' lang='lat' dir='ltr'><strong>inquit,</strong></span> <span class='ocrx_word' id='word_1_269' title='bbox 930 3717 983 3761; x_wconf 92' lang='lat' dir='ltr'><strong>et</strong></span> <span class='ocrx_word' id='word_1_270' title='bbox 1013 3708 1249 3777; x_wconf 89' lang='lat' dir='ltr'><strong>primum</strong></span> <span class='ocrx_word' id='word_1_271' title='bbox 1280 3708 1398 3774; x_wconf 92' lang='lat' dir='ltr'><strong>illi,</strong></span> <span class='ocrx_word' id='word_1_272' title='bbox 1429 3707 1474 3761; x_wconf 86' lang='lat' dir='ltr'><strong>si</strong></span> <span class='ocrx_word' id='word_1_273' title='bbox 1505 3723 1694 3762; x_wconf 88' lang='lat' dir='ltr'><strong>noster</strong></span> 
     </span>
    </p>
   </div>
   <div class='ocr_carea' id='block_1_41' title="bbox 125 3798 1697 3865">
    <p class='ocr_par' dir='ltr' id='par_1_41' title="bbox 125 3798 1697 3865">
     <span class='ocr_line' id='line_1_41' title="bbox 125 3798 1697 3865; baseline 0.003 -14"><span class='ocrx_word' id='word_1_274' title='bbox 125 3798 370 3853; x_wconf 71' lang='lat' dir='ltr'><strong>voluerit</strong></span> <span class='ocrx_word' id='word_1_275' title='bbox 408 3814 555 3865; x_wconf 79' lang='lat' dir='ltr'><strong>esse,</strong></span> <span class='ocrx_word' id='word_1_276' title='bbox 594 3798 886 3853; x_wconf 84' lang='lat' dir='ltr'><strong>offerimus</strong></span> <span class='ocrx_word' id='word_1_277' title='bbox 931 3803 1380 3855; x_wconf 86' lang='lat' dir='ltr'><strong>centurionatum</strong></span> <span class='ocrx_word' id='word_1_278' title='bbox 1423 3800 1475 3853; x_wconf 90' lang='lat' dir='ltr'><strong>in</strong></span> <span class='ocrx_word' id='word_1_279' title='bbox 1501 3800 1697 3855; x_wconf 88' lang='lat' dir='ltr'><strong>militia</strong></span> 
     </span>
    </p>
   </div>
   <div class='ocr_carea' id='block_1_42' title="bbox 128 3889 1699 3967">
    <p class='ocr_par' dir='ltr' id='par_1_42' title="bbox 128 3889 1699 3967">
     <span class='ocr_line' id='line_1_42' title="bbox 128 3889 1699 3967; baseline 0.002 -25"><span class='ocrx_word' id='word_1_280' title='bbox 128 3901 353 3956; x_wconf 85' lang='lat' dir='ltr'><strong>nostra;</strong></span> <span class='ocrx_word' id='word_1_281' title='bbox 386 3889 609 3956; x_wconf 89' lang='lat' dir='ltr'><strong>deinde,</strong></span> <span class='ocrx_word' id='word_1_282' title='bbox 636 3899 800 3958; x_wconf 90' lang='lat' dir='ltr'><strong>prout</strong></span> <span class='ocrx_word' id='word_1_283' title='bbox 829 3890 883 3944; x_wconf 90' lang='lat' dir='ltr'><strong>in</strong></span> <span class='ocrx_word' id='word_1_284' title='bbox 911 3892 1110 3946; x_wconf 81' lang='lat' dir='ltr'><strong>virtute</strong></span> <span class='ocrx_word' id='word_1_285' title='bbox 1143 3890 1322 3961; x_wconf 87' lang='lat' dir='ltr'><strong>ipsnnt</strong></span> <span class='ocrx_word' id='word_1_286' title='bbox 1351 3889 1532 3967; x_wconf 81' lang='lat' dir='ltr'><strong>valere</strong></span> <span class='ocrx_word' id='word_1_287' title='bbox 1568 3906 1699 3945; x_wconf 89' lang='lat' dir='ltr'><strong>eon-</strong></span> 
     </span>
    </p>
   </div>
   <div class='ocr_carea' id='block_1_43' title="bbox 127 3981 1697 4054">
    <p class='ocr_par' dir='ltr' id='par_1_43' title="bbox 127 3981 1697 4054">
     <span class='ocr_line' id='line_1_43' title="bbox 127 3981 1697 4054; baseline 0.003 -20"><span class='ocrx_word' id='word_1_288' title='bbox 127 3982 481 4047; x_wconf 72' lang='lat' dir='ltr'><strong>spexerimus</strong></span> <span class='ocrx_word' id='word_1_289' title='bbox 504 4023 519 4046; x_wconf 90' lang='lat'><strong>,</strong></span> <span class='ocrx_word' id='word_1_290' title='bbox 556 3982 623 4036; x_wconf 90' lang='lat' dir='ltr'><strong>ad</strong></span> <span class='ocrx_word' id='word_1_291' title='bbox 662 3984 866 4054; x_wconf 65' lang='lat' dir='ltr'><strong>majora</strong></span> <span class='ocrx_word' id='word_1_292' title='bbox 897 3983 1286 4052; x_wconf 84' lang='lat' dir='ltr'><strong>provehemus.</strong></span> <span class='ocrx_word' id='word_1_293' title='bbox 1314 3981 1472 4048; x_wconf 85' lang='lat' dir='ltr'><strong>Quod</strong></span> <span class='ocrx_word' id='word_1_294' title='bbox 1505 3984 1551 4037; x_wconf 89' lang='lat' dir='ltr'><strong>si</strong></span> <span class='ocrx_word' id='word_1_295' title='bbox 1595 3983 1697 4039; x_wconf 84' lang='lat' dir='ltr'><strong>be-</strong></span> 
     </span>
    </p>
   </div>
   <div class='ocr_carea' id='block_1_44' title="bbox 127 4074 1697 4146">
    <p class='ocr_par' dir='ltr' id='par_1_44' title="bbox 127 4074 1697 4146">
     <span class='ocr_line' id='line_1_44' title="bbox 127 4074 1697 4146; baseline 0.003 -21"><span class='ocrx_word' id='word_1_296' title='bbox 127 4074 346 4128; x_wconf 82' lang='lat' dir='ltr'><strong>neficiis</strong></span> <span class='ocrx_word' id='word_1_297' title='bbox 393 4091 501 4129; x_wconf 87' lang='lat' dir='ltr'><strong>non</strong></span> <span class='ocrx_word' id='word_1_298' title='bbox 543 4076 1008 4140; x_wconf 76' lang='lat' dir='ltr'><strong>commovebitur,</strong></span> <span class='ocrx_word' id='word_1_299' title='bbox 1062 4075 1226 4130; x_wconf 87' lang='lat' dir='ltr'><strong>minis</strong></span> <span class='ocrx_word' id='word_1_300' title='bbox 1274 4085 1440 4146; x_wconf 88' lang='lat' dir='ltr'><strong>atque</strong></span> <span class='ocrx_word' id='word_1_301' title='bbox 1489 4086 1697 4130; x_wconf 84' lang='lat' dir='ltr'><strong>terrore</strong></span> 
     </span>
    </p>
   </div>
   <div class='ocr_carea' id='block_1_45' title="bbox 129 4165 1696 4238">
    <p class='ocr_par' dir='ltr' id='par_1_45' title="bbox 129 4165 1696 4238">
     <span class='ocr_line' id='line_1_45' title="bbox 129 4165 1696 4238; baseline 0.004 -22"><span class='ocrx_word' id='word_1_302' title='bbox 129 4165 312 4233; x_wconf 89' lang='lat' dir='ltr'><strong>ipsum</strong></span> <span class='ocrx_word' id='word_1_303' title='bbox 352 4167 678 4233; x_wconf 86' lang='lat' dir='ltr'><strong>concutias;</strong></span> <span class='ocrx_word' id='word_1_304' title='bbox 718 4176 775 4222; x_wconf 88' lang='lat' dir='ltr'><strong>et</strong></span> <span class='ocrx_word' id='word_1_305' title='bbox 820 4167 864 4221; x_wconf 92' lang='lat' dir='ltr'><strong>si</strong></span> <span class='ocrx_word' id='word_1_306' title='bbox 901 4175 1099 4221; x_wconf 86' lang='lat' dir='ltr'><strong>neutra</strong></span> <span class='ocrx_word' id='word_1_307' title='bbox 1138 4167 1345 4238; x_wconf 88' lang='lat' dir='ltr'><strong>poteris</strong></span> <span class='ocrx_word' id='word_1_308' title='bbox 1395 4168 1696 4237; x_wconf 70' lang='lat' dir='ltr'><strong>praevalere</strong></span> 
     </span>
    </p>
   </div>
   <div class='ocr_carea' id='block_1_46' title="bbox 129 4258 1695 4339">
    <p class='ocr_par' dir='ltr' id='par_1_46' title="bbox 129 4258 1695 4339">
     <span class='ocr_line' id='line_1_46' title="bbox 129 4258 1695 4339; baseline 0.003 -30"><span class='ocrx_word' id='word_1_309' title='bbox 129 4260 234 4323; x_wconf 87' lang='lat' dir='ltr'><strong>via,</strong></span> <span class='ocrx_word' id='word_1_310' title='bbox 270 4258 449 4326; x_wconf 89' lang='lat' dir='ltr'><strong>capite</strong></span> <span class='ocrx_word' id='word_1_311' title='bbox 475 4258 702 4339; x_wconf 78' lang='lat' dir='ltr'><strong>plectas.</strong></span> <span class='ocrx_word' id='word_1_312' title='bbox 729 4259 918 4313; x_wconf 88' lang='lat' dir='ltr'><strong>Altero</strong></span> <span class='ocrx_word' id='word_1_313' title='bbox 935 4258 1105 4329; x_wconf 78' lang='lat' dir='ltr'><strong>igitur</strong></span> <span class='ocrx_word' id='word_1_314' title='bbox 1126 4260 1237 4321; x_wconf 90' lang='lat' dir='ltr'><strong>die,</strong></span> <span class='ocrx_word' id='word_1_315' title='bbox 1260 4260 1529 4327; x_wconf 86' lang='lat' dir='ltr'><strong>producto</strong></span> <span class='ocrx_word' id='word_1_316' title='bbox 1555 4260 1695 4328; x_wconf 88' lang='lat' dir='ltr'><strong>ipso,</strong></span> 
     </span>
    </p>
   </div>
   <div class='ocr_carea' id='block_1_47' title="bbox 129 4348 1695 4421">
    <p class='ocr_par' dir='ltr' id='par_1_47' title="bbox 129 4348 1695 4421">
     <span class='ocr_line' id='line_1_47' title="bbox 129 4348 1695 4421; baseline 0.001 -20"><span class='ocrx_word' id='word_1_317' title='bbox 129 4349 369 4417; x_wconf 84' lang='lat' dir='ltr'><strong>primum</strong></span> <span class='ocrx_word' id='word_1_318' title='bbox 394 4348 538 4419; x_wconf 88' lang='lat' dir='ltr'><strong>regis</strong></span> <span class='ocrx_word' id='word_1_319' title='bbox 572 4349 1003 4419; x_wconf 78' lang='lat' dir='ltr'><strong>pollicitationes</strong></span> <span class='ocrx_word' id='word_1_320' title='bbox 1073 4360 1460 4421; x_wconf 81' lang='lat' dir='ltr'><strong>prOponuntur</strong></span> <span class='ocrx_word' id='word_1_321' title='bbox 1525 4350 1695 4404; x_wconf 83' lang='lat' dir='ltr'><strong>mira-</strong></span> 
     </span>
    </p>
   </div>
   <div class='ocr_carea' id='block_1_48' title="bbox 1779 512 3358 588">
    <p class='ocr_par' dir='ltr' id='par_1_48' title="bbox 1779 512 3358 588">
     <span class='ocr_line' id='line_1_48' title="bbox 1779 512 3358 588; baseline -0.004 -15"><span class='ocrx_word' id='word_1_322' title='bbox 1779 528 1835 573; x_wconf 91' lang='lat' dir='ltr'><strong>et</strong></span> <span class='ocrx_word' id='word_1_323' title='bbox 1865 520 1932 572; x_wconf 92' lang='lat' dir='ltr'><strong>ad</strong></span> <span class='ocrx_word' id='word_1_324' title='bbox 1972 520 2119 573; x_wconf 88' lang='lat' dir='ltr'><strong>illam</strong></span> <span class='ocrx_word' id='word_1_325' title='bbox 2154 520 2252 574; x_wconf 86' lang='lat' dir='ltr'><strong>tibi</strong></span> <span class='ocrx_word' id='word_1_326' title='bbox 2278 519 2421 574; x_wconf 79' lang='lat' dir='ltr'><strong>viam</strong></span> <span class='ocrx_word' id='word_1_327' title='bbox 2448 518 2668 588; x_wconf 87' lang='lat' dir='ltr'><strong>aperire</strong></span> <span class='ocrx_word' id='word_1_328' title='bbox 2693 518 2996 579; x_wconf 79' lang='lat' dir='ltr'><strong>studemus,</strong></span> <span class='ocrx_word' id='word_1_329' title='bbox 3022 523 3079 570; x_wconf 90' lang='lat' dir='ltr'><strong>et</strong></span> <span class='ocrx_word' id='word_1_330' title='bbox 3107 515 3249 569; x_wconf 87' lang='lat' dir='ltr'><strong>hanc</strong></span> <span class='ocrx_word' id='word_1_331' title='bbox 3269 512 3358 567; x_wconf 84' lang='lat' dir='ltr'><strong>in-</strong></span> 
     </span>
    </p>
   </div>
   <div class='ocr_carea' id='block_1_49' title="bbox 1780 595 3357 680">
    <p class='ocr_par' dir='ltr' id='par_1_49' title="bbox 1780 595 3357 680">
     <span class='ocr_line' id='line_1_49' title="bbox 1780 595 3357 680; baseline -0.003 -17"><span class='ocrx_word' id='word_1_332' title='bbox 1780 625 1950 680; x_wconf 84' lang='lat' dir='ltr'><strong>super</strong></span> <span class='ocrx_word' id='word_1_333' title='bbox 1980 611 2076 665; x_wconf 90' lang='lat' dir='ltr'><strong>tibi</strong></span> <span class='ocrx_word' id='word_1_334' title='bbox 2126 609 2344 665; x_wconf 86' lang='lat' dir='ltr'><strong>felicem</strong></span> <span class='ocrx_word' id='word_1_335' title='bbox 2394 609 2625 665; x_wconf 80' lang='lat' dir='ltr'><strong>reddere</strong></span> <span class='ocrx_word' id='word_1_336' title='bbox 2674 595 2971 664; x_wconf 53' lang='lat' dir='ltr'><strong>conamur:</strong></span> <span class='ocrx_word' id='word_1_337' title='bbox 3012 606 3129 662; x_wconf 82' lang='lat' dir='ltr'><strong>Non</strong></span> <span class='ocrx_word' id='word_1_338' title='bbox 3175 605 3357 661; x_wconf 71' lang='lat' dir='ltr'><strong>eohat-</strong></span> 
     </span>
    </p>
   </div>
   <div class='ocr_carea' id='block_1_50' title="bbox 1783 698 3353 771">
    <p class='ocr_par' dir='ltr' id='par_1_50' title="bbox 1783 698 3353 771">
     <span class='ocr_line' id='line_1_50' title="bbox 1783 698 3353 771; baseline -0.003 -17"><span class='ocrx_word' id='word_1_339' title='bbox 1783 712 1930 765; x_wconf 89' lang='lat' dir='ltr'><strong>rent,</strong></span> <span class='ocrx_word' id='word_1_340' title='bbox 1963 701 2166 771; x_wconf 84' lang='lat' dir='ltr'><strong>inquit,</strong></span> <span class='ocrx_word' id='word_1_341' title='bbox 2202 701 2413 756; x_wconf 87' lang='lat' dir='ltr'><strong>caduca</strong></span> <span class='ocrx_word' id='word_1_342' title='bbox 2441 700 2682 762; x_wconf 63' lang='lat' dir='ltr'><strong>aeternis,</strong></span> <span class='ocrx_word' id='word_1_343' title='bbox 2708 716 2820 754; x_wconf 88' lang='lat' dir='ltr'><strong>non</strong></span> <span class='ocrx_word' id='word_1_344' title='bbox 2856 698 3111 753; x_wconf 88' lang='lat' dir='ltr'><strong>felicibus</strong></span> <span class='ocrx_word' id='word_1_345' title='bbox 3132 698 3353 759; x_wconf 89' lang='lat' dir='ltr'><strong>misera,</strong></span> 
     </span>
    </p>
   </div>
   <div class='ocr_carea' id='block_1_51' title="bbox 1782 787 3356 863">
    <p class='ocr_par' dir='ltr' id='par_1_51' title="bbox 1782 787 3356 863">
     <span class='ocr_line' id='line_1_51' title="bbox 1782 787 3356 863; baseline -0.004 -15"><span class='ocrx_word' id='word_1_346' title='bbox 1782 809 1890 848; x_wconf 86' lang='lat' dir='ltr'><strong>non</strong></span> <span class='ocrx_word' id='word_1_347' title='bbox 1930 794 2156 862; x_wconf 88' lang='lat' dir='ltr'><strong>profana</strong></span> <span class='ocrx_word' id='word_1_348' title='bbox 2188 793 2387 849; x_wconf 84' lang='lat' dir='ltr'><strong>beatis.</strong></span> <span class='ocrx_word' id='word_1_349' title='bbox 2415 793 2523 849; x_wconf 88' lang='lat' dir='ltr'><strong>Sed</strong></span> <span class='ocrx_word' id='word_1_350' title='bbox 2555 792 2686 863; x_wconf 81' lang='lat' dir='ltr'><strong>quid</strong></span> <span class='ocrx_word' id='word_1_351' title='bbox 2710 806 2849 860; x_wconf 79' lang='lat' dir='ltr'><strong>Opus</strong></span> <span class='ocrx_word' id='word_1_352' title='bbox 2875 799 2962 846; x_wconf 87' lang='lat' dir='ltr'><strong>est</strong></span> <span class='ocrx_word' id='word_1_353' title='bbox 2987 788 3216 843; x_wconf 78' lang='lat' dir='ltr'><strong>verbis?</strong></span> <span class='ocrx_word' id='word_1_354' title='bbox 3245 787 3356 857; x_wconf 83' lang='lat' dir='ltr'><strong>Ego</strong></span> 
     </span>
    </p>
   </div>
   <div class='ocr_carea' id='block_1_52' title="bbox 1782 884 3355 955">
    <p class='ocr_par' dir='ltr' id='par_1_52' title="bbox 1782 884 3355 955">
     <span class='ocr_line' id='line_1_52' title="bbox 1782 884 3355 955; baseline -0.004 -17"><span class='ocrx_word' id='word_1_355' title='bbox 1782 884 2105 939; x_wconf 80' lang='lat' dir='ltr'><strong>felicitatem</strong></span> <span class='ocrx_word' id='word_1_356' title='bbox 2140 886 2304 955; x_wconf 89' lang='lat' dir='ltr'><strong>hujus</strong></span> <span class='ocrx_word' id='word_1_357' title='bbox 2339 885 2530 940; x_wconf 61' lang='lat' dir='ltr'><strong>seculi</strong></span> <span class='ocrx_word' id='word_1_358' title='bbox 2566 884 2723 939; x_wconf 90' lang='lat' dir='ltr'><strong>nihili</strong></span> <span class='ocrx_word' id='word_1_359' title='bbox 2753 884 2941 937; x_wconf 80' lang='lat' dir='ltr'><strong>facio:</strong></span> <span class='ocrx_word' id='word_1_360' title='bbox 2975 896 3078 951; x_wconf 88' lang='lat' dir='ltr'><strong>ego</strong></span> <span class='ocrx_word' id='word_1_361' title='bbox 3105 895 3355 941; x_wconf 89' lang='lat' dir='ltr'><strong>crucem,</strong></span> 
     </span>
    </p>
   </div>
   <div class='ocr_carea' id='block_1_53' title="bbox 1782 976 3355 1047">
    <p class='ocr_par' dir='ltr' id='par_1_53' title="bbox 1782 976 3355 1047">
     <span class='ocr_line' id='line_1_53' title="bbox 1782 976 3355 1047; baseline 0.001 -15"><span class='ocrx_word' id='word_1_362' title='bbox 1782 979 2117 1047; x_wconf 80' lang='lat' dir='ltr'><strong>passionem,</strong></span> <span class='ocrx_word' id='word_1_363' title='bbox 2167 980 2618 1047; x_wconf 88' lang='lat' dir='ltr'><strong>sepulturamque</strong></span> <span class='ocrx_word' id='word_1_364' title='bbox 2657 976 2863 1033; x_wconf 82' lang='lat' dir='ltr'><strong>Christi</strong></span> <span class='ocrx_word' id='word_1_365' title='bbox 2912 976 3019 1031; x_wconf 85' lang='lat' dir='ltr'><strong>mei</strong></span> <span class='ocrx_word' id='word_1_366' title='bbox 3052 988 3355 1041; x_wconf 62' lang='lat' dir='ltr'><strong>nunquam,</strong></span> 
     </span>
    </p>
   </div>
   <div class='ocr_carea' id='block_1_54' title="bbox 1783 1061 3359 1139">
    <p class='ocr_par' dir='ltr' id='par_1_54' title="bbox 1783 1061 3359 1139">
     <span class='ocr_line' id='line_1_54' title="bbox 1783 1061 3359 1139; baseline -0.006 -17"><span class='ocrx_word' id='word_1_367' title='bbox 1783 1069 1991 1122; x_wconf 78' lang='lat' dir='ltr'><strong>auxilio</strong></span> <span class='ocrx_word' id='word_1_368' title='bbox 2022 1066 2381 1124; x_wconf 40' lang='lat' dir='ltr'><strong>illius‘lretus</strong></span> <span class='ocrx_word' id='word_1_369' title='bbox 2403 1110 2417 1131; x_wconf 88' lang='lat'><strong>,</strong></span> <span class='ocrx_word' id='word_1_370' title='bbox 2449 1067 2681 1139; x_wconf 86' lang='lat' dir='ltr'><strong>negabo.</strong></span> <span class='ocrx_word' id='word_1_371' title='bbox 2714 1066 2953 1121; x_wconf 88' lang='lat' dir='ltr'><strong>Statuite</strong></span> <span class='ocrx_word' id='word_1_372' title='bbox 2983 1066 3037 1118; x_wconf 87' lang='lat' dir='ltr'><strong>in</strong></span> <span class='ocrx_word' id='word_1_373' title='bbox 3083 1078 3168 1117; x_wconf 88' lang='lat' dir='ltr'><strong>me</strong></span> <span class='ocrx_word' id='word_1_374' title='bbox 3197 1061 3359 1132; x_wconf 85' lang='lat' dir='ltr'><strong>quid-</strong></span> 
     </span>
    </p>
   </div>
   <div class='ocr_carea' id='block_1_55' title="bbox 1782 1153 3439 1230">
    <p class='ocr_par' dir='ltr' id='par_1_55' title="bbox 1782 1153 3439 1230">
     <span class='ocr_line' id='line_1_55' title="bbox 1782 1153 3439 1230; baseline -0.007 -15"><span class='ocrx_word' id='word_1_375' title='bbox 1782 1160 1915 1229; x_wconf 86' lang='lat' dir='ltr'><strong>quid</strong></span> <span class='ocrx_word' id='word_1_376' title='bbox 1946 1161 2289 1226; x_wconf 85' lang='lat' dir='ltr'><strong>malueritis;</strong></span> <span class='ocrx_word' id='word_1_377' title='bbox 2325 1175 2496 1215; x_wconf 88' lang='lat' dir='ltr'><strong>unum</strong></span> <span class='ocrx_word' id='word_1_378' title='bbox 2527 1173 2680 1230; x_wconf 80' lang='lat' dir='ltr'><strong>rogo,</strong></span> <span class='ocrx_word' id='word_1_379' title='bbox 2706 1173 2778 1214; x_wconf 87' lang='lat' dir='ltr'><strong>ne</strong></span> <span class='ocrx_word' id='word_1_380' title='bbox 2808 1173 2895 1214; x_wconf 89' lang='lat' dir='ltr'><strong>me</strong></span> <span class='ocrx_word' id='word_1_381' title='bbox 2915 1156 3105 1212; x_wconf 78' lang='lat' dir='ltr'><strong>verbis</strong></span> <span class='ocrx_word' id='word_1_382' title='bbox 3124 1153 3359 1223; x_wconf 87' lang='lat' dir='ltr'><strong>amplius</strong></span> <span class='ocrx_word' id='word_1_383' title='bbox 3431 1208 3439 1224; x_wconf 59' lang='grc' dir='ltr'><strong> </strong></span> 
     </span>
    </p>
   </div>
   <div class='ocr_carea' id='block_1_56' title="bbox 1784 1252 2995 1308">
    <p class='ocr_par' dir='ltr' id='par_1_56' title="bbox 1784 1252 2995 1308">
     <span class='ocr_line' id='line_1_56' title="bbox 1784 1252 2995 1308; baseline -0.006 -2"><span class='ocrx_word' id='word_1_384' title='bbox 1784 1252 2031 1308; x_wconf 87' lang='lat' dir='ltr'><strong>tentetis.</strong></span> <span class='ocrx_word' id='word_1_385' title='bbox 2992 1296 2995 1299; x_wconf 89' lang='lat'><strong>.</strong></span> 
     </span>
    </p>
   </div>
   <div class='ocr_carea' id='block_1_57' title="bbox 1856 1335 3359 1414">
    <p class='ocr_par' dir='ltr' id='par_1_57' title="bbox 1856 1335 3359 1414">
     <span class='ocr_line' id='line_1_57' title="bbox 1856 1335 3359 1414; baseline -0.006 -16"><span class='ocrx_word' id='word_1_386' title='bbox 1856 1344 1946 1400; x_wconf 71' lang='lat' dir='ltr'><strong>Vl.</strong></span> <span class='ocrx_word' id='word_1_387' title='bbox 1990 1343 2089 1399; x_wconf 82' lang='lat' dir='ltr'><strong>His</strong></span> <span class='ocrx_word' id='word_1_388' title='bbox 2115 1343 2302 1407; x_wconf 84' lang='lat' dir='ltr'><strong>dictis,</strong></span> <span class='ocrx_word' id='word_1_389' title='bbox 2337 1344 2623 1414; x_wconf 88' lang='lat' dir='ltr'><strong>conjectus</strong></span> <span class='ocrx_word' id='word_1_390' title='bbox 2651 1340 2798 1396; x_wconf 90' lang='lat' dir='ltr'><strong>illico</strong></span> <span class='ocrx_word' id='word_1_391' title='bbox 2822 1339 2875 1394; x_wconf 91' lang='lat' dir='ltr'><strong>in</strong></span> <span class='ocrx_word' id='word_1_392' title='bbox 2905 1352 3208 1401; x_wconf 84' lang='lat' dir='ltr'><strong>carcerem,</strong></span> <span class='ocrx_word' id='word_1_393' title='bbox 3239 1335 3359 1389; x_wconf 88' lang='lat' dir='ltr'><strong>vin-</strong></span> 
     </span>
    </p>
   </div>
   <div class='ocr_carea' id='block_1_58' title="bbox 1787 1428 3435 1505">
    <p class='ocr_par' dir='ltr' id='par_1_58' title="bbox 1787 1428 3435 1505">
     <span class='ocr_line' id='line_1_58' title="bbox 1787 1428 3435 1505; baseline -0.004 -18"><span class='ocrx_word' id='word_1_394' title='bbox 1787 1435 1929 1490; x_wconf 80' lang='lat' dir='ltr'><strong>culis</strong></span> <span class='ocrx_word' id='word_1_395' title='bbox 1959 1444 2263 1500; x_wconf 89' lang='lat' dir='ltr'><strong>catenatus,</strong></span> <span class='ocrx_word' id='word_1_396' title='bbox 2296 1435 2533 1505; x_wconf 87' lang='lat' dir='ltr'><strong>pedibus</strong></span> <span class='ocrx_word' id='word_1_397' title='bbox 2568 1442 2732 1504; x_wconf 90' lang='lat' dir='ltr'><strong>atque</strong></span> <span class='ocrx_word' id='word_1_398' title='bbox 2777 1430 3035 1485; x_wconf 87' lang='lat' dir='ltr'><strong>manibus</strong></span> <span class='ocrx_word' id='word_1_399' title='bbox 3081 1428 3356 1498; x_wconf 85' lang='lat' dir='ltr'><strong>alligatus,</strong></span> <span class='ocrx_word' id='word_1_400' title='bbox 3428 1484 3435 1495; x_wconf 35' lang='grc' dir='ltr'><strong>ί</strong></span> 
     </span>
    </p>
   </div>
   <div class='ocr_carea' id='block_1_59' title="bbox 1785 1512 3508 1598">
    <p class='ocr_par' dir='ltr' id='par_1_59' title="bbox 1785 1512 3508 1598">
     <span class='ocr_line' id='line_1_59' title="bbox 1785 1512 3508 1598; baseline -0.006 -16"><span class='ocrx_word' id='word_1_401' title='bbox 1785 1528 1851 1582; x_wconf 89' lang='lat' dir='ltr'><strong>ad</strong></span> <span class='ocrx_word' id='word_1_402' title='bbox 1890 1528 2178 1583; x_wconf 89' lang='lat' dir='ltr'><strong>meridiem</strong></span> <span class='ocrx_word' id='word_1_403' title='bbox 2209 1527 2497 1598; x_wconf 87' lang='lat' dir='ltr'><strong>sequentis</strong></span> <span class='ocrx_word' id='word_1_404' title='bbox 2527 1526 2636 1581; x_wconf 90' lang='lat' dir='ltr'><strong>diei</strong></span> <span class='ocrx_word' id='word_1_405' title='bbox 2662 1567 2679 1592; x_wconf 91' lang='lat'><strong>,</strong></span> <span class='ocrx_word' id='word_1_406' title='bbox 2727 1529 2822 1596; x_wconf 82' lang='lat' dir='ltr'><strong>qui</strong></span> <span class='ocrx_word' id='word_1_407' title='bbox 2856 1523 2959 1578; x_wconf 90' lang='lat' dir='ltr'><strong>fuit</strong></span> <span class='ocrx_word' id='word_1_408' title='bbox 2995 1522 3067 1576; x_wconf 74' lang='lat'><strong>20</strong></span> <span class='ocrx_word' id='word_1_409' title='bbox 3099 1520 3245 1583; x_wconf 73' lang='lat' dir='ltr'><strong>Maii,</strong></span> <span class='ocrx_word' id='word_1_410' title='bbox 3275 1520 3358 1590; x_wconf 85' lang='lat' dir='ltr'><strong>ja-</strong></span> <span class='ocrx_word' id='word_1_411' title='bbox 3421 1571 3431 1598; x_wconf 44' lang='grc' dir='ltr'><strong>ε</strong></span> <span class='ocrx_word' id='word_1_412' title='bbox 3502 1512 3508 1523; x_wconf 82' lang='grc'><em>’</em></span> 
     </span>
    </p>
   </div>
   <div class='ocr_carea' id='block_1_60' title="bbox 1786 1611 3363 1685">
    <p class='ocr_par' dir='ltr' id='par_1_60' title="bbox 1786 1611 3363 1685">
     <span class='ocr_line' id='line_1_60' title="bbox 1786 1611 3363 1685; baseline -0.007 -13"><span class='ocrx_word' id='word_1_413' title='bbox 1786 1618 1922 1672; x_wconf 87' lang='lat' dir='ltr'><strong>cuit.</strong></span> <span class='ocrx_word' id='word_1_414' title='bbox 1953 1618 2085 1673; x_wconf 87' lang='lat' dir='ltr'><strong>Post</strong></span> <span class='ocrx_word' id='word_1_415' title='bbox 2113 1617 2406 1672; x_wconf 89' lang='lat' dir='ltr'><strong>meridiem</strong></span> <span class='ocrx_word' id='word_1_416' title='bbox 2439 1616 2625 1673; x_wconf 81' lang='lat' dir='ltr'><strong>statim</strong></span> <span class='ocrx_word' id='word_1_417' title='bbox 2659 1614 3038 1685; x_wconf 79' lang='lat' dir='ltr'><strong>protrahitur,</strong></span> <span class='ocrx_word' id='word_1_418' title='bbox 3070 1622 3127 1667; x_wconf 91' lang='lat' dir='ltr'><strong>et</strong></span> <span class='ocrx_word' id='word_1_419' title='bbox 3153 1611 3207 1664; x_wconf 85' lang='lat' dir='ltr'><strong>in</strong></span> <span class='ocrx_word' id='word_1_420' title='bbox 3237 1624 3363 1679; x_wconf 88' lang='lat' dir='ltr'><strong>par-</strong></span> 
     </span>
    </p>
   </div>
   <div class='ocr_carea' id='block_1_61' title="bbox 1787 1700 3364 1778">
    <p class='ocr_par' dir='ltr' id='par_1_61' title="bbox 1787 1700 3364 1778">
     <span class='ocr_line' id='line_1_61' title="bbox 1787 1700 3364 1778; baseline -0.006 -17"><span class='ocrx_word' id='word_1_421' title='bbox 1787 1720 1898 1762; x_wconf 89' lang='lat' dir='ltr'><strong>tem</strong></span> <span class='ocrx_word' id='word_1_422' title='bbox 1931 1708 2090 1763; x_wconf 81' lang='lat' dir='ltr'><strong>urbis</strong></span> <span class='ocrx_word' id='word_1_423' title='bbox 2139 1722 2263 1778; x_wconf 69' lang='lat' dir='ltr'><strong>quae</strong></span> <span class='ocrx_word' id='word_1_424' title='bbox 2293 1708 2570 1762; x_wconf 89' lang='lat' dir='ltr'><strong>orientem</strong></span> <span class='ocrx_word' id='word_1_425' title='bbox 2601 1714 2835 1776; x_wconf 87' lang='lat' dir='ltr'><strong>spectat,</strong></span> <span class='ocrx_word' id='word_1_426' title='bbox 2861 1718 3236 1775; x_wconf 49' lang='lat' dir='ltr'><strong>prope&#39;mare,</strong></span> <span class='ocrx_word' id='word_1_427' title='bbox 3259 1700 3364 1755; x_wconf 90' lang='lat' dir='ltr'><strong>dn-</strong></span> 
     </span>
    </p>
   </div>
   <div class='ocr_carea' id='block_1_62' title="bbox 1787 1794 3363 1867">
    <p class='ocr_par' dir='ltr' id='par_1_62' title="bbox 1787 1794 3363 1867">
     <span class='ocr_line' id='line_1_62' title="bbox 1787 1794 3363 1867; baseline -0.004 -15"><span class='ocrx_word' id='word_1_428' title='bbox 1787 1800 1957 1864; x_wconf 90' lang='lat' dir='ltr'><strong>citur,</strong></span> <span class='ocrx_word' id='word_1_429' title='bbox 1982 1798 2075 1853; x_wconf 90' lang='lat' dir='ltr'><strong>ubi</strong></span> <span class='ocrx_word' id='word_1_430' title='bbox 2107 1799 2174 1852; x_wconf 87' lang='lat' dir='ltr'><strong>ad</strong></span> <span class='ocrx_word' id='word_1_431' title='bbox 2209 1799 2393 1867; x_wconf 89' lang='lat' dir='ltr'><strong>palum</strong></span> <span class='ocrx_word' id='word_1_432' title='bbox 2426 1798 2611 1852; x_wconf 89' lang='lat' dir='ltr'><strong>nudus</strong></span> <span class='ocrx_word' id='word_1_433' title='bbox 2639 1796 2922 1865; x_wconf 86' lang='lat' dir='ltr'><strong>alligatus,</strong></span> <span class='ocrx_word' id='word_1_434' title='bbox 2949 1794 3178 1857; x_wconf 66' lang='lat' dir='ltr'><strong>ﬂagellis</strong></span> <span class='ocrx_word' id='word_1_435' title='bbox 3199 1801 3363 1860; x_wconf 86' lang='lat' dir='ltr'><strong>atque</strong></span> 
     </span>
    </p>
   </div>
   <div class='ocr_carea' id='block_1_63' title="bbox 1787 1884 3369 1958">
    <p class='ocr_par' dir='ltr' id='par_1_63' title="bbox 1787 1884 3369 1958">
     <span class='ocr_line' id='line_1_63' title="bbox 1787 1884 3369 1958; baseline -0.006 -14"><span class='ocrx_word' id='word_1_436' title='bbox 1787 1889 1926 1945; x_wconf 90' lang='lat' dir='ltr'><strong>loris</strong></span> <span class='ocrx_word' id='word_1_437' title='bbox 1977 1890 2249 1955; x_wconf 63' lang='lat' dir='ltr'><strong>creditur,</strong></span> <span class='ocrx_word' id='word_1_438' title='bbox 2306 1888 2491 1944; x_wconf 87' lang='lat' dir='ltr'><strong>acrius</strong></span> <span class='ocrx_word' id='word_1_439' title='bbox 2549 1903 2713 1958; x_wconf 91' lang='lat' dir='ltr'><strong>quam</strong></span> <span class='ocrx_word' id='word_1_440' title='bbox 2770 1886 2883 1941; x_wconf 91' lang='lat' dir='ltr'><strong>dici</strong></span> <span class='ocrx_word' id='word_1_441' title='bbox 2935 1884 3110 1955; x_wconf 89' lang='lat' dir='ltr'><strong>possit</strong></span> <span class='ocrx_word' id='word_1_442' title='bbox 3152 1900 3166 1937; x_wconf 91' lang='lat'><strong>:</strong></span> <span class='ocrx_word' id='word_1_443' title='bbox 3215 1884 3369 1950; x_wconf 87' lang='lat' dir='ltr'><strong>prin-</strong></span> 
     </span>
    </p>
   </div>
   <div class='ocr_carea' id='block_1_64' title="bbox 1788 1972 3367 2050">
    <p class='ocr_par' dir='ltr' id='par_1_64' title="bbox 1788 1972 3367 2050">
     <span class='ocr_line' id='line_1_64' title="bbox 1788 1972 3367 2050; baseline -0.003 -18"><span class='ocrx_word' id='word_1_444' title='bbox 1788 1978 1935 2047; x_wconf 92' lang='lat' dir='ltr'><strong>cipio</strong></span> <span class='ocrx_word' id='word_1_445' title='bbox 1981 1978 2317 2050; x_wconf 87' lang='lat' dir='ltr'><strong>ﬂagellorum</strong></span> <span class='ocrx_word' id='word_1_446' title='bbox 2347 1986 2404 2032; x_wconf 92' lang='lat' dir='ltr'><strong>et</strong></span> <span class='ocrx_word' id='word_1_447' title='bbox 2433 1978 2729 2033; x_wconf 90' lang='lat' dir='ltr'><strong>verberum</strong></span> <span class='ocrx_word' id='word_1_448' title='bbox 2776 1976 3176 2031; x_wconf 83' lang='lat' dir='ltr'><strong>contremuisse</strong></span> <span class='ocrx_word' id='word_1_449' title='bbox 3226 1972 3367 2027; x_wconf 78' lang='lat' dir='ltr'><strong>dici-</strong></span> 
     </span>
    </p>
   </div>
   <div class='ocr_carea' id='block_1_65' title="bbox 1789 2063 3371 2141">
    <p class='ocr_par' dir='ltr' id='par_1_65' title="bbox 1789 2063 3371 2141">
     <span class='ocr_line' id='line_1_65' title="bbox 1789 2063 3371 2141; baseline -0.004 -16"><span class='ocrx_word' id='word_1_450' title='bbox 1789 2080 1901 2134; x_wconf 91' lang='lat' dir='ltr'><strong>tur,</strong></span> <span class='ocrx_word' id='word_1_451' title='bbox 1934 2081 1992 2126; x_wconf 91' lang='lat' dir='ltr'><strong>et</strong></span> <span class='ocrx_word' id='word_1_452' title='bbox 2020 2072 2276 2127; x_wconf 85' lang='lat' dir='ltr'><strong>manibus</strong></span> <span class='ocrx_word' id='word_1_453' title='bbox 2307 2071 2375 2125; x_wconf 90' lang='lat' dir='ltr'><strong>ad</strong></span> <span class='ocrx_word' id='word_1_454' title='bbox 2418 2081 2612 2141; x_wconf 89' lang='lat' dir='ltr'><strong>pectus</strong></span> <span class='ocrx_word' id='word_1_455' title='bbox 2641 2069 2963 2131; x_wconf 82' lang='lat' dir='ltr'><strong>contractis,</strong></span> <span class='ocrx_word' id='word_1_456' title='bbox 2999 2082 3064 2122; x_wconf 92' lang='lat' dir='ltr'><strong>ac</strong></span> <span class='ocrx_word' id='word_1_457' title='bbox 3091 2064 3280 2135; x_wconf 85' lang='lat' dir='ltr'><strong>digitis</strong></span> <span class='ocrx_word' id='word_1_458' title='bbox 3308 2063 3371 2118; x_wconf 87' lang='lat' dir='ltr'><strong>in</strong></span> 
     </span>
    </p>
   </div>
   <div class='ocr_carea' id='block_1_66' title="bbox 1790 2157 3371 2233">
    <p class='ocr_par' dir='ltr' id='par_1_66' title="bbox 1790 2157 3371 2233">
     <span class='ocr_line' id='line_1_66' title="bbox 1790 2157 3371 2233; baseline -0.004 -16"><span class='ocrx_word' id='word_1_459' title='bbox 1790 2177 2038 2232; x_wconf 84' lang='lat' dir='ltr'><strong>pugnum</strong></span> <span class='ocrx_word' id='word_1_460' title='bbox 2065 2163 2420 2231; x_wconf 89' lang='lat' dir='ltr'><strong>compressis,</strong></span> <span class='ocrx_word' id='word_1_461' title='bbox 2449 2178 2645 2233; x_wconf 79' lang='lat' dir='ltr'><strong>magna</strong></span> <span class='ocrx_word' id='word_1_462' title='bbox 2670 2161 3008 2217; x_wconf 77' lang='lat' dir='ltr'><strong>exclamasse</strong></span> <span class='ocrx_word' id='word_1_463' title='bbox 3035 2173 3170 2214; x_wconf 86' lang='lat' dir='ltr'><strong>voce</strong></span> <span class='ocrx_word' id='word_1_464' title='bbox 3202 2176 3216 2212; x_wconf 91' lang='lat'><strong>:</strong></span> <span class='ocrx_word' id='word_1_465' title='bbox 3244 2157 3371 2211; x_wconf 80' lang='lat' dir='ltr'><strong>Vir-</strong></span> 
     </span>
    </p>
   </div>
   <div class='ocr_carea' id='block_1_67' title="bbox 1791 2248 3367 2323">
    <p class='ocr_par' dir='ltr' id='par_1_67' title="bbox 1791 2248 3367 2323">
     <span class='ocr_line' id='line_1_67' title="bbox 1791 2248 3367 2323; baseline -0.003 -17"><span class='ocrx_word' id='word_1_466' title='bbox 1791 2268 1858 2322; x_wconf 84' lang='lat' dir='ltr'><strong>go</strong></span> <span class='ocrx_word' id='word_1_467' title='bbox 1888 2252 2080 2317; x_wconf 74' lang='lat' dir='ltr'><strong>Maria,</strong></span> <span class='ocrx_word' id='word_1_468' title='bbox 2110 2253 2306 2323; x_wconf 87' lang='lat' dir='ltr'><strong>adjuva</strong></span> <span class='ocrx_word' id='word_1_469' title='bbox 2345 2270 2452 2307; x_wconf 90' lang='lat' dir='ltr'><strong>me.</strong></span> <span class='ocrx_word' id='word_1_470' title='bbox 2489 2253 2623 2308; x_wconf 83' lang='lat' dir='ltr'><strong>Inde</strong></span> <span class='ocrx_word' id='word_1_471' title='bbox 2657 2253 2893 2322; x_wconf 82' lang='lat' dir='ltr'><strong>pedibus</strong></span> <span class='ocrx_word' id='word_1_472' title='bbox 2931 2252 3106 2305; x_wconf 90' lang='lat' dir='ltr'><strong>altero</strong></span> <span class='ocrx_word' id='word_1_473' title='bbox 3134 2251 3200 2302; x_wconf 89' lang='lat' dir='ltr'><strong>ad</strong></span> <span class='ocrx_word' id='word_1_474' title='bbox 3230 2248 3367 2302; x_wconf 82' lang='lat' dir='ltr'><strong>alte-</strong></span> 
     </span>
    </p>
   </div>
   <div class='ocr_carea' id='block_1_68' title="bbox 1796 2337 3371 2409">
    <p class='ocr_par' dir='ltr' id='par_1_68' title="bbox 1796 2337 3371 2409">
     <span class='ocr_line' id='line_1_68' title="bbox 1796 2337 3371 2409; baseline -0.004 -10"><span class='ocrx_word' id='word_1_475' title='bbox 1796 2361 1915 2399; x_wconf 88' lang='lat' dir='ltr'><strong>rum</strong></span> <span class='ocrx_word' id='word_1_476' title='bbox 1949 2345 2239 2409; x_wconf 87' lang='lat' dir='ltr'><strong>adductis,</strong></span> <span class='ocrx_word' id='word_1_477' title='bbox 2289 2344 2444 2399; x_wconf 76' lang='lat' dir='ltr'><strong>Stetit</strong></span> <span class='ocrx_word' id='word_1_478' title='bbox 2495 2351 2680 2397; x_wconf 91' lang='lat' dir='ltr'><strong>rectus</strong></span> <span class='ocrx_word' id='word_1_479' title='bbox 2726 2343 2781 2396; x_wconf 92' lang='lat' dir='ltr'><strong>in</strong></span> <span class='ocrx_word' id='word_1_480' title='bbox 2832 2342 3041 2396; x_wconf 90' lang='lat' dir='ltr'><strong>eisdem</strong></span> <span class='ocrx_word' id='word_1_481' title='bbox 3101 2337 3371 2408; x_wconf 73' lang='lat' dir='ltr'><strong>vestigiis,</strong></span> 
     </span>
    </p>
   </div>
   <div class='ocr_carea' id='block_1_69' title="bbox 1796 2427 3367 2501">
    <p class='ocr_par' dir='ltr' id='par_1_69' title="bbox 1796 2427 3367 2501">
     <span class='ocr_line' id='line_1_69' title="bbox 1796 2427 3367 2501; baseline -0.005 -12"><span class='ocrx_word' id='word_1_482' title='bbox 1796 2433 2049 2489; x_wconf 88' lang='lat' dir='ltr'><strong>mirabile</strong></span> <span class='ocrx_word' id='word_1_483' title='bbox 2082 2433 2229 2487; x_wconf 85' lang='lat' dir='ltr'><strong>dictu</strong></span> <span class='ocrx_word' id='word_1_484' title='bbox 2263 2470 2280 2495; x_wconf 92' lang='lat'><strong>,</strong></span> <span class='ocrx_word' id='word_1_485' title='bbox 2330 2447 2505 2501; x_wconf 85' lang='lat' dir='ltr'><strong>usque</strong></span> <span class='ocrx_word' id='word_1_486' title='bbox 2547 2430 2615 2485; x_wconf 88' lang='lat' dir='ltr'><strong>ad</strong></span> <span class='ocrx_word' id='word_1_487' title='bbox 2660 2430 2793 2486; x_wconf 79' lang='lat' dir='ltr'><strong>solis</strong></span> <span class='ocrx_word' id='word_1_488' title='bbox 2830 2443 3110 2485; x_wconf 85' lang='lat' dir='ltr'><strong>occasum.</strong></span> <span class='ocrx_word' id='word_1_489' title='bbox 3152 2427 3367 2481; x_wconf 83' lang='lat' dir='ltr'><strong>Interea</strong></span> 
     </span>
    </p>
   </div>
   <div class='ocr_carea' id='block_1_70' title="bbox 1795 2517 3368 2583">
    <p class='ocr_par' dir='ltr' id='par_1_70' title="bbox 1795 2517 3368 2583">
     <span class='ocr_line' id='line_1_70' title="bbox 1795 2517 3368 2583; baseline -0.006 -4"><span class='ocrx_word' id='word_1_490' title='bbox 1795 2524 1926 2579; x_wconf 91' lang='lat' dir='ltr'><strong>dum</strong></span> <span class='ocrx_word' id='word_1_491' title='bbox 1966 2525 2125 2580; x_wconf 89' lang='lat' dir='ltr'><strong>miles</strong></span> <span class='ocrx_word' id='word_1_492' title='bbox 2157 2524 2362 2579; x_wconf 89' lang='lat' dir='ltr'><strong>Christi</strong></span> <span class='ocrx_word' id='word_1_493' title='bbox 2397 2524 2483 2578; x_wconf 81' lang='lat' dir='ltr'><strong>his</strong></span> <span class='ocrx_word' id='word_1_494' title='bbox 2520 2520 2863 2576; x_wconf 82' lang='lat' dir='ltr'><strong>cruciatibus</strong></span> <span class='ocrx_word' id='word_1_495' title='bbox 2889 2528 3202 2583; x_wconf 77' lang='lat' dir='ltr'><strong>exercetur,</strong></span> <span class='ocrx_word' id='word_1_496' title='bbox 3232 2517 3368 2571; x_wconf 69' lang='lat' dir='ltr'><strong>&#39;l’rao</strong></span> 
     </span>
    </p>
   </div>
   <div class='ocr_carea' id='block_1_71' title="bbox 1797 2612 3371 2685">
    <p class='ocr_par' dir='ltr' id='par_1_71' title="bbox 1797 2612 3371 2685">
     <span class='ocr_line' id='line_1_71' title="bbox 1797 2612 3371 2685; baseline -0.004 -15"><span class='ocrx_word' id='word_1_497' title='bbox 1797 2616 2092 2685; x_wconf 80' lang='lat' dir='ltr'><strong>pezuntius</strong></span> <span class='ocrx_word' id='word_1_498' title='bbox 2118 2617 2229 2675; x_wconf 88' lang='lat' dir='ltr'><strong>ille.</strong></span> <span class='ocrx_word' id='word_1_499' title='bbox 2266 2618 2336 2670; x_wconf 89' lang='lat' dir='ltr'><strong>de</strong></span> <span class='ocrx_word' id='word_1_500' title='bbox 2367 2631 2477 2684; x_wconf 91' lang='lat' dir='ltr'><strong>quo</strong></span> <span class='ocrx_word' id='word_1_501' title='bbox 2508 2628 2674 2683; x_wconf 85' lang='lat' dir='ltr'><strong>supra</strong></span> <span class='ocrx_word' id='word_1_502' title='bbox 2708 2613 2891 2676; x_wconf 88' lang='lat' dir='ltr'><strong>retuli,</strong></span> <span class='ocrx_word' id='word_1_503' title='bbox 2925 2629 2956 2668; x_wconf 92' lang='lat' dir='ltr'><strong>e</strong></span> <span class='ocrx_word' id='word_1_504' title='bbox 2983 2612 3224 2666; x_wconf 87' lang='lat' dir='ltr'><strong>fenestra</strong></span> <span class='ocrx_word' id='word_1_505' title='bbox 3254 2621 3371 2664; x_wconf 59' lang='lat' dir='ltr'><strong>tur-</strong></span> 
     </span>
    </p>
   </div>
   <div class='ocr_carea' id='block_1_72' title="bbox 1797 2701 3366 2777">
    <p class='ocr_par' dir='ltr' id='par_1_72' title="bbox 1797 2701 3366 2777">
     <span class='ocr_line' id='line_1_72' title="bbox 1797 2701 3366 2777; baseline -0.004 -16"><span class='ocrx_word' id='word_1_506' title='bbox 1797 2710 1876 2763; x_wconf 89' lang='lat' dir='ltr'><strong>ris</strong></span> <span class='ocrx_word' id='word_1_507' title='bbox 1899 2746 1916 2773; x_wconf 92' lang='lat'><strong>,</strong></span> <span class='ocrx_word' id='word_1_508' title='bbox 1954 2708 2009 2762; x_wconf 91' lang='lat' dir='ltr'><strong>in</strong></span> <span class='ocrx_word' id='word_1_509' title='bbox 2054 2723 2161 2777; x_wconf 91' lang='lat' dir='ltr'><strong>qua</strong></span> <span class='ocrx_word' id='word_1_510' title='bbox 2193 2706 2370 2762; x_wconf 87' lang='lat' dir='ltr'><strong>fuerat</strong></span> <span class='ocrx_word' id='word_1_511' title='bbox 2400 2706 2668 2764; x_wconf 89' lang='lat' dir='ltr'><strong>inclusus.</strong></span> <span class='ocrx_word' id='word_1_512' title='bbox 2702 2704 3022 2775; x_wconf 88' lang='lat' dir='ltr'><strong>prominens</strong></span> <span class='ocrx_word' id='word_1_513' title='bbox 3046 2701 3318 2758; x_wconf 88' lang='lat' dir='ltr'><strong>clamabat</strong></span> <span class='ocrx_word' id='word_1_514' title='bbox 3349 2716 3366 2755; x_wconf 90' lang='lat'><strong>:</strong></span> 
     </span>
    </p>
   </div>
   <div class='ocr_carea' id='block_1_73' title="bbox 1797 2796 3371 2866">
    <p class='ocr_par' dir='ltr' id='par_1_73' title="bbox 1797 2796 3371 2866">
     <span class='ocr_line' id='line_1_73' title="bbox 1797 2796 3371 2866; baseline -0.006 -9"><span class='ocrx_word' id='word_1_515' title='bbox 1797 2800 1843 2857; x_wconf 91' lang='grc'>0</span> <span class='ocrx_word' id='word_1_516' title='bbox 1889 2801 2107 2859; x_wconf 84' lang='lat' dir='ltr'><strong>felicem</strong></span> <span class='ocrx_word' id='word_1_517' title='bbox 2145 2800 2545 2862; x_wconf 85' lang='lat' dir='ltr'><strong>Christianum,</strong></span> <span class='ocrx_word' id='word_1_518' title='bbox 2577 2813 2612 2853; x_wconf 90' lang='lat'><strong>0</strong></span> <span class='ocrx_word' id='word_1_519' title='bbox 2646 2799 2861 2854; x_wconf 82' lang='lat' dir='ltr'><strong>beatam</strong></span> <span class='ocrx_word' id='word_1_520' title='bbox 2896 2812 3018 2866; x_wconf 75' lang='lat' dir='ltr'><strong>qua:</strong></span> <span class='ocrx_word' id='word_1_521' title='bbox 3076 2805 3129 2850; x_wconf 90' lang='lat' dir='ltr'><strong>te</strong></span> <span class='ocrx_word' id='word_1_522' title='bbox 3179 2796 3371 2866; x_wconf 60' lang='lat' dir='ltr'><strong>genuit</strong></span> 
     </span>
    </p>
   </div>
   <div class='ocr_carea' id='block_1_74' title="bbox 1799 2886 3367 2960">
    <p class='ocr_par' dir='ltr' id='par_1_74' title="bbox 1799 2886 3367 2960">
     <span class='ocr_line' id='line_1_74' title="bbox 1799 2886 3367 2960; baseline -0.006 -12"><span class='ocrx_word' id='word_1_523' title='bbox 1799 2894 2059 2958; x_wconf 88' lang='lat' dir='ltr'><strong>insulam,</strong></span> <span class='ocrx_word' id='word_1_524' title='bbox 2083 2909 2116 2948; x_wconf 91' lang='grc' dir='ltr'><strong>ο</strong></span> <span class='ocrx_word' id='word_1_525' title='bbox 2147 2892 2554 2947; x_wconf 87' lang='lat' dir='ltr'><strong>nobilissimum</strong></span> <span class='ocrx_word' id='word_1_526' title='bbox 2581 2898 2746 2960; x_wconf 82' lang='lat' dir='ltr'><strong>atque</strong></span> <span class='ocrx_word' id='word_1_527' title='bbox 2774 2889 2924 2943; x_wconf 89' lang='lat' dir='ltr'><strong>omni</strong></span> <span class='ocrx_word' id='word_1_528' title='bbox 2952 2886 3116 2943; x_wconf 81' lang='lat' dir='ltr'><strong>laude</strong></span> <span class='ocrx_word' id='word_1_529' title='bbox 3145 2887 3367 2955; x_wconf 84' lang='lat' dir='ltr'><strong>dignum</strong></span> 
     </span>
    </p>
   </div>
   <div class='ocr_carea' id='block_1_75' title="bbox 1800 2978 3367 3053">
    <p class='ocr_par' dir='ltr' id='par_1_75' title="bbox 1800 2978 3367 3053">
     <span class='ocr_line' id='line_1_75' title="bbox 1800 2978 3367 3053; baseline -0.007 -16"><span class='ocrx_word' id='word_1_530' title='bbox 1800 2998 1998 3053; x_wconf 87' lang='lat' dir='ltr'><strong>genus,</strong></span> <span class='ocrx_word' id='word_1_531' title='bbox 2033 2981 2180 3037; x_wconf 88' lang='lat' dir='ltr'><strong>unde</strong></span> <span class='ocrx_word' id='word_1_532' title='bbox 2213 2990 2367 3035; x_wconf 89' lang='lat' dir='ltr'><strong>ortus</strong></span> <span class='ocrx_word' id='word_1_533' title='bbox 2393 2996 2476 3037; x_wconf 89' lang='lat' dir='ltr'><strong>es.</strong></span> <span class='ocrx_word' id='word_1_534' title='bbox 2504 2978 2725 3036; x_wconf 90' lang='lat' dir='ltr'><strong>Utinam</strong></span> <span class='ocrx_word' id='word_1_535' title='bbox 2764 2978 2925 3033; x_wconf 83' lang='lat' dir='ltr'><strong>isthic</strong></span> <span class='ocrx_word' id='word_1_536' title='bbox 2955 2992 3135 3033; x_wconf 86' lang='lat' dir='ltr'><strong>essem</strong></span> <span class='ocrx_word' id='word_1_537' title='bbox 3165 2986 3367 3038; x_wconf 86' lang='lat' dir='ltr'><strong>tecum,</strong></span> 
     </span>
    </p>
   </div>
   <div class='ocr_carea' id='block_1_76' title="bbox 1806 3067 3370 3144">
    <p class='ocr_par' dir='ltr' id='par_1_76' title="bbox 1806 3067 3370 3144">
     <span class='ocr_line' id='line_1_76' title="bbox 1806 3067 3370 3144; baseline -0.005 -16"><span class='ocrx_word' id='word_1_538' title='bbox 1806 3082 1867 3128; x_wconf 94' lang='lat' dir='ltr'><strong>ut</strong></span> <span class='ocrx_word' id='word_1_539' title='bbox 1902 3075 2094 3129; x_wconf 85' lang='lat' dir='ltr'><strong>eadem</strong></span> <span class='ocrx_word' id='word_1_540' title='bbox 2121 3082 2339 3144; x_wconf 89' lang='lat' dir='ltr'><strong>paterer</strong></span> <span class='ocrx_word' id='word_1_541' title='bbox 2365 3087 2463 3141; x_wconf 91' lang='lat' dir='ltr'><strong>pro</strong></span> <span class='ocrx_word' id='word_1_542' title='bbox 2490 3070 2740 3126; x_wconf 69' lang='lat' dir='ltr'><strong>Christo!</strong></span> <span class='ocrx_word' id='word_1_543' title='bbox 2772 3069 2896 3126; x_wconf 64' lang='lat' dir='ltr'><strong>Haac</strong></span> <span class='ocrx_word' id='word_1_544' title='bbox 2918 3069 3134 3140; x_wconf 87' lang='lat' dir='ltr'><strong>aliaque</strong></span> <span class='ocrx_word' id='word_1_545' title='bbox 3164 3067 3370 3122; x_wconf 71' lang='lat' dir='ltr'><strong>vocite-</strong></span> 
     </span>
    </p>
   </div>
   <div class='ocr_carea' id='block_1_77' title="bbox 1803 3160 3368 3238">
    <p class='ocr_par' dir='ltr' id='par_1_77' title="bbox 1803 3160 3368 3238">
     <span class='ocr_line' id='line_1_77' title="bbox 1803 3160 3368 3238; baseline -0.006 -18"><span class='ocrx_word' id='word_1_546' title='bbox 1803 3167 2047 3228; x_wconf 73' lang='lat' dir='ltr'><strong>rahzttur,</strong></span> <span class='ocrx_word' id='word_1_547' title='bbox 2068 3166 2315 3238; x_wconf 77' lang='lat' dir='ltr'><strong>martyrii</strong></span> <span class='ocrx_word' id='word_1_548' title='bbox 2343 3180 2629 3226; x_wconf 87' lang='lat' dir='ltr'><strong>coronam,</strong></span> <span class='ocrx_word' id='word_1_549' title='bbox 2657 3171 2716 3219; x_wconf 90' lang='lat' dir='ltr'><strong>ut</strong></span> <span class='ocrx_word' id='word_1_550' title='bbox 2735 3162 3000 3223; x_wconf 85' lang='lat' dir='ltr'><strong>arbitror,</strong></span> <span class='ocrx_word' id='word_1_551' title='bbox 3024 3160 3368 3217; x_wconf 84' lang='lat' dir='ltr'><strong>desiderans.</strong></span> 
     </span>
    </p>
   </div>
   <div class='ocr_carea' id='block_1_78' title="bbox 1801 3252 3371 3322">
    <p class='ocr_par' dir='ltr' id='par_1_78' title="bbox 1801 3252 3371 3322">
     <span class='ocr_line' id='line_1_78' title="bbox 1801 3252 3371 3322; baseline -0.006 -9"><span class='ocrx_word' id='word_1_552' title='bbox 1801 3256 2101 3313; x_wconf 78' lang='lat' dir='ltr'><strong>Cari-ilices</strong></span> <span class='ocrx_word' id='word_1_553' title='bbox 2131 3267 2339 3322; x_wconf 86' lang='lat' dir='ltr'><strong>autem,</strong></span> <span class='ocrx_word' id='word_1_554' title='bbox 2370 3255 2588 3311; x_wconf 78' lang='lat' dir='ltr'><strong>Andrea</strong></span> <span class='ocrx_word' id='word_1_555' title='bbox 2625 3254 2875 3319; x_wconf 90' lang='lat' dir='ltr'><strong>reducto,</strong></span> <span class='ocrx_word' id='word_1_556' title='bbox 2914 3252 3100 3307; x_wconf 90' lang='lat' dir='ltr'><strong>multis</strong></span> <span class='ocrx_word' id='word_1_557' title='bbox 3130 3253 3371 3322; x_wconf 78' lang='lat' dir='ltr'><strong>pretiosa</strong></span> 
     </span>
    </p>
   </div>
   <div class='ocr_carea' id='block_1_79' title="bbox 1800 3343 3371 3416">
    <p class='ocr_par' dir='ltr' id='par_1_79' title="bbox 1800 3343 3371 3416">
     <span class='ocr_line' id='line_1_79' title="bbox 1800 3343 3371 3416; baseline -0.004 -12"><span class='ocrx_word' id='word_1_558' title='bbox 1800 3348 2049 3404; x_wconf 86' lang='lat' dir='ltr'><strong>membra</strong></span> <span class='ocrx_word' id='word_1_559' title='bbox 2080 3347 2327 3416; x_wconf 86' lang='lat' dir='ltr'><strong>ﬂagellis,</strong></span> <span class='ocrx_word' id='word_1_560' title='bbox 2359 3346 2610 3416; x_wconf 89' lang='lat' dir='ltr'><strong>lorisque</strong></span> <span class='ocrx_word' id='word_1_561' title='bbox 2634 3344 2779 3402; x_wconf 85' lang='lat' dir='ltr'><strong>fcede</strong></span> <span class='ocrx_word' id='word_1_562' title='bbox 2812 3343 3130 3408; x_wconf 87' lang='lat' dir='ltr'><strong>dilacerata,</strong></span> <span class='ocrx_word' id='word_1_563' title='bbox 3158 3355 3371 3412; x_wconf 81' lang='lat' dir='ltr'><strong>ungunt</strong></span> 
     </span>
    </p>
   </div>
   <div class='ocr_carea' id='block_1_80' title="bbox 1805 3433 3371 3510">
    <p class='ocr_par' dir='ltr' id='par_1_80' title="bbox 1805 3433 3371 3510">
     <span class='ocr_line' id='line_1_80' title="bbox 1805 3433 3371 3510; baseline -0.007 -16"><span class='ocrx_word' id='word_1_564' title='bbox 1805 3439 2124 3510; x_wconf 84' lang='lat' dir='ltr'><strong>unguentis,</strong></span> <span class='ocrx_word' id='word_1_565' title='bbox 2146 3438 2331 3493; x_wconf 88' lang='lat' dir='ltr'><strong>cibum</strong></span> <span class='ocrx_word' id='word_1_566' title='bbox 2363 3452 2583 3508; x_wconf 84' lang='lat' dir='ltr'><strong>quoque</strong></span> <span class='ocrx_word' id='word_1_567' title='bbox 2614 3447 2782 3507; x_wconf 89' lang='lat' dir='ltr'><strong>atque</strong></span> <span class='ocrx_word' id='word_1_568' title='bbox 2810 3444 3008 3505; x_wconf 80' lang='lat' dir='ltr'><strong>potum</strong></span> <span class='ocrx_word' id='word_1_569' title='bbox 3033 3434 3101 3489; x_wconf 87' lang='lat' dir='ltr'><strong>ad</strong></span> <span class='ocrx_word' id='word_1_570' title='bbox 3119 3433 3371 3490; x_wconf 61' lang='lat' dir='ltr'><strong>dulcicu-</strong></span> 
     </span>
    </p>
   </div>
   <div class='ocr_carea' id='block_1_81' title="bbox 1803 3524 3370 3599">
    <p class='ocr_par' dir='ltr' id='par_1_81' title="bbox 1803 3524 3370 3599">
     <span class='ocr_line' id='line_1_81' title="bbox 1803 3524 3370 3599; baseline -0.007 -12"><span class='ocrx_word' id='word_1_571' title='bbox 1803 3532 1926 3587; x_wconf 90' lang='lat' dir='ltr'><strong>dam</strong></span> <span class='ocrx_word' id='word_1_572' title='bbox 1962 3532 2017 3585; x_wconf 92' lang='lat' dir='ltr'><strong>in</strong></span> <span class='ocrx_word' id='word_1_573' title='bbox 2052 3546 2283 3599; x_wconf 86' lang='lat' dir='ltr'><strong>corpore</strong></span> <span class='ocrx_word' id='word_1_574' title='bbox 2314 3531 2576 3595; x_wconf 89' lang='lat' dir='ltr'><strong>animam,</strong></span> <span class='ocrx_word' id='word_1_575' title='bbox 2612 3529 2680 3584; x_wconf 89' lang='lat' dir='ltr'><strong>de</strong></span> <span class='ocrx_word' id='word_1_576' title='bbox 2730 3528 3072 3583; x_wconf 86' lang='lat' dir='ltr'><strong>medicorum</strong></span> <span class='ocrx_word' id='word_1_577' title='bbox 3116 3524 3370 3591; x_wconf 87' lang='lat' dir='ltr'><strong>consilio,</strong></span> 
     </span>
    </p>
   </div>
   <div class='ocr_carea' id='block_1_82' title="bbox 1802 3617 3366 3694">
    <p class='ocr_par' dir='ltr' id='par_1_82' title="bbox 1802 3617 3366 3694">
     <span class='ocr_line' id='line_1_82' title="bbox 1802 3617 3366 3694; baseline -0.006 -17"><span class='ocrx_word' id='word_1_578' title='bbox 1802 3638 2036 3694; x_wconf 87' lang='lat' dir='ltr'><strong>quorum</strong></span> <span class='ocrx_word' id='word_1_579' title='bbox 2067 3622 2223 3678; x_wconf 85' lang='lat' dir='ltr'><strong>multi</strong></span> <span class='ocrx_word' id='word_1_580' title='bbox 2274 3638 2338 3678; x_wconf 89' lang='lat' dir='ltr'><strong>ac</strong></span> <span class='ocrx_word' id='word_1_581' title='bbox 2371 3622 2683 3692; x_wconf 85' lang='lat' dir='ltr'><strong>peritissimi</strong></span> <span class='ocrx_word' id='word_1_582' title='bbox 2718 3621 2977 3684; x_wconf 86' lang='lat' dir='ltr'><strong>aderant,</strong></span> <span class='ocrx_word' id='word_1_583' title='bbox 3015 3617 3366 3678; x_wconf 89' lang='lat' dir='ltr'><strong>obtulerunt,</strong></span> 
     </span>
    </p>
   </div>
   <div class='ocr_carea' id='block_1_83' title="bbox 1803 3697 3368 3785">
    <p class='ocr_par' dir='ltr' id='par_1_83' title="bbox 1803 3697 3368 3785">
     <span class='ocr_line' id='line_1_83' title="bbox 1803 3697 3368 3785; baseline -0.006 -15"><span class='ocrx_word' id='word_1_584' title='bbox 1803 3730 1869 3770; x_wconf 88' lang='lat' dir='ltr'><strong>ac</strong></span> <span class='ocrx_word' id='word_1_585' title='bbox 1894 3730 2115 3784; x_wconf 86' lang='lat' dir='ltr'><strong>aquam,</strong></span> <span class='ocrx_word' id='word_1_586' title='bbox 2142 3715 2195 3770; x_wconf 92' lang='lat' dir='ltr'><strong>in</strong></span> <span class='ocrx_word' id='word_1_587' title='bbox 2226 3731 2332 3785; x_wconf 89' lang='lat' dir='ltr'><strong>qua</strong></span> <span class='ocrx_word' id='word_1_588' title='bbox 2362 3697 2472 3769; x_wconf 84' lang='lat' dir='ltr'><strong>non</strong></span> <span class='ocrx_word' id='word_1_589' title='bbox 2504 3731 2695 3785; x_wconf 86' lang='lat' dir='ltr'><strong>parum</strong></span> <span class='ocrx_word' id='word_1_590' title='bbox 2723 3712 2967 3769; x_wconf 69' lang='lat' dir='ltr'><strong>defaecati</strong></span> <span class='ocrx_word' id='word_1_591' title='bbox 2995 3710 3115 3765; x_wconf 90' lang='lat' dir='ltr'><strong>auri</strong></span> <span class='ocrx_word' id='word_1_592' title='bbox 3148 3710 3368 3779; x_wconf 89' lang='lat' dir='ltr'><strong>pondus</strong></span> 
     </span>
    </p>
   </div>
   <div class='ocr_carea' id='block_1_84' title="bbox 1804 3799 3370 3870">
    <p class='ocr_par' dir='ltr' id='par_1_84' title="bbox 1804 3799 3370 3870">
     <span class='ocr_line' id='line_1_84' title="bbox 1804 3799 3370 3870; baseline -0.007 -9"><span class='ocrx_word' id='word_1_593' title='bbox 1804 3806 2095 3870; x_wconf 88' lang='lat' dir='ltr'><strong>bullierat,</strong></span> <span class='ocrx_word' id='word_1_594' title='bbox 2126 3809 2446 3861; x_wconf 84' lang='lat' dir='ltr'><strong>conducunt</strong></span> <span class='ocrx_word' id='word_1_595' title='bbox 2490 3806 2559 3859; x_wconf 89' lang='lat' dir='ltr'><strong>ad</strong></span> <span class='ocrx_word' id='word_1_596' title='bbox 2612 3803 2938 3858; x_wconf 90' lang='lat' dir='ltr'><strong>bibendum.</strong></span> <span class='ocrx_word' id='word_1_597' title='bbox 2972 3800 3028 3855; x_wconf 88' lang='lat' dir='ltr'><strong>id</strong></span> <span class='ocrx_word' id='word_1_598' title='bbox 3074 3799 3370 3863; x_wconf 75' lang='lat' dir='ltr'><strong>faciebant,</strong></span> 
     </span>
    </p>
   </div>
   <div class='ocr_carea' id='block_1_85' title="bbox 1803 3888 3373 3970">
    <p class='ocr_par' dir='ltr' id='par_1_85' title="bbox 1803 3888 3373 3970">
     <span class='ocr_line' id='line_1_85' title="bbox 1803 3888 3373 3970; baseline -0.006 -18"><span class='ocrx_word' id='word_1_599' title='bbox 1803 3913 1914 3970; x_wconf 86' lang='lat' dir='ltr'><strong>quo</strong></span> <span class='ocrx_word' id='word_1_600' title='bbox 1943 3898 2161 3968; x_wconf 80' lang='lat' dir='ltr'><strong>longior</strong></span> <span class='ocrx_word' id='word_1_601' title='bbox 2188 3898 2296 3951; x_wconf 88' lang='lat' dir='ltr'><strong>vita</strong></span> <span class='ocrx_word' id='word_1_602' title='bbox 2332 3897 2455 3966; x_wconf 83' lang='lat' dir='ltr'><strong>ejus</strong></span> <span class='ocrx_word' id='word_1_603' title='bbox 2479 3895 2685 3965; x_wconf 88' lang='lat' dir='ltr'><strong>aliquid</strong></span> <span class='ocrx_word' id='word_1_604' title='bbox 2720 3894 2787 3947; x_wconf 88' lang='lat' dir='ltr'><strong>ad</strong></span> <span class='ocrx_word' id='word_1_605' title='bbox 2816 3892 3167 3963; x_wconf 75' lang='lat' dir='ltr'><strong>negationem</strong></span> <span class='ocrx_word' id='word_1_606' title='bbox 3191 3888 3373 3945; x_wconf 87' lang='lat' dir='ltr'><strong>crucis</strong></span> 
     </span>
    </p>
   </div>
   <div class='ocr_carea' id='block_1_86' title="bbox 1804 3979 3372 4052">
    <p class='ocr_par' dir='ltr' id='par_1_86' title="bbox 1804 3979 3372 4052">
     <span class='ocr_line' id='line_1_86' title="bbox 1804 3979 3372 4052; baseline -0.007 -9"><span class='ocrx_word' id='word_1_607' title='bbox 1804 3988 2051 4052; x_wconf 85' lang='lat' dir='ltr'><strong>aﬂ&#39;erret,</strong></span> <span class='ocrx_word' id='word_1_608' title='bbox 2088 3988 2250 4042; x_wconf 89' lang='lat' dir='ltr'><strong>simul</strong></span> <span class='ocrx_word' id='word_1_609' title='bbox 2285 3996 2342 4040; x_wconf 91' lang='lat' dir='ltr'><strong>et</strong></span> <span class='ocrx_word' id='word_1_610' title='bbox 2371 3984 2762 4048; x_wconf 75' lang='lat' dir='ltr'><strong>ostenderent,</strong></span> <span class='ocrx_word' id='word_1_611' title='bbox 2795 3984 2989 4052; x_wconf 85' lang='lat' dir='ltr'><strong>quanti</strong></span> <span class='ocrx_word' id='word_1_612' title='bbox 3021 3983 3190 4036; x_wconf 88' lang='lat' dir='ltr'><strong>vitam</strong></span> <span class='ocrx_word' id='word_1_613' title='bbox 3222 3979 3372 4034; x_wconf 87' lang='lat' dir='ltr'><strong>face-</strong></span> 
     </span>
    </p>
   </div>
   <div class='ocr_carea' id='block_1_87' title="bbox 1804 4072 3374 4151">
    <p class='ocr_par' dir='ltr' id='par_1_87' title="bbox 1804 4072 3374 4151">
     <span class='ocr_line' id='line_1_87' title="bbox 1804 4072 3374 4151; baseline -0.006 -16"><span class='ocrx_word' id='word_1_614' title='bbox 1804 4090 1930 4137; x_wconf 85' lang='lat' dir='ltr'><strong>rent</strong></span> <span class='ocrx_word' id='word_1_615' title='bbox 1959 4081 2079 4151; x_wconf 87' lang='lat' dir='ltr'><strong>ejus</strong></span> <span class='ocrx_word' id='word_1_616' title='bbox 2110 4098 2127 4136; x_wconf 91' lang='lat'><strong>:</strong></span> <span class='ocrx_word' id='word_1_617' title='bbox 2162 4079 2303 4134; x_wconf 84' lang='lat' dir='ltr'><strong>forte</strong></span> <span class='ocrx_word' id='word_1_618' title='bbox 2333 4079 2522 4143; x_wconf 88' lang='lat' dir='ltr'><strong>etiam,</strong></span> <span class='ocrx_word' id='word_1_619' title='bbox 2575 4075 2831 4145; x_wconf 87' lang='lat' dir='ltr'><strong>quoniam</strong></span> <span class='ocrx_word' id='word_1_620' title='bbox 2866 4090 2990 4128; x_wconf 89' lang='lat' dir='ltr'><strong>eum</strong></span> <span class='ocrx_word' id='word_1_621' title='bbox 3037 4072 3374 4127; x_wconf 82' lang='lat' dir='ltr'><strong>Christianis</strong></span> 
     </span>
    </p>
   </div>
   <div class='ocr_carea' id='block_1_88' title="bbox 1804 4152 3373 4232">
    <p class='ocr_par' dir='ltr' id='par_1_88' title="bbox 1804 4152 3373 4232">
     <span class='ocr_line' id='line_1_88' title="bbox 1804 4152 3373 4232; baseline -0.007 -6"><span class='ocrx_word' id='word_1_622' title='bbox 1804 4172 2031 4226; x_wconf 88' lang='lat' dir='ltr'><strong>enutriti</strong></span> <span class='ocrx_word' id='word_1_623' title='bbox 2062 4169 2197 4232; x_wconf 86' lang='lat' dir='ltr'><strong>sint,</strong></span> <span class='ocrx_word' id='word_1_624' title='bbox 2238 4152 2295 4224; x_wconf 83' lang='lat' dir='ltr'><strong>et</strong></span> <span class='ocrx_word' id='word_1_625' title='bbox 2316 4167 2566 4223; x_wconf 90' lang='lat' dir='ltr'><strong>nonnulli</strong></span> <span class='ocrx_word' id='word_1_626' title='bbox 2599 4180 2789 4222; x_wconf 85' lang='lat' dir='ltr'><strong>eorum</strong></span> <span class='ocrx_word' id='word_1_627' title='bbox 2819 4162 3116 4220; x_wconf 77' lang='lat' dir='ltr'><strong>ChriStiani</strong></span> <span class='ocrx_word' id='word_1_628' title='bbox 3146 4163 3373 4215; x_wconf 87' lang='lat' dir='ltr'><strong>fuerint.</strong></span> 
     </span>
    </p>
   </div>
   <div class='ocr_carea' id='block_1_89' title="bbox 1804 4252 3373 4332">
    <p class='ocr_par' dir='ltr' id='par_1_89' title="bbox 1804 4252 3373 4332">
     <span class='ocr_line' id='line_1_89' title="bbox 1804 4252 3373 4332; baseline -0.009 -15"><span class='ocrx_word' id='word_1_629' title='bbox 1804 4262 1917 4317; x_wconf 87' lang='lat' dir='ltr'><strong>Nec</strong></span> <span class='ocrx_word' id='word_1_630' title='bbox 1947 4261 2295 4332; x_wconf 80' lang='lat' dir='ltr'><strong>ignorabant,</strong></span> <span class='ocrx_word' id='word_1_631' title='bbox 2319 4258 2595 4329; x_wconf 88' lang='lat' dir='ltr'><strong>quomodo</strong></span> <span class='ocrx_word' id='word_1_632' title='bbox 2621 4266 2887 4327; x_wconf 79' lang='lat' dir='ltr'><strong>martyres</strong></span> <span class='ocrx_word' id='word_1_633' title='bbox 2916 4252 3124 4311; x_wconf 88' lang='lat' dir='ltr'><strong>Christi</strong></span> <span class='ocrx_word' id='word_1_634' title='bbox 3153 4253 3282 4307; x_wconf 88' lang='lat' dir='ltr'><strong>olim</strong></span> <span class='ocrx_word' id='word_1_635' title='bbox 3318 4252 3373 4305; x_wconf 92' lang='lat' dir='ltr'><strong>in</strong></span> 
     </span>
    </p>
   </div>
   <div class='ocr_carea' id='block_1_90' title="bbox 1804 4344 3375 4418">
    <p class='ocr_par' dir='ltr' id='par_1_90' title="bbox 1804 4344 3375 4418">
     <span class='ocr_line' id='line_1_90' title="bbox 1804 4344 3375 4418; baseline -0.009 -8"><span class='ocrx_word' id='word_1_636' title='bbox 1804 4355 1893 4411; x_wconf 90' lang='lat' dir='ltr'><strong>die</strong></span> <span class='ocrx_word' id='word_1_637' title='bbox 1921 4354 2337 4418; x_wconf 87' lang='lat' dir='ltr'><strong>cruciabantur,</strong></span> <span class='ocrx_word' id='word_1_638' title='bbox 2368 4363 2427 4407; x_wconf 89' lang='lat' dir='ltr'><strong>et</strong></span> <span class='ocrx_word' id='word_1_639' title='bbox 2456 4351 2510 4405; x_wconf 88' lang='lat' dir='ltr'><strong>in</strong></span> <span class='ocrx_word' id='word_1_640' title='bbox 2546 4358 2709 4404; x_wconf 88' lang='lat' dir='ltr'><strong>nocte</strong></span> <span class='ocrx_word' id='word_1_641' title='bbox 2735 4347 3206 4403; x_wconf 77' lang='lat' dir='ltr'><strong>convalescebant.</strong></span> <span class='ocrx_word' id='word_1_642' title='bbox 3228 4344 3375 4410; x_wconf 85' lang='lat' dir='ltr'><strong>Qua-</strong></span> 
     </span>
    </p>
   </div>
   <div class='ocr_carea' id='block_1_91' title="bbox 130 4435 1692 4526">
    <p class='ocr_par' dir='ltr' id='par_1_91' title="bbox 130 4435 1692 4509">
     <span class='ocr_line' id='line_1_91' title="bbox 130 4435 1692 4509; baseline 0 -19"><span class='ocrx_word' id='word_1_643' title='bbox 130 4435 222 4492; x_wconf 89' lang='lat' dir='ltr'><strong>bili</strong></span> <span class='ocrx_word' id='word_1_644' title='bbox 269 4452 394 4494; x_wconf 90' lang='lat' dir='ltr'><strong>cum</strong></span> <span class='ocrx_word' id='word_1_645' title='bbox 428 4438 857 4506; x_wconf 72' lang='lat' dir='ltr'><strong>ampliﬁcatione</strong></span> <span class='ocrx_word' id='word_1_646' title='bbox 889 4455 905 4492; x_wconf 91' lang='lat'><strong>:</strong></span> <span class='ocrx_word' id='word_1_647' title='bbox 938 4437 1112 4509; x_wconf 89' lang='lat' dir='ltr'><strong>Caput</strong></span> <span class='ocrx_word' id='word_1_648' title='bbox 1160 4439 1349 4494; x_wconf 87' lang='lat' dir='ltr'><strong>statim</strong></span> <span class='ocrx_word' id='word_1_649' title='bbox 1379 4439 1492 4496; x_wconf 89' lang='lat' dir='ltr'><strong>eris</strong></span> <span class='ocrx_word' id='word_1_650' title='bbox 1520 4478 1536 4503; x_wconf 90' lang='lat'><strong>,</strong></span> <span class='ocrx_word' id='word_1_651' title='bbox 1578 4439 1692 4493; x_wconf 87' lang='lat' dir='ltr'><strong>An-</strong></span> 
     </span>
    </p>
   </div>
   <div class='ocr_carea' id='block_1_92' title="bbox 1801 4435 3374 4526">
    <p class='ocr_par' dir='ltr' id='par_1_92' title="bbox 1807 4437 3374 4509">
     <span class='ocr_line' id='line_1_92' title="bbox 1807 4437 3374 4509; baseline -0.006 -11"><span class='ocrx_word' id='word_1_652' title='bbox 1807 4460 1891 4509; x_wconf 89' lang='lat' dir='ltr'><strong>re,</strong></span> <span class='ocrx_word' id='word_1_653' title='bbox 1928 4445 2183 4499; x_wconf 88' lang='lat' dir='ltr'><strong>timentes</strong></span> <span class='ocrx_word' id='word_1_654' title='bbox 2213 4458 2284 4499; x_wconf 87' lang='lat' dir='ltr'><strong>ne</strong></span> <span class='ocrx_word' id='word_1_655' title='bbox 2320 4442 2372 4497; x_wconf 90' lang='lat' dir='ltr'><strong>id</strong></span> <span class='ocrx_word' id='word_1_656' title='bbox 2406 4441 2675 4496; x_wconf 90' lang='lat' dir='ltr'><strong>divinitus</strong></span> <span class='ocrx_word' id='word_1_657' title='bbox 2702 4441 2970 4505; x_wconf 85' lang='lat' dir='ltr'><strong>eveniret,</strong></span> <span class='ocrx_word' id='word_1_658' title='bbox 3006 4437 3374 4493; x_wconf 79' lang='lat' dir='ltr'><strong>medicamen-</strong></span> 
     </span>
    </p>
   </div>
   <div class='ocr_carea' id='block_1_93' title="bbox 114 4529 1701 4601">
    <p class='ocr_par' dir='ltr' id='par_1_93' title="bbox 114 4529 1701 4601">
     <span class='ocr_line' id='line_1_93' title="bbox 114 4529 1701 4601; baseline 0.002 -18"><span class='ocrx_word' id='word_1_659' title='bbox 114 4529 283 4595; x_wconf 52' lang='grc' dir='ltr'><strong>(ιι-ρει,</strong></span> <span class='ocrx_word' id='word_1_660' title='bbox 325 4538 546 4584; x_wconf 86' lang='lat' dir='ltr'><strong>centum</strong></span> <span class='ocrx_word' id='word_1_661' title='bbox 580 4529 816 4583; x_wconf 89' lang='lat' dir='ltr'><strong>militum</strong></span> <span class='ocrx_word' id='word_1_662' title='bbox 852 4567 868 4595; x_wconf 89' lang='lat'><strong>,</strong></span> <span class='ocrx_word' id='word_1_663' title='bbox 923 4541 980 4586; x_wconf 89' lang='lat' dir='ltr'><strong>et</strong></span> <span class='ocrx_word' id='word_1_664' title='bbox 1025 4547 1054 4584; x_wconf 91' lang='lat' dir='ltr'><strong>a</strong></span> <span class='ocrx_word' id='word_1_665' title='bbox 1093 4531 1437 4601; x_wconf 84' lang='lat' dir='ltr'><strong>privatorum</strong></span> <span class='ocrx_word' id='word_1_666' title='bbox 1494 4539 1701 4586; x_wconf 88' lang='lat' dir='ltr'><strong>tractus</strong></span> 
     </span>
    </p>
   </div>
   <div class='ocr_carea' id='block_1_94' title="bbox 131 4620 1695 4691">
    <p class='ocr_par' dir='ltr' id='par_1_94' title="bbox 131 4620 1695 4691">
     <span class='ocr_line' id='line_1_94' title="bbox 131 4620 1695 4691; baseline 0.003 -19"><span class='ocrx_word' id='word_1_667' title='bbox 131 4620 449 4675; x_wconf 77' lang='lat' dir='ltr'><strong>conditione</strong></span> <span class='ocrx_word' id='word_1_668' title='bbox 475 4659 492 4685; x_wconf 90' lang='lat'><strong>,</strong></span> <span class='ocrx_word' id='word_1_669' title='bbox 536 4635 660 4674; x_wconf 89' lang='lat' dir='ltr'><strong>eum</strong></span> <span class='ocrx_word' id='word_1_670' title='bbox 733 4620 1076 4691; x_wconf 86' lang='lat' dir='ltr'><strong>principibus</strong></span> <span class='ocrx_word' id='word_1_671' title='bbox 1144 4621 1635 4677; x_wconf 83' lang='lat' dir='ltr'><strong>connumeraberis</strong></span> <span class='ocrx_word' id='word_1_672' title='bbox 1678 4662 1695 4686; x_wconf 89' lang='lat'><strong>,</strong></span> 
     </span>
    </p>
   </div>
   <div class='ocr_carea' id='block_1_95' title="bbox 135 4714 1700 4785">
    <p class='ocr_par' dir='ltr' id='par_1_95' title="bbox 135 4714 1700 4785">
     <span class='ocr_line' id='line_1_95' title="bbox 135 4714 1700 4785; baseline 0.003 -17"><span class='ocrx_word' id='word_1_673' title='bbox 135 4714 399 4785; x_wconf 86' lang='lat' dir='ltr'><strong>lacileque</strong></span> <span class='ocrx_word' id='word_1_674' title='bbox 462 4714 638 4769; x_wconf 90' lang='lat' dir='ltr'><strong>virtus</strong></span> <span class='ocrx_word' id='word_1_675' title='bbox 682 4723 739 4770; x_wconf 90' lang='lat' dir='ltr'><strong>et</strong></span> <span class='ocrx_word' id='word_1_676' title='bbox 800 4714 1083 4784; x_wconf 84' lang='lat' dir='ltr'><strong>diligentia</strong></span> <span class='ocrx_word' id='word_1_677' title='bbox 1131 4724 1219 4770; x_wconf 89' lang='lat' dir='ltr'><strong>tua</strong></span> <span class='ocrx_word' id='word_1_678' title='bbox 1272 4717 1500 4771; x_wconf 71' lang='lat' dir='ltr'><strong>extollet</strong></span> <span class='ocrx_word' id='word_1_679' title='bbox 1546 4727 1598 4773; x_wconf 91' lang='lat' dir='ltr'><strong>te</strong></span> <span class='ocrx_word' id='word_1_680' title='bbox 1633 4716 1700 4772; x_wconf 90' lang='lat' dir='ltr'><strong>ad</strong></span> 
     </span>
    </p>
   </div>
   <div class='ocr_carea' id='block_1_96' title="bbox 142 4802 1705 4878">
    <p class='ocr_par' dir='ltr' id='par_1_96' title="bbox 142 4802 1705 4878">
     <span class='ocr_line' id='line_1_96' title="bbox 142 4802 1705 4878; baseline 0.004 -22"><span class='ocrx_word' id='word_1_681' title='bbox 142 4808 366 4877; x_wconf 86' lang='lat' dir='ltr'><strong>majora.</strong></span> <span class='ocrx_word' id='word_1_682' title='bbox 398 4802 602 4859; x_wconf 83' lang='lat' dir='ltr'><strong>Verum</strong></span> <span class='ocrx_word' id='word_1_683' title='bbox 634 4817 761 4859; x_wconf 84' lang='lat' dir='ltr'><strong>cunt</strong></span> <span class='ocrx_word' id='word_1_684' title='bbox 796 4813 1001 4875; x_wconf 85' lang='lat' dir='ltr'><strong>martyr</strong></span> <span class='ocrx_word' id='word_1_685' title='bbox 1028 4804 1253 4873; x_wconf 86' lang='lat' dir='ltr'><strong>Christi,</strong></span> <span class='ocrx_word' id='word_1_686' title='bbox 1292 4808 1430 4862; x_wconf 90' lang='lat' dir='ltr'><strong>nihil</strong></span> <span class='ocrx_word' id='word_1_687' title='bbox 1471 4823 1705 4878; x_wconf 88' lang='lat' dir='ltr'><strong>respon-</strong></span> 
     </span>
    </p>
   </div>
   <div class='ocr_carea' id='block_1_97' title="bbox 137 4888 1704 4968">
    <p class='ocr_par' dir='ltr' id='par_1_97' title="bbox 137 4888 1704 4968">
     <span class='ocr_line' id='line_1_97' title="bbox 137 4888 1704 4968; baseline 0.004 -20"><span class='ocrx_word' id='word_1_688' title='bbox 137 4897 338 4961; x_wconf 82' lang='lat' dir='ltr'><strong>dendo,</strong></span> <span class='ocrx_word' id='word_1_689' title='bbox 368 4904 724 4952; x_wconf 84' lang='lat' dir='ltr'><strong>contemnere</strong></span> <span class='ocrx_word' id='word_1_690' title='bbox 755 4896 939 4952; x_wconf 87' lang='lat' dir='ltr'><strong>oblata</strong></span> <span class='ocrx_word' id='word_1_691' title='bbox 991 4897 1297 4964; x_wconf 82' lang='lat' dir='ltr'><strong>videretur,</strong></span> <span class='ocrx_word' id='word_1_692' title='bbox 1323 4900 1418 4968; x_wconf 89' lang='lat' dir='ltr'><strong>qui</strong></span> <span class='ocrx_word' id='word_1_693' title='bbox 1461 4888 1704 4956; x_wconf 68' lang='lat' dir='ltr'><strong>circuiti-</strong></span> 
     </span>
    </p>
   </div>
   <div class='ocr_carea' id='block_1_98' title="bbox 139 4987 1705 5061">
    <p class='ocr_par' dir='ltr' id='par_1_98' title="bbox 139 4987 1705 5061">
     <span class='ocr_line' id='line_1_98' title="bbox 139 4987 1705 5061; baseline 0.005 -21"><span class='ocrx_word' id='word_1_694' title='bbox 139 4988 242 5042; x_wconf 79' lang='lat' dir='ltr'><strong>fusi</strong></span> <span class='ocrx_word' id='word_1_695' title='bbox 274 4996 435 5042; x_wconf 88' lang='lat' dir='ltr'><strong>erant</strong></span> <span class='ocrx_word' id='word_1_696' title='bbox 472 4987 726 5042; x_wconf 88' lang='lat' dir='ltr'><strong>veritatis</strong></span> <span class='ocrx_word' id='word_1_697' title='bbox 772 4989 1002 5053; x_wconf 88' lang='lat' dir='ltr'><strong>hostes,</strong></span> <span class='ocrx_word' id='word_1_698' title='bbox 1048 4988 1141 5042; x_wconf 89' lang='lat' dir='ltr'><strong>alii</strong></span> <span class='ocrx_word' id='word_1_699' title='bbox 1197 4998 1487 5060; x_wconf 84' lang='lat' dir='ltr'><strong>argentum</strong></span> <span class='ocrx_word' id='word_1_700' title='bbox 1538 5002 1705 5061; x_wconf 88' lang='lat' dir='ltr'><strong>atque</strong></span> 
     </span>
    </p>
   </div>
   <div class='ocr_carea' id='block_1_99' title="bbox 140 5079 1704 5153">
    <p class='ocr_par' dir='ltr' id='par_1_99' title="bbox 140 5079 1704 5153">
     <span class='ocr_line' id='line_1_99' title="bbox 140 5079 1704 5153; baseline 0.003 -21"><span class='ocrx_word' id='word_1_701' title='bbox 140 5098 356 5146; x_wconf 87' lang='lat' dir='ltr'><strong>aurum,</strong></span> <span class='ocrx_word' id='word_1_702' title='bbox 394 5082 487 5136; x_wconf 88' lang='lat' dir='ltr'><strong>alii</strong></span> <span class='ocrx_word' id='word_1_703' title='bbox 515 5090 718 5149; x_wconf 74' lang='lat' dir='ltr'><strong>vestes,</strong></span> <span class='ocrx_word' id='word_1_704' title='bbox 746 5081 840 5135; x_wconf 88' lang='lat' dir='ltr'><strong>alii</strong></span> <span class='ocrx_word' id='word_1_705' title='bbox 868 5079 1267 5148; x_wconf 87' lang='lat' dir='ltr'><strong>supellectilem</strong></span> <span class='ocrx_word' id='word_1_706' title='bbox 1301 5083 1507 5135; x_wconf 84' lang='lat' dir='ltr'><strong>variam</strong></span> <span class='ocrx_word' id='word_1_707' title='bbox 1541 5084 1704 5153; x_wconf 84' lang='lat' dir='ltr'><strong>polli-</strong></span> 
     </span>
    </p>
   </div>
   <div class='ocr_carea' id='block_1_100' title="bbox 142 5173 1702 5245">
    <p class='ocr_par' dir='ltr' id='par_1_100' title="bbox 142 5173 1702 5245">
     <span class='ocr_line' id='line_1_100' title="bbox 142 5173 1702 5245; baseline 0.002 -18"><span class='ocrx_word' id='word_1_708' title='bbox 142 5177 436 5241; x_wconf 76' lang='lat' dir='ltr'><strong>rebantur;</strong></span> <span class='ocrx_word' id='word_1_709' title='bbox 464 5190 703 5245; x_wconf 89' lang='lat' dir='ltr'><strong>cumque</strong></span> <span class='ocrx_word' id='word_1_710' title='bbox 730 5176 783 5229; x_wconf 91' lang='lat' dir='ltr'><strong>in</strong></span> <span class='ocrx_word' id='word_1_711' title='bbox 815 5173 1037 5229; x_wconf 87' lang='lat' dir='ltr'><strong>silentio</strong></span> <span class='ocrx_word' id='word_1_712' title='bbox 1074 5190 1121 5226; x_wconf 71' lang='lat' dir='ltr'><strong>ac</strong></span> <span class='ocrx_word' id='word_1_713' title='bbox 1144 5174 1257 5228; x_wconf 91' lang='lat' dir='ltr'><strong>rius</strong></span> <span class='ocrx_word' id='word_1_714' title='bbox 1287 5184 1702 5242; x_wconf 78' lang='lat' dir='ltr'><strong>perseveraret:</strong></span> 
     </span>
    </p>
   </div>
   <div class='ocr_carea' id='block_1_101' title="bbox 143 5264 1706 5337">
    <p class='ocr_par' dir='ltr' id='par_1_101' title="bbox 143 5264 1706 5337">
     <span class='ocr_line' id='line_1_101' title="bbox 143 5264 1706 5337; baseline 0.003 -20"><span class='ocrx_word' id='word_1_715' title='bbox 143 5266 303 5330; x_wconf 85' lang='lat' dir='ltr'><strong>Quid,</strong></span> <span class='ocrx_word' id='word_1_716' title='bbox 338 5267 619 5336; x_wconf 88' lang='lat' dir='ltr'><strong>inquiunt,</strong></span> <span class='ocrx_word' id='word_1_717' title='bbox 647 5281 716 5320; x_wconf 91' lang='lat' dir='ltr'><strong>ne</strong></span> <span class='ocrx_word' id='word_1_718' title='bbox 745 5266 931 5321; x_wconf 87' lang='lat' dir='ltr'><strong>verbis</strong></span> <span class='ocrx_word' id='word_1_719' title='bbox 975 5264 1201 5335; x_wconf 85' lang='lat' dir='ltr'><strong>quidem</strong></span> <span class='ocrx_word' id='word_1_720' title='bbox 1238 5265 1348 5319; x_wconf 86' lang='lat' dir='ltr'><strong>tuis</strong></span> <span class='ocrx_word' id='word_1_721' title='bbox 1376 5282 1475 5319; x_wconf 88' lang='lat' dir='ltr'><strong>nos</strong></span> <span class='ocrx_word' id='word_1_722' title='bbox 1508 5266 1706 5337; x_wconf 83' lang='lat' dir='ltr'><strong>dignos</strong></span> 
     </span>
    </p>
   </div>
   <div class='ocr_carea' id='block_1_102' title="bbox 146 5356 1707 5430">
    <p class='ocr_par' dir='ltr' id='par_1_102' title="bbox 146 5356 1707 5430">
     <span class='ocr_line' id='line_1_102' title="bbox 146 5356 1707 5430; baseline 0.004 -23"><span class='ocrx_word' id='word_1_723' title='bbox 146 5358 335 5416; x_wconf 81' lang='lat' dir='ltr'><strong>putas?</strong></span> <span class='ocrx_word' id='word_1_724' title='bbox 364 5359 521 5430; x_wconf 83' lang='lat' dir='ltr'><strong>Digni</strong></span> <span class='ocrx_word' id='word_1_725' title='bbox 554 5358 776 5427; x_wconf 82' lang='lat' dir='ltr'><strong>quidem</strong></span> <span class='ocrx_word' id='word_1_726' title='bbox 803 5398 820 5422; x_wconf 94' lang='lat'><strong>,</strong></span> <span class='ocrx_word' id='word_1_727' title='bbox 867 5356 976 5422; x_wconf 88' lang='lat' dir='ltr'><strong>ait,</strong></span> <span class='ocrx_word' id='word_1_728' title='bbox 1017 5370 1114 5409; x_wconf 88' lang='lat' dir='ltr'><strong>vos</strong></span> <span class='ocrx_word' id='word_1_729' title='bbox 1146 5356 1279 5410; x_wconf 89' lang='lat' dir='ltr'><strong>estis</strong></span> <span class='ocrx_word' id='word_1_730' title='bbox 1314 5357 1487 5411; x_wconf 89' lang='lat' dir='ltr'><strong>multo</strong></span> <span class='ocrx_word' id='word_1_731' title='bbox 1536 5359 1707 5428; x_wconf 88' lang='lat' dir='ltr'><strong>majo-</strong></span> 
     </span>
    </p>
   </div>
   <div class='ocr_carea' id='block_1_103' title="bbox 146 5446 1704 5518">
    <p class='ocr_par' dir='ltr' id='par_1_103' title="bbox 146 5446 1704 5518">
     <span class='ocr_line' id='line_1_103' title="bbox 146 5446 1704 5518; baseline 0.006 -23"><span class='ocrx_word' id='word_1_732' title='bbox 146 5446 333 5513; x_wconf 85' lang='lat' dir='ltr'><strong>ribus,</strong></span> <span class='ocrx_word' id='word_1_733' title='bbox 367 5464 532 5518; x_wconf 81' lang='lat' dir='ltr'><strong>quant</strong></span> <span class='ocrx_word' id='word_1_734' title='bbox 576 5462 678 5518; x_wconf 88' lang='lat' dir='ltr'><strong>cgo</strong></span> <span class='ocrx_word' id='word_1_735' title='bbox 721 5446 907 5502; x_wconf 86' lang='lat' dir='ltr'><strong>dicere</strong></span> <span class='ocrx_word' id='word_1_736' title='bbox 960 5454 1055 5500; x_wconf 91' lang='lat' dir='ltr'><strong>aut</strong></span> <span class='ocrx_word' id='word_1_737' title='bbox 1085 5447 1397 5515; x_wconf 79' lang='lat' dir='ltr'><strong>excogitare</strong></span> <span class='ocrx_word' id='word_1_738' title='bbox 1456 5464 1653 5517; x_wconf 86' lang='lat' dir='ltr'><strong>queam</strong></span> <span class='ocrx_word' id='word_1_739' title='bbox 1688 5464 1704 5506; x_wconf 88' lang='lat'><strong>:</strong></span> 
     </span>
    </p>
   </div>
   <div class='ocr_carea' id='block_1_104' title="bbox 149 5537 1709 5608">
    <p class='ocr_par' dir='ltr' id='par_1_104' title="bbox 149 5537 1709 5608">
     <span class='ocr_line' id='line_1_104' title="bbox 149 5537 1709 5608; baseline 0.005 -20"><span class='ocrx_word' id='word_1_740' title='bbox 149 5537 239 5589; x_wconf 83' lang='lat' dir='ltr'><strong>sed</strong></span> <span class='ocrx_word' id='word_1_741' title='bbox 289 5554 419 5603; x_wconf 87' lang='lat' dir='ltr'><strong>res,</strong></span> <span class='ocrx_word' id='word_1_742' title='bbox 476 5553 615 5608; x_wconf 87' lang='lat' dir='ltr'><strong>quas</strong></span> <span class='ocrx_word' id='word_1_743' title='bbox 654 5537 904 5603; x_wconf 75' lang='lat' dir='ltr'><strong>offertis,</strong></span> <span class='ocrx_word' id='word_1_744' title='bbox 964 5537 1113 5591; x_wconf 90' lang='lat' dir='ltr'><strong>nulla</strong></span> <span class='ocrx_word' id='word_1_745' title='bbox 1175 5538 1536 5608; x_wconf 87' lang='lat' dir='ltr'><strong>responsione</strong></span> <span class='ocrx_word' id='word_1_746' title='bbox 1577 5550 1709 5596; x_wconf 91' lang='lat' dir='ltr'><strong>sunt</strong></span> 
     </span>
    </p>
   </div>
   <div class='ocr_carea' id='block_1_105' title="bbox 149 5616 1709 5699">
    <p class='ocr_par' dir='ltr' id='par_1_105' title="bbox 149 5616 1709 5699">
     <span class='ocr_line' id='line_1_105' title="bbox 149 5616 1709 5699; baseline 0.006 -22"><span class='ocrx_word' id='word_1_747' title='bbox 149 5626 336 5692; x_wconf 66' lang='lat' dir='ltr'><strong>digere.</strong></span> <span class='ocrx_word' id='word_1_748' title='bbox 362 5628 506 5695; x_wconf 87' lang='lat' dir='ltr'><strong>Quid</strong></span> <span class='ocrx_word' id='word_1_749' title='bbox 530 5629 678 5683; x_wconf 91' lang='lat' dir='ltr'><strong>enitn</strong></span> <span class='ocrx_word' id='word_1_750' title='bbox 707 5631 968 5682; x_wconf 78' lang='lat' dir='ltr'><strong>caducam</strong></span> <span class='ocrx_word' id='word_1_751' title='bbox 995 5629 1137 5684; x_wconf 87' lang='lat' dir='ltr'><strong>hanc</strong></span> <span class='ocrx_word' id='word_1_752' title='bbox 1172 5629 1337 5683; x_wconf 90' lang='lat' dir='ltr'><strong>vitam</strong></span> <span class='ocrx_word' id='word_1_753' title='bbox 1369 5616 1537 5699; x_wconf 79' lang='lat' dir='ltr'><strong>atque</strong></span> <span class='ocrx_word' id='word_1_754' title='bbox 1561 5647 1709 5687; x_wconf 87' lang='lat' dir='ltr'><strong>mor-</strong></span> 
     </span>
    </p>
   </div>
   <div class='ocr_carea' id='block_1_106' title="bbox 151 5720 1706 5797">
    <p class='ocr_par' dir='ltr' id='par_1_106' title="bbox 151 5720 1706 5797">
     <span class='ocr_line' id='line_1_106' title="bbox 151 5720 1706 5797; baseline 0.006 -25"><span class='ocrx_word' id='word_1_755' title='bbox 151 5720 304 5778; x_wconf 85' lang='lat' dir='ltr'><strong>talem</strong></span> <span class='ocrx_word' id='word_1_756' title='bbox 342 5723 552 5794; x_wconf 85' lang='lat' dir='ltr'><strong>putatis</strong></span> <span class='ocrx_word' id='word_1_757' title='bbox 586 5721 769 5794; x_wconf 88' lang='lat' dir='ltr'><strong>magni</strong></span> <span class='ocrx_word' id='word_1_758' title='bbox 818 5721 1031 5797; x_wconf 26' lang='lat' dir='ltr'><strong>aliquid.</strong></span> <span class='ocrx_word' id='word_1_759' title='bbox 1077 5720 1304 5788; x_wconf 81' lang='lat' dir='ltr'><strong>habere,</strong></span> <span class='ocrx_word' id='word_1_760' title='bbox 1356 5736 1465 5792; x_wconf 90' lang='lat' dir='ltr'><strong>quo</strong></span> <span class='ocrx_word' id='word_1_761' title='bbox 1497 5725 1706 5781; x_wconf 71' lang='lat' dir='ltr'><strong>cwlesti</strong></span> 
     </span>
    </p>
   </div>
   <div class='ocr_carea' id='block_1_107' title="bbox 1808 4532 3001 4594">
    <p class='ocr_par' dir='ltr' id='par_1_107' title="bbox 1808 4532 3001 4594">
     <span class='ocr_line' id='line_1_107' title="bbox 1808 4532 3001 4594; baseline -0.008 -1"><span class='ocrx_word' id='word_1_762' title='bbox 1808 4538 1879 4594; x_wconf 85' lang='lat' dir='ltr'><strong>tis</strong></span> <span class='ocrx_word' id='word_1_763' title='bbox 1909 4538 2026 4592; x_wconf 89' lang='lat' dir='ltr'><strong>suis</strong></span> <span class='ocrx_word' id='word_1_764' title='bbox 2054 4536 2331 4591; x_wconf 89' lang='lat' dir='ltr'><strong>occultare</strong></span> <span class='ocrx_word' id='word_1_765' title='bbox 2354 4534 2640 4590; x_wconf 86' lang='lat' dir='ltr'><strong>veritatem</strong></span> <span class='ocrx_word' id='word_1_766' title='bbox 2686 4532 3001 4588; x_wconf 85' lang='lat' dir='ltr'><strong>studebant.</strong></span> 
     </span>
    </p>
   </div>
   <div class='ocr_carea' id='block_1_108' title="bbox 1883 4621 3377 4693">
    <p class='ocr_par' dir='ltr' id='par_1_108' title="bbox 1883 4621 3377 4693">
     <span class='ocr_line' id='line_1_108' title="bbox 1883 4621 3377 4693; baseline -0.002 -14"><span class='ocrx_word' id='word_1_767' title='bbox 1883 4625 1994 4681; x_wconf 79' lang='lat' dir='ltr'><strong>Vll.</strong></span> <span class='ocrx_word' id='word_1_768' title='bbox 2036 4625 2308 4681; x_wconf 82' lang='lat' dir='ltr'><strong>Vicesima</strong></span> <span class='ocrx_word' id='word_1_769' title='bbox 2341 4624 2514 4693; x_wconf 89' lang='lat' dir='ltr'><strong>prima</strong></span> <span class='ocrx_word' id='word_1_770' title='bbox 2545 4622 2793 4693; x_wconf 87' lang='lat' dir='ltr'><strong>ejusdem</strong></span> <span class='ocrx_word' id='word_1_771' title='bbox 2828 4623 3033 4678; x_wconf 86' lang='lat' dir='ltr'><strong>mensis</strong></span> <span class='ocrx_word' id='word_1_772' title='bbox 3064 4621 3155 4677; x_wconf 90' lang='lat' dir='ltr'><strong>die</strong></span> <span class='ocrx_word' id='word_1_773' title='bbox 3182 4637 3377 4676; x_wconf 84' lang='lat' dir='ltr'><strong>rursus</strong></span> 
     </span>
    </p>
   </div>
   <div class='ocr_carea' id='block_1_109' title="bbox 1807 4708 3374 4789">
    <p class='ocr_par' dir='ltr' id='par_1_109' title="bbox 1807 4708 3374 4789">
     <span class='ocr_line' id='line_1_109' title="bbox 1807 4708 3374 4789; baseline -0.004 -17"><span class='ocrx_word' id='word_1_774' title='bbox 1807 4708 2155 4789; x_wconf 75' lang='lat' dir='ltr'><strong>producitur,</strong></span> <span class='ocrx_word' id='word_1_775' title='bbox 2174 4714 2591 4785; x_wconf 89' lang='lat' dir='ltr'><strong>denudatusque</strong></span> <span class='ocrx_word' id='word_1_776' title='bbox 2612 4713 2807 4769; x_wconf 86' lang='lat' dir='ltr'><strong>ferreis</strong></span> <span class='ocrx_word' id='word_1_777' title='bbox 2825 4714 3100 4784; x_wconf 87' lang='lat' dir='ltr'><strong>unguibus</strong></span> <span class='ocrx_word' id='word_1_778' title='bbox 3124 4722 3338 4783; x_wconf 81' lang='lat' dir='ltr'><strong>tergora</strong></span> <span class='ocrx_word' id='word_1_779' title='bbox 3356 4749 3374 4772; x_wconf 88' lang='lat'><strong><em>.</em></strong></span> 
     </span>
    </p>
   </div>
   <div class='ocr_carea' id='block_1_110' title="bbox 1808 4803 3375 4879">
    <p class='ocr_par' dir='ltr' id='par_1_110' title="bbox 1808 4803 3375 4879">
     <span class='ocr_line' id='line_1_110' title="bbox 1808 4803 3375 4879; baseline -0.005 -18"><span class='ocrx_word' id='word_1_780' title='bbox 1808 4824 1932 4879; x_wconf 73' lang='lat' dir='ltr'><strong>qua:</strong></span> <span class='ocrx_word' id='word_1_781' title='bbox 1951 4807 2128 4878; x_wconf 87' lang='lat' dir='ltr'><strong>pridie</strong></span> <span class='ocrx_word' id='word_1_782' title='bbox 2162 4806 2283 4878; x_wconf 89' lang='lat' dir='ltr'><strong>ejus</strong></span> <span class='ocrx_word' id='word_1_783' title='bbox 2304 4805 2412 4861; x_wconf 90' lang='lat' dir='ltr'><strong>diei</strong></span> <span class='ocrx_word' id='word_1_784' title='bbox 2432 4805 2651 4859; x_wconf 91' lang='lat' dir='ltr'><strong>fuerant</strong></span> <span class='ocrx_word' id='word_1_785' title='bbox 2672 4803 2965 4874; x_wconf 76' lang='lat' dir='ltr'><strong>ﬂagellata,</strong></span> <span class='ocrx_word' id='word_1_786' title='bbox 2986 4806 3375 4868; x_wconf 88' lang='lat' dir='ltr'><strong>dilacerantur,</strong></span> 
     </span>
    </p>
   </div>
   <div class='ocr_carea' id='block_1_111' title="bbox 1808 4892 3377 4971">
    <p class='ocr_par' dir='ltr' id='par_1_111' title="bbox 1808 4892 3377 4971">
     <span class='ocr_line' id='line_1_111' title="bbox 1808 4892 3377 4971; baseline -0.008 -15"><span class='ocrx_word' id='word_1_787' title='bbox 1808 4917 1912 4956; x_wconf 87' lang='lat' dir='ltr'><strong>nec</strong></span> <span class='ocrx_word' id='word_1_788' title='bbox 1940 4900 2242 4971; x_wconf 90' lang='lat' dir='ltr'><strong>quidquam</strong></span> <span class='ocrx_word' id='word_1_789' title='bbox 2284 4896 2432 4952; x_wconf 89' lang='lat' dir='ltr'><strong>aliud</strong></span> <span class='ocrx_word' id='word_1_790' title='bbox 2493 4895 2623 4950; x_wconf 89' lang='lat' dir='ltr'><strong>fecit</strong></span> <span class='ocrx_word' id='word_1_791' title='bbox 2656 4895 2907 4965; x_wconf 79' lang='lat' dir='ltr'><strong>dixitque</strong></span> <span class='ocrx_word' id='word_1_792' title='bbox 2960 4894 3117 4948; x_wconf 83' lang='lat' dir='ltr'><strong>miles</strong></span> <span class='ocrx_word' id='word_1_793' title='bbox 3149 4892 3377 4956; x_wconf 86' lang='lat' dir='ltr'><strong>Christi,</strong></span> 
     </span>
    </p>
   </div>
   <div class='ocr_carea' id='block_1_112' title="bbox 1808 4986 3378 5064">
    <p class='ocr_par' dir='ltr' id='par_1_112' title="bbox 1808 4986 3378 5064">
     <span class='ocr_line' id='line_1_112' title="bbox 1808 4986 3378 5064; baseline -0.006 -18"><span class='ocrx_word' id='word_1_794' title='bbox 1808 5007 2124 5064; x_wconf 88' lang='lat' dir='ltr'><strong>quanquam</strong></span> <span class='ocrx_word' id='word_1_795' title='bbox 2149 4991 2300 5060; x_wconf 89' lang='lat' dir='ltr'><strong>prius</strong></span> <span class='ocrx_word' id='word_1_796' title='bbox 2321 4987 2657 5044; x_wconf 88' lang='lat' dir='ltr'><strong>contremuit</strong></span> <span class='ocrx_word' id='word_1_797' title='bbox 2678 4986 2734 5041; x_wconf 92' lang='lat' dir='ltr'><strong>in</strong></span> <span class='ocrx_word' id='word_1_798' title='bbox 2761 4986 3052 5057; x_wconf 89' lang='lat' dir='ltr'><strong>principio,</strong></span> <span class='ocrx_word' id='word_1_799' title='bbox 3075 5000 3378 5052; x_wconf 84' lang='lat' dir='ltr'><strong>manusque</strong></span> 
     </span>
    </p>
   </div>
   <div class='ocr_carea' id='block_1_113' title="bbox 1807 5076 3379 5147">
    <p class='ocr_par' dir='ltr' id='par_1_113' title="bbox 1807 5076 3379 5147">
     <span class='ocr_line' id='line_1_113' title="bbox 1807 5076 3379 5147; baseline -0.007 -8"><span class='ocrx_word' id='word_1_800' title='bbox 1807 5084 1876 5139; x_wconf 87' lang='lat' dir='ltr'><strong>ad</strong></span> <span class='ocrx_word' id='word_1_801' title='bbox 1905 5099 1965 5138; x_wconf 90' lang='lat' dir='ltr'><strong>se</strong></span> <span class='ocrx_word' id='word_1_802' title='bbox 2008 5081 2258 5144; x_wconf 80' lang='lat' dir='ltr'><strong>adduxit,</strong></span> <span class='ocrx_word' id='word_1_803' title='bbox 2288 5079 2491 5147; x_wconf 89' lang='lat' dir='ltr'><strong>digitos</strong></span> <span class='ocrx_word' id='word_1_804' title='bbox 2525 5078 2578 5131; x_wconf 91' lang='lat' dir='ltr'><strong>in</strong></span> <span class='ocrx_word' id='word_1_805' title='bbox 2616 5092 2831 5147; x_wconf 86' lang='lat' dir='ltr'><strong>pugnos</strong></span> <span class='ocrx_word' id='word_1_806' title='bbox 2878 5076 3176 5139; x_wconf 78' lang='lat' dir='ltr'><strong>contraxit,</strong></span> <span class='ocrx_word' id='word_1_807' title='bbox 3214 5077 3379 5144; x_wconf 85' lang='lat' dir='ltr'><strong>pedes</strong></span> 
     </span>
    </p>
   </div>
   <div class='ocr_carea' id='block_1_114' title="bbox 1810 5169 3378 5241">
    <p class='ocr_par' dir='ltr' id='par_1_114' title="bbox 1810 5169 3378 5241">
     <span class='ocr_line' id='line_1_114' title="bbox 1810 5169 3378 5241; baseline -0.007 -11"><span class='ocrx_word' id='word_1_808' title='bbox 1810 5176 1866 5230; x_wconf 90' lang='lat' dir='ltr'><strong>in</strong></span> <span class='ocrx_word' id='word_1_809' title='bbox 1920 5174 2114 5229; x_wconf 84' lang='lat' dir='ltr'><strong>iisdem</strong></span> <span class='ocrx_word' id='word_1_810' title='bbox 2147 5171 2396 5241; x_wconf 78' lang='lat' dir='ltr'><strong>vestigiis</strong></span> <span class='ocrx_word' id='word_1_811' title='bbox 2429 5171 2627 5233; x_wconf 89' lang='lat' dir='ltr'><strong>tenuit,</strong></span> <span class='ocrx_word' id='word_1_812' title='bbox 2677 5184 2981 5238; x_wconf 82' lang='lat' dir='ltr'><strong>magnaque</strong></span> <span class='ocrx_word' id='word_1_813' title='bbox 3018 5181 3149 5223; x_wconf 90' lang='lat' dir='ltr'><strong>voce</strong></span> <span class='ocrx_word' id='word_1_814' title='bbox 3180 5169 3378 5222; x_wconf 86' lang='lat' dir='ltr'><strong>clama-</strong></span> 
     </span>
    </p>
   </div>
   <div class='ocr_carea' id='block_1_115' title="bbox 1809 5250 3379 5333">
    <p class='ocr_par' dir='ltr' id='par_1_115' title="bbox 1809 5250 3379 5333">
     <span class='ocr_line' id='line_1_115' title="bbox 1809 5250 3379 5333; baseline -0.006 -11"><span class='ocrx_word' id='word_1_815' title='bbox 1809 5267 1928 5322; x_wconf 80' lang='lat' dir='ltr'><strong>vit:</strong></span> <span class='ocrx_word' id='word_1_816' title='bbox 1965 5263 2127 5332; x_wconf 76' lang='lat' dir='ltr'><strong>Virgo</strong></span> <span class='ocrx_word' id='word_1_817' title='bbox 2155 5258 2339 5325; x_wconf 73' lang='lat' dir='ltr'><strong>Maria,</strong></span> <span class='ocrx_word' id='word_1_818' title='bbox 2362 5262 2492 5333; x_wconf 87' lang='lat' dir='ltr'><strong>jnva</strong></span> <span class='ocrx_word' id='word_1_819' title='bbox 2523 5275 2631 5315; x_wconf 88' lang='lat' dir='ltr'><strong>tne.</strong></span> <span class='ocrx_word' id='word_1_820' title='bbox 2666 5259 2755 5315; x_wconf 90' lang='lat' dir='ltr'><strong>Sic</strong></span> <span class='ocrx_word' id='word_1_821' title='bbox 2778 5259 3180 5329; x_wconf 82' lang='lat' dir='ltr'><strong>Trapezuntius</strong></span> <span class='ocrx_word' id='word_1_822' title='bbox 3212 5250 3379 5314; x_wconf 86' lang='lat' dir='ltr'><strong>etiam</strong></span> 
     </span>
    </p>
   </div>
   <div class='ocr_carea' id='block_1_116' title="bbox 1809 5351 3378 5427">
    <p class='ocr_par' dir='ltr' id='par_1_116' title="bbox 1809 5351 3378 5427">
     <span class='ocr_line' id='line_1_116' title="bbox 1809 5351 3378 5427; baseline -0.006 -12"><span class='ocrx_word' id='word_1_823' title='bbox 1809 5359 2023 5424; x_wconf 84' lang='lat' dir='ltr'><strong>eadem,</strong></span> <span class='ocrx_word' id='word_1_824' title='bbox 2062 5371 2184 5427; x_wconf 66' lang='lat' dir='ltr'><strong>quae</strong></span> <span class='ocrx_word' id='word_1_825' title='bbox 2220 5355 2399 5425; x_wconf 91' lang='lat' dir='ltr'><strong>pridie</strong></span> <span class='ocrx_word' id='word_1_826' title='bbox 2430 5352 2842 5409; x_wconf 82' lang='lat' dir='ltr'><strong>vociferabatur</strong></span> <span class='ocrx_word' id='word_1_827' title='bbox 2873 5391 2888 5418; x_wconf 91' lang='lat'><strong>,</strong></span> <span class='ocrx_word' id='word_1_828' title='bbox 2918 5367 2949 5407; x_wconf 86' lang='lat' dir='ltr'><strong>e</strong></span> <span class='ocrx_word' id='word_1_829' title='bbox 3003 5354 3142 5407; x_wconf 89' lang='lat' dir='ltr'><strong>turri</strong></span> <span class='ocrx_word' id='word_1_830' title='bbox 3176 5351 3378 5405; x_wconf 90' lang='lat' dir='ltr'><strong>iterum</strong></span> 
     </span>
    </p>
   </div>
   <div class='ocr_carea' id='block_1_117' title="bbox 1810 5446 3380 5520">
    <p class='ocr_par' dir='ltr' id='par_1_117' title="bbox 1810 5446 3380 5520">
     <span class='ocr_line' id='line_1_117' title="bbox 1810 5446 3380 5520; baseline -0.002 -16"><span class='ocrx_word' id='word_1_831' title='bbox 1810 5459 1975 5520; x_wconf 87' lang='lat' dir='ltr'><strong>atque</strong></span> <span class='ocrx_word' id='word_1_832' title='bbox 1997 5451 2194 5503; x_wconf 89' lang='lat' dir='ltr'><strong>iterum</strong></span> <span class='ocrx_word' id='word_1_833' title='bbox 2226 5447 2528 5512; x_wconf 83' lang='lat' dir='ltr'><strong>repetebat.</strong></span> <span class='ocrx_word' id='word_1_834' title='bbox 2553 5446 2893 5501; x_wconf 55' lang='lat' dir='ltr'><strong>A‘dveniente</strong></span> <span class='ocrx_word' id='word_1_835' title='bbox 2923 5457 3103 5513; x_wconf 88' lang='lat' dir='ltr'><strong>nocte,</strong></span> <span class='ocrx_word' id='word_1_836' title='bbox 3131 5464 3380 5514; x_wconf 77' lang='lat' dir='ltr'><strong>unguen-</strong></span> 
     </span>
    </p>
   </div>
   <div class='ocr_carea' id='block_1_118' title="bbox 1815 5538 3379 5609">
    <p class='ocr_par' dir='ltr' id='par_1_118' title="bbox 1815 5538 3379 5609">
     <span class='ocr_line' id='line_1_118' title="bbox 1815 5538 3379 5609; baseline -0.003 -12"><span class='ocrx_word' id='word_1_837' title='bbox 1815 5544 1884 5597; x_wconf 89' lang='lat' dir='ltr'><strong>tis</strong></span> <span class='ocrx_word' id='word_1_838' title='bbox 1917 5542 2172 5607; x_wconf 84' lang='lat' dir='ltr'><strong>illinitur,</strong></span> <span class='ocrx_word' id='word_1_839' title='bbox 2206 5539 2459 5594; x_wconf 89' lang='lat' dir='ltr'><strong>similiter</strong></span> <span class='ocrx_word' id='word_1_840' title='bbox 2481 5547 2537 5593; x_wconf 90' lang='lat' dir='ltr'><strong>et</strong></span> <span class='ocrx_word' id='word_1_841' title='bbox 2566 5538 2980 5593; x_wconf 81' lang='lat' dir='ltr'><strong>medicamentis</strong></span> <span class='ocrx_word' id='word_1_842' title='bbox 3003 5548 3169 5609; x_wconf 89' lang='lat' dir='ltr'><strong>atque</strong></span> <span class='ocrx_word' id='word_1_843' title='bbox 3194 5539 3379 5608; x_wconf 89' lang='lat' dir='ltr'><strong>aquis,</strong></span> 
     </span>
    </p>
   </div>
   <div class='ocr_carea' id='block_1_119' title="bbox 1814 5630 3375 5715">
    <p class='ocr_par' dir='ltr' id='par_1_119' title="bbox 1814 5630 3375 5715">
     <span class='ocr_line' id='line_1_119' title="bbox 1814 5630 3375 5715; baseline -0.006 -23"><span class='ocrx_word' id='word_1_844' title='bbox 1814 5637 1867 5692; x_wconf 89' lang='lat' dir='ltr'><strong>itt</strong></span> <span class='ocrx_word' id='word_1_845' title='bbox 1904 5634 2106 5705; x_wconf 87' lang='lat' dir='ltr'><strong>quibus</strong></span> <span class='ocrx_word' id='word_1_846' title='bbox 2137 5649 2331 5715; x_wconf 71' lang='lat' dir='ltr'><strong>magna</strong></span> <span class='ocrx_word' id='word_1_847' title='bbox 2363 5633 2538 5686; x_wconf 86' lang='lat' dir='ltr'><strong>virtus</strong></span> <span class='ocrx_word' id='word_1_848' title='bbox 2562 5633 2680 5686; x_wconf 91' lang='lat' dir='ltr'><strong>auri</strong></span> <span class='ocrx_word' id='word_1_849' title='bbox 2717 5630 2897 5686; x_wconf 89' lang='lat' dir='ltr'><strong>fuerat</strong></span> <span class='ocrx_word' id='word_1_850' title='bbox 2923 5630 3129 5693; x_wconf 81' lang='lat' dir='ltr'><strong>infusa,</strong></span> <span class='ocrx_word' id='word_1_851' title='bbox 3157 5638 3375 5685; x_wconf 82' lang='lat' dir='ltr'><strong>susten-</strong></span> 
     </span>
    </p>
   </div>
   <div class='ocr_carea' id='block_1_120' title="bbox 1815 5721 3380 5799">
    <p class='ocr_par' dir='ltr' id='par_1_120' title="bbox 1815 5721 3380 5799">
     <span class='ocr_line' id='line_1_120' title="bbox 1815 5721 3380 5799; baseline -0.003 -15"><span class='ocrx_word' id='word_1_852' title='bbox 1815 5739 1984 5795; x_wconf 91' lang='lat' dir='ltr'><strong>tatur,</strong></span> <span class='ocrx_word' id='word_1_853' title='bbox 2010 5728 2164 5799; x_wconf 85' lang='lat' dir='ltr'><strong>quasi</strong></span> <span class='ocrx_word' id='word_1_854' title='bbox 2199 5725 2422 5784; x_wconf 78' lang='lat' dir='ltr'><strong>charum</strong></span> <span class='ocrx_word' id='word_1_855' title='bbox 2457 5725 2635 5782; x_wconf 85' lang='lat' dir='ltr'><strong>crucis</strong></span> <span class='ocrx_word' id='word_1_856' title='bbox 2662 5724 2851 5781; x_wconf 87' lang='lat' dir='ltr'><strong>hostes</strong></span> <span class='ocrx_word' id='word_1_857' title='bbox 2872 5723 3103 5780; x_wconf 85' lang='lat' dir='ltr'><strong>salutem</strong></span> <span class='ocrx_word' id='word_1_858' title='bbox 3128 5723 3249 5796; x_wconf 87' lang='lat' dir='ltr'><strong>ejus</strong></span> <span class='ocrx_word' id='word_1_859' title='bbox 3286 5721 3380 5778; x_wconf 81' lang='lat' dir='ltr'><strong>ha-</strong></span> 
     </span>
    </p>
   </div>
  </div>
