3902 6208
473 289 582 358 887

472 507 684 561 cantes,
716 495 961 570 Spiritus
986 494 1164 549 sancti
1190 493 1422 562 gratiam
1447 493 1503 547 in
1535 491 1876 548 medicorum
1910 489 2052 559 peri-

475 591 634 651 tiam.
668 583 993 662 cibique‘ac
1037 595 1201 654 potus
1227 585 1680 640 commoditatem
1710 583 2052 639 derivantes.

475 665 836 737 lllucescente
887 693 1128 748 namque
1170 676 1300 742 die,
1342 692 1514 732 sanus
1552 677 1784 731 omnino
1849 684 2056 745 martyr

476 774 681 831 Christi
714 772 1012 843 apparuit,
1055 789 1176 841 quin
1214 787 1303 825 res
1339 772 1756 826 medicamentis
1799 770 1916 824 ﬁeri
1948 785 2058 824 non

478 877 662 939 potest
694 886 705 921 :
740 883 863 937 quae
893 881 1016 921 cum
1055 865 1384 921 naturaliter
1409 873 1672 934 agerent,
1698 863 1947 934 longiore
1978 863 2062 917 in-

478 961 670 1030 digent
717 972 967 1029 tempore
995 999 1009 1020 ,
1063 958 1624 1028 frequentationeque
1669 957 2059 1019 conveniente,

482 1070 551 1108 nc
584 1053 795 1124 digesta
824 1053 876 1105 in
912 1051 1144 1105 dubium
1177 1050 1387 1118 aliquid
1427 1048 1716 1103 conferant
1757 1062 1772 1100 :
1805 1047 1952 1116 quod
1985 1057 2065 1100 ta-

484 1159 608 1199 men
673 1145 899 1198 minime
936 1142 1120 1197 facere
1151 1151 1406 1210 possunt,
1453 1141 1498 1196 si
1540 1141 1727 1195 denuo
1757 1154 1960 1208 corpus
2001 1155 2066 1193 ac

484 1237 692 1305 saepius
732 1233 1068 1299 exagitetur,
1095 1234 1213 1287 sive
1252 1231 1419 1286 etiam
1463 1231 1714 1286 atrocius
1757 1230 2062 1286 crucietur.

485 1326 617 1394 Quae
646 1327 822 1381 virtus
856 1341 1018 1396 opem
1059 1325 1263 1380 all‘erre
1314 1331 1495 1394 potest
1545 1331 1743 1392 praeter
1790 1321 2067 1378 divinam?

484 1416 743 1472 Profecto
769 1417 941 1471 nulla.

561 1509 698 1562 \‘lll.
744 1508 1012 1563 Vicesima
1060 1505 1306 1562 secunda
1366 1505 1615 1578 ejusdem
1676 1505 1890 1561 mensis
1954 1505 2070 1570 die,

487 1601 822 1673 producitur
861 1601 1121 1657 similiter
1164 1609 1285 1670 post
1321 1599 1608 1655 meridiem
1633 1641 1650 1664 ,
1684 1615 1750 1654 ae
1789 1615 1989 1654 manus
2013 1610 2072 1654 et

491 1694 663 1765 pedes
696 1695 777 1749 sic
811 1702 1168 1760 torquentur,
1211 1701 1272 1746 ut
1305 1708 1374 1747 ne
1399 1691 1700 1762 digitorum
1729 1693 1951 1761 quidem
1981 1708 2072 1746 ar-

1671 277 1995 342 GEORGII
2039 281 2188 341 TRA
2203 281 2562 344 PEZUNTll

473 409 694 471 herent,
729 416 981 473 magnam
1017 399 1086 455 iis
1116 400 1284 456 rebus
1315 399 1496 454 inesse
1543 396 1809 454 virtutem
1860 398 2056 468 praedi-
2081 397 2135 459 Α

2231 398 2324 454 ΙΧ.
2369 399 2648 457 Vicesima
2685 413 2828 455 noua
2875 397 3124 470 ejusdem
3182 397 3391 454 mensis
3422 397 3522 452 die
3555 439 3574 462 ,
3617 413 3754 454 anno

2161 493 2344 562 primo
2377 491 2742 562 pontiﬁcatus
2765 507 2918 563 papte
2953 492 3107 547 Pauli
3137 492 3369 546 secundi
3396 490 3613 546 ultimo
3638 507 3747 562 pro-

2160 585 2392 640 ducitur
2427 584 2679 640 Andreas
2711 585 2782 640 de
2832 583 3004 651 Chio,
3039 597 3249 656 martyr
3297 582 3516 640 Christi
3573 586 3747 653 praci-

2160 693 2326 749 puus,
2355 679 2409 732 in
2436 677 2621 732 locum
2647 675 2873 730 solitum
2900 675 2966 730 ad
2989 675 3313 730 orientalem
3338 675 3500 730 urbis
3523 685 3748 744 parum,

2167 786 2344 841 prope
2369 786 2542 835 mare,
2569 785 2762 833 sanus,
2792 784 2976 831 vivax,
2996 769 3150 823 vultu
3179 768 3328 831 lmto,
3353 768 3576 823 decora
3604 768 3744 823 facie.

2163 863 2588 926 Mahumetistte,
2613 861 2698 916 his
2715 862 2882 917 rebus
2906 861 3064 925 moti,
3088 859 3637 937 medicamentorum
3657 861 3752 913 vir-

2168 965 2284 1010 tute
2344 956 2425 1010 sic
2484 955 2691 1009 factum
2753 952 3120 1016 asserebant,
3182 962 3237 1006 et
3288 951 3747 1021 ingratitudinen

2168 1049 2317 1104 illius
2347 1059 2676 1102 accusantes
2709 1067 2722 1100 :
2751 1046 2873 1100 Non
2904 1045 3075 1108 vides,
3114 1044 3463 1108 clamabant,
3504 1045 3754 1097 Λικιτωῖ

2169 1139 2302 1194 Tum
2333 1139 2461 1193 vitae
2496 1155 2630 1192 cura
2683 1138 2845 1193 nobis
2898 1137 3088 1192 habita
3131 1145 3251 1196 est;
3287 1147 3490 1190 nostro
3554 1138 3758 1199 studio,

2171 1235 2283 1289 imo
2318 1232 2463 1302 regis
2494 1233 2708 1301 ipsius,
2743 1231 3038 1287 incolumis
3067 1246 3148 1293 es,
3181 1239 3240 1286 et
3273 1229 3493 1283 virtute
3527 1229 3762 1282 medica-

2172 1338 2513 1392 mentorum,
2547 1337 2603 1382 et
2647 1324 2951 1380 lllahumeti
3000 1324 3194 1395 gratia,
3226 1323 3321 1392 qui
3357 1331 3416 1378 te
3455 1322 3585 1375 vult
3635 1321 3756 1375 deii-

2173 1429 2421 1475 rameuta
2452 1419 2902 1475 Christianorum
2933 1417 3002 1472 de
3034 1431 3200 1471 cruce
3233 1430 3300 1470 ac
3331 1414 3613 1484 passione
3648 1413 3750 1468 ias:

2175 1510 2504 1579 despicere:
2536 1525 2659 1580 quae
2705 1508 2973 1564 beneﬁcia
3027 1507 3286 1577 quoniam
3344 1505 3619 1576 ingratus
3669 1521 3751 1557 ne:

2176 1603 2371 1666 sentis,
2423 1613 2601 1657 morte
2633 1601 2910 1656 morieris.
2947 1598 3065 1654 Non
3117 1609 3200 1654 cst
3232 1613 3428 1662 mors,
3483 1598 3575 1652 sic
3611 1613 3751 1654 mors.

2177 1697 2278 1754 ait.
2314 1695 2409 1748 sed
2443 1695 2573 1749 vita.
2606 1694 2790 1760 Quare
2831 1693 3000 1748 nolite
3035 1700 3228 1761 putare
3253 1729 3270 1754 ,
3307 1706 3397 1746 me
3447 1690 3648 1745 verbis
3685 1705 3754 1742 re-

494 1788 676 1852 ticuli,
719 1802 824 1842 nec
865 1786 1111 1852 cubitus,
1143 1800 1244 1840 nec
1283 1802 1463 1858 genua
1494 1785 1551 1840 in
1585 1786 1723 1842 locis
1755 1786 1868 1840 suis
1899 1801 2075 1840 rema-
2111 1767 2152 1820 Β
2180 1785 2311 1844 stris
2349 1785 2547 1840 terreri
2585 1799 2749 1854 posse
2784 1799 2925 1838 :nec
2971 1781 3371 1837 medicamenta
3416 1781 3754 1849 proluerunt,

427 1875 431 1879 ’
493 1887 696 1936 nerent
721 1919 734 1945 ,
777 1878 873 1934 sed
913 1878 1052 1932 locis
1094 1878 1212 1932 suis
1249 1877 1437 1932 omnia
1475 1877 1748 1932 salirent:
1777 1877 1870 1947 qui
1918 1877 2077 1932 dolor

498 1971 768 2024 maximus
795 1971 1044 2023 omnium
1072 1979 1177 2024 cst.
1206 1967 1416 2024 C:eter"a
1444 1969 1702 2024 similiter
1727 1979 1876 2039 gesta
1903 1970 2080 2024 dicta-

497 2075 606 2131 que
632 2101 647 2124 .
681 2076 790 2116 non
831 2062 901 2115 ab
933 2061 1056 2130 ipso
1087 2060 1264 2115 solum
1294 2101 1310 2127 ,
1351 2061 1444 2131 qui
1484 2070 1665 2116 tant-en
1716 2061 1856 2117 nihil
1902 2062 2082 2128 aliud,

498 2152 605 2209 nisi
641 2153 848 2224 :\’irgo
878 2153 1072 2220 Maria,
1097 2155 1228 2222 juva
1261 2170 1375 2218 me,
1407 2155 1464 2210 in
1495 2140 1771 2225 principio
1803 2156 2074 2222 dolorum,

499 2245 668 2315 idque
705 2248 876 2301 semel
913 2246 1225 2313 clamabat;
1259 2262 1452 2302 verum
1501 2249 1668 2302 etiam
1700 2264 1730 2302 a
1761 2249 2078 2318 Trapezun-

498 2341 578 2394 tio
611 2339 740 2405 illo,
779 2339 874 2408 qui
907 2339 1233 2409 martyrium
1266 2340 1347 2394 sic
1393 2341 1729 2409 expetebat,
1781 2352 1839 2396 ut
1872 2343 2076 2406 multis,

497 2433 667 2487 etiam
703 2430 1135 2495 Mallumetistis,
1163 2431 1526 2486 audientibus
1552 2433 1754 2501 saepius
1781 2444 2078 2502 repeteret,

499 2540 626 2596 qua:
652 2523 800 2591 dicta
830 2523 1088 2592 superius
1136 2533 1288 2578 sunt.
1322 2523 1659 2578 Medicorum
1685 2540 1916 2595 quoque
1951 2527 2077 2580 dili-

501 2615 689 2684 gentia
717 2613 976 2669 similiter
1003 2653 1018 2681 ,
1066 2613 1178 2668 imo
1215 2613 1381 2668 etiam
1425 2615 1600 2682 major
1641 2613 1812 2670 fuisse
1853 2615 2079 2672 dicitur.

507 2708 776 2764 Vicesima
809 2707 972 2763 tertia
1006 2706 1094 2762 die
1121 2705 1416 2761 incolumis
1450 2714 1727 2776 sanusque
1755 2721 1864 2761 non
1907 2708 2082 2762 medi~

501 2816 694 2857 eorum
735 2813 890 2866 arte,
927 2801 1024 2858 sed
1065 2803 1216 2857 illius
1244 2802 1404 2872 primi
1453 2804 1734 2874 martyris,
1775 2814 1832 2860 et
1863 2806 2078 2861 Domini

501 2897 751 2950 omnium
781 2895 914 2951 Jesu
947 2894 1156 2951 Christi
1191 2896 1496 2966 productus
1525 2897 1796 2960 Andreas,
1817 2913 1965 2953 novo
1992 2915 2084 2968 ge-

504 2989 954 3045 nere.cruciatus
1009 2998 1240 3044 vexatur
1287 3005 1302 3043 :
1354 2988 1618 3045 humeros
1672 2990 1935 3046 carnibus
1983 3006 2082 3060 per

2180 1880 2385 1950 quippe
2425 1894 2548 1946 quae
2595 1878 2678 1933 vel
2727 1877 2783 1932 in
2823 1876 3070 1932 minimis
3117 1873 3454 1929 vulneribus
3507 1873 3608 1926 vix
3662 1885 3755 1941 post

2183 1975 2383 2025 multos
2415 1971 2534 2026 dies
2556 1969 2763 2040 aliquid
2791 1968 2992 2023 afferre
3027 1976 3280 2038 possunt.
3305 1966 3392 2020 Me
3417 1976 3622 2019 autem
3646 1982 3756 2020 errr

2183 2062 2400 2117 Domini
2458 2060 2632 2115 nostri
2681 2060 2812 2115 Jesu
2847 2057 3105 2123 Christi,
3157 2055 3435 2126 et.Virgo
3491 2056 3667 2110 Maria
3702 2058 3757 2108 ad

2183 2156 2331 2210 hunc
2359 2154 2505 2208 diem
2529 2151 2882 2208 conservavit
2906 2159 3076 2220 atque
3105 2147 3442 2204 reservavit.
3476 2147 3588 2202 llic
3617 2149 3757 2202 dictis

2183 2245 2366 2302 securi
2419 2251 2586 2313 caput
2644 2241 2982 2312 supposuit,
3036 2249 3093 2294 et
3148 2241 3216 2294 ad
3277 2238 3542 2294 cmlestia
3616 2254 3754 2305 regna

2184 2339 2446 2394 evolavit.

2260 2432 2330 2487 Χ.
2374 2432 2532 2486 Tunc
2572 2431 2766 2485 mortis
2802 2430 2922 2500 ejus
2962 2427 3222 2491 ministri,
3264 2437 3327 2481 ut
3362 2427 3543 2496 judex
3592 2427 3756 2496 inse-

2155 2512 2158 2516 Α
2185 2533 2291 2588 rat,
2325 2533 2489 2594 caput
2519 2533 2575 2579 et
2613 2533 2871 2576 truncum
2904 2535 3110 2589 corpus
3149 2520 3372 2574 trahere
3400 2519 3680 2575 velociter
3701 2518 3757 2570 ad

2186 2633 2340 2673 mare
2366 2624 2660 2673 conantur.
2693 2615 3014 2668 Exclamant
3037 2613 3360 2672 Christiani,
3386 2613 3490 2682 qui
3515 2613 3756 2681 laeryneis

2185 2711 2378 2766 eﬁusis
2409 2708 2868 2771 circumstabant,
2897 2721 3134 2776 quorum
3179 2721 3376 2773 magna
3421 2714 3554 2759 erat
3593 2704 3758 2758 multi~

2187 2783 2321 2859 tudo
2349 2845 2362 2866 ,
2400 2789 2802 2872 sepeliendum.
2829 2815 2954 2856 esse
3009 2807 3315 2862 mortuum,
3363 2815 3480 2852 non
3537 2800 3596 2852 in
3634 2815 3758 2852 mare

2191 2897 2622 2968 projieienduru.
2681 2895 2795 2952 lllis
2866 2893 3304 2956 resistentibus,
3365 2893 3583 2962 regiam
3630 2894 3759 2945 aiant

2187 2991 2534 3060 majestatem
2589 3003 2713 3043 esse
2774 2986 3168 3042 consulendam
3200 3024 3214 3048 ,
3279 2985 3593 3053 sepelirine
3649 2986 3765 3060 velit.

503 3081 716 3151 gladios
765 3081 1068 3146 denudant,
1114 3081 1403 3136 studentes
1435 3097 1696 3150 semper,
1745 3097 1812 3136 ne
1846 3083 2082 3138 celerior
2107 3099 2153 3160 ρ
2187 3081 2366 3150 ipsum
2396 3082 2506 3151 jam
2541 3089 2846 3141 mortuum,
2878 3094 2949 3132 an
2987 3078 3041 3130 in
3076 3091 3225 3130 mare
3258 3076 3503 3145 projiei?
3541 3076 3662 3130 lloc
3680 3093 3760 3128 aa-

504 3188 655 3227 mors
705 3174 884 3243 ipsum
927 3173 1232 3228 invaderet.
1295 3172 1603 3242 Sperabam
1649 3174 1817 3237 enim,
1876 3176 1920 3229 si
1971 3191 2079 3229 non

504 3262 808 3317 acerbitate
847 3277 910 3318 ac
951 3264 1333 3334 magnitudine
1371 3265 1648 3329 dolorum,
1689 3271 1927 3319 attamen
1961 3265 2084 3320 diu-

507 3355 772 3410 turnitate
812 3370 872 3410 se
931 3355 1215 3420 victuros,
1257 3356 1356 3411 sed
1414 3355 1584 3415 derisi
1627 3356 1851 3411 tandem
1885 3356 2086 3426 jacue-

506 3456 657 3500 runt.
707 3439 992 3502 melinato
1031 3447 1122 3503 die
1165 3447 1454 3502 reducitur
1480 3487 1496 3512 ,
1575 3448 1742 3504 sicuti
1781 3451 2085 3519 superiori-

507 3541 614 3594 bus
659 3539 892 3602 diebus,
937 3539 1102 3595 dictis
1137 3538 1409 3610 factisque
1436 3580 1452 3606 ,
1495 3540 1913 3596 medicamentis
1949 3557 2087 3611 quo-

507 3645 618 3698 que
656 3643 766 3682 non
821 3629 985 3682 aliter
1039 3637 1204 3697 quam
1266 3631 1420 3699 prius
1475 3629 1762 3685 adhibitis.
1804 3631 1902 3686 Die
1943 3633 2087 3684 vice-

508 3723 650 3776 sima
684 3729 881 3791 quarta
920 3721 1168 3792 ejusdem
1221 3723 1428 3778 mensis
1456 3764 1470 3788 ,
1511 3724 1708 3778 eodem
1749 3724 1914 3778 modo
1954 3723 2091 3778 ﬁunt

510 3815 721 3879 omnia,
746 3814 1054 3884 eodemque
1084 3813 1140 3868 in
1172 3814 1316 3882 loco,
1343 3829 1456 3885 quo
1494 3815 1550 3870 in
1577 3815 1667 3872 die
1695 3817 1887 3872 clunes
1912 3815 2089 3871 carni-

513 3909 618 3962 bus
646 3907 932 3960 novaculis
962 3907 1298 3976 spoliantur,
1319 3922 1432 3963 non
1463 3910 1669 3974 subito,
1692 3909 1790 3964 sed
1817 3924 1940 3965 cum
1972 3926 2084 3965 rno-

519 4015 576 4051 ra
600 4039 612 4058 ,
653 4007 712 4051 ut
761 3997 970 4052 doloris
1004 4001 1277 4054 acerbitas
1323 4000 1496 4071 magis
1527 4001 1850 4057 sentiretur.
1882 4001 2091 4056 Caetera

515 4092 702 4145 omnia
750 4091 1008 4145 similiter
1053 4102 1195 4155 acta,
1244 4099 1304 4145 ut
1353 4093 1408 4145 in
1459 4092 1842 4162 superioribus
1875 4093 2090 4156 diebus,

517 4182 777 4251 dictaque
811 4182 1004 4235 eodem
1041 4183 1203 4234 modo
1247 4183 1414 4235 etiam
1466 4197 1496 4235 a
1549 4181 1920 4251 Trapezuntio
1953 4199 2096 4238 mar--

521 4283 636 4343 lyre
666 4273 852 4328 animo
895 4284 1062 4341 atque
1109 4273 1413 4339 voluntate,
1448 4274 1540 4342 qui
1590 4273 1697 4328 illis
1727 4273 1944 4343 diebus,
1971 4277 2095 4346 qui~

522 4367 626 4420 bus
664 4364 912 4420 Andreas
952 4365 1264 4434 patiebatur
1291 4407 1306 4429 ,
1350 4365 1608 4420 similiter
1647 4383 1678 4422 c
1721 4368 1861 4422 turri
1902 4369 2094 4424 clami-

524 4459 695 4514 tabat.
743 4458 850 4514 Die
885 4457 1145 4514 vicesima
1210 4459 1430 4528 quinta,
1491 4470 1674 4530 partes
1723 4462 1925 4532 pedum
1977 4479 2098 4534 quae
2133 4449 2173 4505 θ

524 4552 670 4605 inter
699 4565 877 4621 genua
911 4551 1216 4622 clunesque
1250 4561 1403 4619 sunt,
1437 4554 1699 4611 carnilms
1724 4557 1978 4611 similiter
2004 4557 2096 4612 de-

524 4645 851 4710 nudantur;
913 4653 1112 4699 caetera
1165 4645 1360 4700 eodem
1424 4648 1590 4702 modo
1642 4647 1788 4704 dicta
1834 4660 2099 4719 gestaque

522 4739 774 4792 fuerunt.
820 4737 1087 4791 Viresima
1123 4734 1291 4794 'scxta
1333 4739 1457 4803 die,
1498 4755 1642 4798 sura:
1667 4782 1681 4808 ,
1725 4741 1777 4796 id
1817 4752 1940 4808 est,
1977 4757 2100 4796 car-

505 4843 672 4884 nosae
726 4839 910 4899 partes
971 4828 1216 4898 pedum,
1275 4846 1399 4900 qua:
1459 4843 1590 4886 sunt
1650 4833 1793 4886 intra
1834 4849 2008 4903 genua
2050 4845 2104 4888 et

525 4921 764 4991 poplites
797 4961 813 4985 ,
854 4921 1119 4975 similiter
1156 4922 1422 4978 carnibus
1458 4923 1832 4980 denudantur.
1865 4923 2103 4979 Cretera-

525 5029 635 5084 que
666 5013 831 5078 facta,
863 5013 1034 5076 dicta,
1061 5027 1352 5083 procurata
1384 5015 1643 5070 similiter
1674 5016 1919 5072 fuerunt.
1951 5018 2107 5073 Vice-

527 5107 666 5162 sima
690 5109 924 5179 septima
955 5108 1067 5173 die,
1094 5109 1291 5176 femur,
1315 5121 1548 5180 quaeque
1575 5110 1722 5165 circa
1749 5110 1925 5180 ipsum
1951 5119 2101 5174 sunt,

528 5201 784 5272 corporis
813 5211 1002 5270 partes
1031 5200 1411 5256 cxcoriantur.
1454 5201 1723 5256 Vicesima
1761 5211 1955 5255 octava
1993 5201 2102 5268 die,

529 5303 705 5349 totum
733 5309 935 5364 corpus
961 5309 990 5348 a
1019 5295 1200 5365 capite
1220 5295 1286 5350 ad
1315 5295 1484 5365 pedes
1499 5295 1826 5351 verberibus
1850 5295 2105 5359 creditur,

529 5398 591 5442 ut
622 5389 908 5445 doloribus
930 5391 1232 5456 renovatis,
1271 5391 1492 5446 tandem
1528 5399 1864 5446 moveretur.
1894 5390 2104 5444 Maxilla

438 5530 444 5535 .
529 5496 751 5550 quoque
783 5496 892 5535 una
929 5497 1039 5536 uno
1076 5483 1186 5536 ictu
1238 5481 1516 5537 denudata
1548 5498 1714 5538 carne
1747 5481 1890 5546 fuit,
1940 5496 2104 5552 quam

530 5562 833 5627 Cliristiani
876 5573 1158 5642 rapientes
1203 5584 1537 5639 servarunt,
1571 5575 1788 5645 fuitque
1834 5575 1886 5628 in
1921 5590 2107 5629 mona-

533 5665 706 5718 sterio
751 5666 898 5720 beati
933 5667 1207 5724 Francisci
1247 5669 1506 5724 inusitato
1540 5670 1786 5740 fragrans
1819 5668 1987 5722 odore
2025 5678 2108 5724 at-

534 5765 642 5828 que
675 5755 932 5818 mirabili.

2187 3174 2306 3228 dito
2339 3214 2355 3237 ,
2400 3175 2515 3242 ipse
2549 3172 2717 3241 judex
2767 3171 2832 3224 ad
2877 3185 3061 3240 regem
3114 3169 3396 3237 procurrit
3452 3170 3588 3237 (nee
3633 3170 3760 3221 enim

2187 3263 2655 3333 lieetjudicibus,
2701 3262 2924 3331 quando
2973 3275 3154 3330 regem
3186 3259 3608 3314 consulendum
3660 3274 3764 3312 esse

2189 3357 2446 3420 audiunt,
2484 3357 2787 3426 quidquam
2827 3355 3011 3409 facere
3047 3352 3302 3415 ulterius,
3332 3351 3443 3406 nisi
3477 3354 3598 3422 regi
3634 3354 3767 3420 prius

2190 3449 2482 3519 referant).
2539 3449 2646 3504 Sed
2697 3447 3144 3502 Christianorum
3204 3461 3430 3516 quoque
3489 3448 3767 3514 primates.

2194 3559 2359 3613 quam
2400 3543 2665 3597 velociter
2695 3549 2977 3610 poterant,
3013 3553 3195 3608 regem
3229 3537 3447 3592 adeunt
3484 3537 3628 3606 :’qui
3658 3553 3766 3591 cum

2192 3635 2564 3702 percepisset,
2593 3631 2795 3701 quibus
2819 3628 3160 3685 cruciatibus
3185 3669 3200 3692 ,
3232 3637 3288 3683 et
3319 3628 3577 3697 quandiu
3615 3644 3777 3708 vexa;

2194 3735 2282 3779 tus
2328 3725 2430 3778 iuit
2462 3724 2732 3787 Andreas,
2760 3721 3089 3777 eﬂ'erbuisse
3125 3721 3201 3774 ira
3238 3721 3463 3784 dicitur,
3501 3731 3558 3773 et
3593 3719 3765 3773 verbis

2195 3819 2249 3872 in
2283 3817 2526 3885 judicem
2559 3817 2638 3870 sic
2666 3814 2952 3870 atrocibus
3006 3827 3142 3869 usus
3168 3813 3339 3867 fuisse
3365 3853 3378 3871 ,
3412 3823 3472 3866 ut
3507 3813 3768 3867 exanimis

2193 3925 2264 3964 ne
2308 3909 2539 3965 mutiret
2588 3907 2813 3978 quidem
2841 3906 3014 3976 judex
3050 3906 3293 3974 iniquus.
3327 3904 3434 3958 Sed
3487 3919 3552 3957 ca
3589 3905 3693 3966 ira,
3725 3915 3768 3956 rt

2196 4000 2301 4054 illa:
2337 3999 2591 4070 ingentes
2619 3999 2782 4052 mina:
2829 3999 2992 4052 simul
3024 4012 3149 4051 cum
3187 3995 3373 4051 verbis
3403 4006 3768 4049 evanuerunt.

2195 4093 2528 4150 Christianis
2574 4092 2978 4160 deindejubet,
3025 4101 3084 4144 ut
3130 4089 3408 4145 Andream
3450 4088 3770 4144 honoriﬁce.

2196 4187 2361 4243 sicuti
2392 4186 2552 4240 decet
2579 4186 2755 4240 virum
2802 4183 3024 4248 fortem,
3051 4183 3348 4253 sepeliant.
3381 4183 3490 4248 Qui
3523 4191 3767 4252 apposzta

2198 4283 2377 4352 capite
2408 4281 2624 4351 corpori
2655 4297 2779 4347 suo,
2831 4280 2898 4335 ad
2934 4280 3181 4336 Galatam
3217 4281 3607 4349 deportarunt.
3645 4279 3769 4331 Ade-

2201 4385 2284 4428 rat
2324 4383 2507 4426 autem
2543 4373 2838 4428 universus
2875 4385 3234 4442 utrarumque
3267 4371 3490 4426 urbium
3520 4413 3536 4436 ,
3581 4371 3774 4425 Celata

2203 4477 2366 4534 atque
2389 4464 2924 4532 Constantinopolis,
2955 4464 3212 4533 populus,
3244 4464 3346 4516 viri
3374 4462 3540 4516 simul
3568 4479 3635 4517 ac
3666 4477 3766 4515 rno-

2204 4557 2390 4619 lieres,
2443 4557 2601 4626 pueri
2651 4568 2817 4626 atque
2871 4557 3085 4626 puellm,
3143 4557 3302 4627 liberi
3352 4567 3407 4610 et
3461 4557 3630 4615 servi.
3685 4569 3771 4607 nec

2204 4643 2645 4702 Christianorum
2677 4649 2854 4702 solum
2882 4691 2896 4712 ,
2935 4663 3124 4701 verum
3155 4651 3324 4701 etiam
3364 4647 3773 4702 Mahumctista-

2207 4755 2326 4792 rum
2367 4739 2522 4793 multi
2576 4739 2944 4793 admiratione
2981 4740 3264 4799 commoti,
3313 4754 3420 4792 non
3473 4743 3767 4807 pauciores.

2197 4846 2370 4902 .quam
2405 4831 2593 4885 decies
2622 4830 2813 4885 decem
2855 4831 3023 4885 millia
3057 4830 3192 4899 :qui
3231 4846 3450 4890 omnes,
3482 4832 3574 4884 alii
3607 4831 3762 4894 herv-

2209 4935 2451 4992 mantes,
2496 4925 2588 4979 alii
2623 4914 2816 4980 laudes
2843 4925 2964 4994 ejus
3001 4925 3390 4992 prrdieantes,
3426 4933 3481 4978 et
3515 4925 3603 4977 alii
3645 4939 3762 4976 con-

2208 5019 2462 5073 stantiam
2512 5033 2576 5072 ac
2621 5017 2792 5072 robur
2822 5017 3032 5082 animi,
3087 5016 3179 5070 alii
3218 5017 3570 5085 prudentiam
3620 5027 3760 5081 atque

2209 5112 2564 5182 gravitatem,
2615 5110 2707 5164 alii
2745 5120 3126 5180 contemptum
3160 5111 3536 5165 humanarum
3569 5123 3756 5164 rerum:

2209 5203 2367 5258 multi
2398 5203 2558 5257 ﬁdem
2597 5204 2650 5256 in
2680 5202 2867 5259 Jesum
2900 5202 3207 5265 Christum,
3235 5203 3290 5257 in
3315 5218 3541 5258 crucem
3576 5215 3627 5258 et
3659 5215 3757 5269 pas-

2211 5299 2423 5352 sionem
2451 5296 2593 5366 ejus,
2629 5305 2687 5350 ct
2739 5297 2796 5350 in
2846 5295 3254 5351 immaculatam
3287 5296 3574 5365 Virginem
3623 5295 3758 5349 dere-

2168 5391 2419 5454 _tionem
2482 5399 2799 5443 narrantes.
2857 5388 3102 5442 Tandem
3182 5387 3238 5441 in
3312 5388 3520 5441 Galata'.
3582 5393 3760 5454 partem

2211 5489 2515 5534 extremam
2567 5493 2764 5533 versus
2810 5488 2993 5532 ortum
3032 5479 3171 5532 mari
3202 5478 3518 5546 contiguam
3553 5476 3764 5532 devene-

2215 5584 2378 5633 runt,
2437 5571 2529 5624 ubi
2585 5581 2671 5625 cst
2714 5571 2946 5626 ecclesia
3011 5570 3221 5640 Virgini
3263 5569 3451 5625 Maria:
3483 5610 3499 5636 ,
3560 5570 3604 5622 si
3645 5576 3769 5622 recte

2215 5663 2462 5729 tuemini,
2507 5663 2708 5728 dicata,
2747 5663 2819 5718 ibi
2853 5663 3140 5732 depositus
3165 5663 3330 5734 jacet.

2283 5755 2375 5810 .\'!.
2421 5755 2512 5811 liis
2544 5755 2615 5811 ita
2648 5756 2811 5826 gestis
2838 5801 2850 5822 ,
2887 5772 3080 5825 magna
3118 5772 3209 5810 rex
3240 5757 3437 5812 exarsit
3487 5754 3775 5826 cupiditate
