3902 6208
130 346 244 412 889

883 347 979 408 DF.
1019 344 1316 408 UNIONE
1358 346 1903 408 ECCLESfARUM
1941 348 2047 406 ‘AD
2087 344 2504 406 EUGENIUM
2553 346 2646 404 ιν.

3279 344 3391 407 890

144 463 499 534 Trapezuntii
527 463 635 517 viri
676 465 842 532 illius,
869 465 936 520 de
984 483 1096 536 quo
1121 478 1288 536 supra
1322 466 1564 521 diximus
1589 509 1603 530 ,
1635 466 1706 520 li-
1731 467 1783 530 Α
1809 464 2123 525 scivissem,
2159 463 2341 517 statim
2374 463 2552 532 primo
2580 462 2693 526 die,
2737 461 2932 515 imo'in
2977 460 3092 530 ipsa
3137 460 3386 518 solvendi

138 557 367 613 berandi
399 575 411 610 :
446 557 540 611 sed
567 559 695 626 quia
730 559 958 614 honeste
994 559 1048 613 id
1075 559 1260 614 facere
1283 600 1299 626 ,
1337 559 1443 614 nisi
1485 569 1712 629 rogatus

138 643 301 718 posse
337 662 445 701 non
476 647 761 716 judicabat
791 687 806 711 ,
837 663 936 717 per
969 650 1235 717 quasdam
1265 689 1280 714 ,
1308 657 1376 704 'ut
1404 648 1712 717 dicebat-ur,

141 740 404 794 mulieres
436 740 639 806 effecit,
673 749 733 793 ut
779 756 914 794 uxor
946 742 1089 796 illius
1123 756 1220 811 pro
1272 743 1471 798 marito
1506 743 1716 812 suppli-

139 841 291 884 caret
315 845 437 885 suo.
465 828 553 885 Sic
581 848 731 886 mors
752 831 981 886 Andrea:
1011 842 1176 901 atque
1209 833 1531 903 martyrium
1559 832 1714 887 illum

140 922 365 991 quidem
395 923 594 992 palam,
619 924 711 978 sed
747 925 950 979 multos
978 940 1198 994 quoque
1231 925 1372 991 alios
1405 940 1444 977 a,
1469 925 1714 994 periculo

137 1014 419 1078 liberavit,
473 1015 677 1070 mullos
733 1015 786 1070 in
838 1016 942 1072 fide
989 1016 1296 1071 orthodoxa
1331 1016 1712 1081 confirmavit,

139 1121 238 1160 eos
276 1105 365 1175 qui
395 1115 523 1161 ante
558 1109 884 1178 martyrium
931 1123 1089 1163 suum
1121 1108 1318 1178 quavis
1357 1108 1570 1163 ratione
1603 1107 1716 1162 Ma-

141 1199 368 1252 humeto
416 1197 765 1253 adhaeserunt
794 1238 809 1261 ,
848 1199 1058 1268 pudore
1101 1199 1393 1266 confudit,
1449 1200 1714 1256 maestitia

138 1292 365 1355 affecit,
391 1306 454 1344 ac
487 1290 650 1343 inani-
670 1290 912 1359 denique
946 1290 1276 1361 paenitentia
1305 1300 1360 1346 et
1390 1292 1612 1379 vexavit
1659 1303 1714 1348 et

140 1393 323 1435 vexat.
372 1382 468 1435 llis
516 1383 774 1436 oniuibus
812 1397 911 1452 ego
965 1382 1324 1437 vehementer
1367 1374 1715 1449 commotus,

140 1473 406 1526 ardeham
445 1472 724 1526 desiderio
755 1473 980 1526 videndi
1021 1487 1226 1542 corpus
1256 1475 1400 1540 ejus,
1435 1476 1532 1527 sed
1569 1473 1716 1536 nive,

143 1564 350 1634 frigore
390 1565 674 1634 glacieque
705 1564 962 1618 detentus
987 1603 1004 1626 ,
1036 1563 1238 1618 hiemis
1273 1564 1551 1630 marisque
1581 1574 1718 1616 tem-

142 1667 353 1727 pestate
381 1699 396 1723 ,
433 1658 545 1710 illic
581 1657 657 1710 fui
697 1656 785 1710 vix
821 1671 1010 1710 mense
1053 1656 1393 1720 Februario;
1427 1672 1546 1709 eam
1582 1656 1716 1710 mihi

141 1748 325 1801 oranti
366 1748 596 1817 gratiam
651 1749 794 1802 Deus
833 1748 1231 1802 intercessione
1282 1747 1538 1818 martyris
1587 1761 1720 1802 con-

142 1840 315 1894 cessit
347 1857 359 1891 :
391 1840 609 1908 vidique
634 1840 813 1908 ipsum
839 1839 1115 1909 jacentem
1135 1841 1188 1892 in
1209 1839 1464 1908 sepulcro
1484 1839 1716 1894 nimium
1747 1822 1792 1879 Β

145 1928 443 1997 profundo,
471 1929 576 1982 situ
613 1927 861 1993 horrido,
896 1945 958 1983 ea
987 1940 1169 1982 tamen
1207 1930 1718 1998 integritate-mem-

143 2023 371 2074 brorum
417 2019 690 2084 omnium,
721 2034 788 2073 eo
819 2020 988 2074 totius
1023 2020 1278 2089 corporis
1317 2021 1524 2085 colore,
1553 2029 1609 2074 et
1631 2020 1720 2074 di-

142 2112 356 2180 gnitate
382 2110 572 2164 forma:
593 2151 608 2177 ,
644 2111 734 2164 tali
772 2111 959 2166 vultus
990 2111 1285 2180 splendore
1318 2121 1375 2166 et
1405 2111 1624 2178 habitu,
1662 2123 1722 2167 ut

145 2219 260 2258 non
296 2203 539 2256 animum
575 2203 909 2271 exspirasse,
949 2203 1044 2258 sed
1085 2203 1330 2258 dormire
1358 2205 1493 2258 mihi
1527 2204 1722 2259 leviter

144 2295 256 2350 sub
279 2297 469 2349 umbra
501 2294 807 2357 videretur,
832 2309 894 2349 ac
921 2294 1014 2363 qui
1043 2294 1258 2363 jacebat
1290 2296 1410 2349 loco
1443 2295 1514 2348 ita
1544 2294 1725 2348 burni-

146 2386 243 2450 do,
285 2396 345 2438 ut
376 2385 637 2440 omnibus
659 2385 773 2454 jam
807 2385 1174 2449 indumentis,
1197 2386 1400 2454 quibus
1423 2396 1544 2440 erat
1571 2387 1725 2439 invo-

147 2478 332 2532 lutum
368 2492 591 2546 corpus,
628 2477 981 2546 putrefactis,
1019 2476 1226 2530 nudum
1277 2485 1452 2529 totum
1503 2477 1728 2546 conspi-

149 2578 394 2633 ceretur,
416 2575 778 2637 praeterquam
801 2569 947 2636 quod
970 2568 1235 2638 genitales
1253 2578 1436 2637 partes
1455 2569 1481 2620 f
1483 2589 1493 2620 ι
1508 2583 1729 2638 agmen-

153 2669 210 2714 to
231 2659 328 2713 lini
353 2659 983 2728 obtegebanturzexarsi
1009 2659 1309 2728 cupiditate
1335 2658 1726 2724 descendendi,

159 2751 441 2821 tangendi,
473 2751 755 2806 osculandi
781 2792 798 2818 ,
831 2755 1021 2821 pedes,
1052 2767 1248 2806 manus
1274 2791 1290 2817 ,
1320 2751 1511 2806 faciem
1542 2754 1731 2822 prmci~

160 2844 256 2912 pui
287 2843 549 2913 martyris
569 2883 584 2906 ,
620 2858 721 2897 nec
757 2851 966 2896 tantum
997 2843 1102 2897 loci
1145 2843 1465 2908 humiditas,
1496 2843 1729 2899 descen-

156 2935 441 3004 dendique
491 2933 786 2988 difﬁcultas
819 2975 834 3000 ,
886 2945 1162 3003 quantum
1200 2933 1369 2988 verba
1423 2935 1730 3006 presbyteri

157 3027 425 3087 custodis.
453 3034 510 3080 et
535 3041 661 3096 spes
697 3041 858 3096 posse
892 3025 944 3080 id
979 3026 1112 3080 alias
1144 3027 1490 3081 commodius
1519 3027 1727 3090 facere,

155 3119 536 3172 detinueiuut.
587 3117 890 3172 Consilium
931 3117 1132 3173 deinde
1163 3118 1295 3172 inivi
1341 3133 1464 3171 cum
1499 3120 1728 3190 presby-

157 3215 282 3260 tero
308 3206 374 3259 N.
412 3206 564 3260 furto
615 3207 743 3261 inde
794 3208 1020 3262 Romam
1057 3207 1323 3276 reliquias
1357 3208 1476 3261 illas
1499 3181 1731 3263 'defer're
1757 3181 1801 3236 δ

154 3307 380 3354 Sanctas
401 3338 416 3360 ,
453 3291 644 3368 resqm:
668 3301 782 3368 jam
811 3301 1192 3367 ordinabatur,
1219 3300 1314 3355 sed
1346 3302 1532 3355 nescio
1593 3317 1732 3370 quo-

157 3389 323 3442 modo
373 3389 464 3444 ille
503 3391 846 3456 deterritus,
908 3391 1237 3447 sententiam
1282 3391 1554 3461 fidemque
1609 3408 1728 3447 mu-

158 3477 297 3534 tavit
327 3493 506 3532 suam.

226 3567 352 3624 ΧΠ.
390 3570 504 3641 Ego
556 3586 682 3627 cum
735 3572 867 3628 inde
898 3572 1115 3629 decimo
1162 3581 1358 3628 octavo
1409 3571 1590 3628 Martii
1644 3574 1733 3629 die

1817 553 1993 616 hora,
2055 568 2164 608 non
2215 555 2554 623 in.parvum
2609 552 2778 608 incidi
2828 551 3135 621 periculum
3189 553 3391 608 nimbis

1817 656 2010 702 contra
2066 647 2358 709 flantibus,
2415 647 2584 716 inque
2633 661 2763 707 saxa
2821 659 3016 700 navem
3065 645 3391 714 depellenti-

1815 739 1939 794 bus.
1974 738 2266 808 lmploravi
2313 738 2501 794 subito
2548 738 2805 808 martyris
2853 737 3150 796 auxilium.
3187 738 3388 805 promi-

1816 831 1998 900 sique,
2021 830 2082 884 .si
2123 830 2188 884 ad
2239 844 2392 885 meos
2425 831 2653 884 Romam
2707 828 3002 884 incolumis
3049 827 3391 894 devenirem,

1817 921 2144 992 martyrium
2181 921 2304 992 ejus
2335 922 2652 976 summatim
2682 920 2877 975 Latina
2908 919 3093 990 lingua
3125 934 3214 974 me
3254 934 3392 974 con-

1817 1013 2175 1083 scripturum.
2227 1013 2386 1068 Evasi
2439 1014 2610 1069 maris
2658 1024 2714 1068 et
2767 1013 3046 1067 latronum
3101 1012 3390 1083 pericula,

1816 1106 2075 1178 quodque
2103 1105 2370 1170 miraculo
2399 1094 2506 1170 est,
2545 1121 2714 1162 senex
2761 1115 3116 1176 a‘grotusque
3147 1104 3274 1160 hinc
3306 1119 3391 1160 re-

1816 1199 1981 1265 cessi,
1999 1199 2188 1270 junior
2220 1214 2498 1269 sanusque
2518 1213 2582 1254 ac
2610 1198 2790 1253 multo.
2812 1197 3094 1253 robustior
3127 1197 3394 1263 remeavi,

1818 1307 1922 1346 nec
1951 1293 2118 1347 maris
2147 1292 2459 1355 ﬂuctuatio,
2487 1308 2588 1347 nec
2623 1301 2894 1346 terrarum
2929 1289 3128 1346 itinera
3154 1288 3388 1346 nimium

1798 1395 2030 1448 -aspera,
2067 1397 2190 1451 qum
2217 1397 2246 1436 a
2288 1382 2604 1436 Brundusio
2633 1381 2859 1435 Ruinam
2896 1382 3112 1434 .a-statis
3148 1389 3397 1450 tempore

1821 1470 2154 1537 perducunt,
2177 1471 2309 1526 mihi
2340 1471 2659 1532 obfuerunt.
2696 1469 2814 1526 Huc
2837 1487 2964 1524 vero
2986 1471 3227 1534 delatus,
3257 1486 3397 1524 mar-

1822 1562 1956 1633 tyris
1989 1563 2210 1632 quidem
2249 1579 2533 1634 nunquam
2585 1564 2660 1617 fui
2713 1563 2918 1618 oblitus
2943 1606 2958 1630 ,
2995 1565 3088 1618 sed
3142 1572 3300 1617 nocte
3334 1577 3400 1616 ac

1819 1654 1910 1708 die
1947 1669 2072 1708 cmn
2127 1654 2248 1724 ipso
2293 1655 2372 1709 fui
2403 1696 2416 1719 ,
2459 1656 2580 1726 ejus
2617 1656 2881 1709 memoria
2926 1654 3170 1717 fruebar,
3231 1663 3400 1721 atque

1819 1747 2000 1801 oculis
2029 1749 2282 1817 aspicere
2319 1749 2578 1818 putabam
2611 1764 2717 1801 non
2744 1749 2926 1802 solum
2961 1747 3266 1808 dormiens,
3298 1761 3397 1798 ve-

1823 1857 1941 1895 rum
1980 1842 2146 1895 etiam
2198 1841 2432 1911 vigilans
2456 1842 2731 1912 jacentem
2775 1842 2952 1909 ipsum
3011 1842 3064 1894 in
3113 1839 3399 1908 sepulcro.

1823 1930 2214 1986 Promissionis
2244 1941 2439 1986 autem
2476 1947 2610 1986 mea:
2642 1946 2926 2000 nunquam
2975 1929 3110 1983 mihi
3146 1931 3296 1982 venit
3343 1929 3398 1983 in

1821 2034 2083 2087 mentem,
2113 2025 2218 2078 nisi
2249 2034 2597 2093 postumius
2629 2023 2790 2086 duos,
2824 2023 2955 2077 dum
2991 2021 3212 2092 Georgii
3253 2036 3398 2074 mar-

1823 2116 1960 2184 tyris
1988 2115 2259 2170 memoria
2286 2115 2625 2170 celebratur.
2680 2115 2814 2169 Nam
2846 2129 2970 2167 cum
3002 2129 3067 2167 ea
3105 2113 3196 2166 die
3243 2127 3400 2166 reen-

1823 2207 1990 2261 lerem
2020 2207 2237 2276 Georgii
2270 2207 2509 2271 dolores,
2535 2223 2676 2276 quos
2709 2208 2800 2261 ille
2833 2205 3188 2275 pro.Christo
3221 2207 3404 2260 Domi-

1825 2313 1896 2350 no
1927 2306 2118 2350 nostro
2150 2298 2346 2360 subiit,
2379 2297 2532 2351 illico
2578 2297 2816 2366 pupugit
2863 2297 3111 2351 animum
3166 2297 3406 2364 promis-

1826 2386 1996 2440 sionis
2031 2386 2315 2440 memoria.
2366 2386 2478 2440 Nec
2517 2386 2669 2438 enim
2723 2387 2935 2439 minora
2982 2385 3242 2439 toleravit
3293 2385 3406 2438 An-

1827 2479 1987 2533 dreas
2016 2518 2031 2542 ,
2070 2493 2142 2533 ne
2200 2479 2376 2532 dicam
2438 2477 2610 2532 multo
2659 2477 2825 2531 etiam
2872 2477 3122 2548 majora,
3181 2485 3408 2546 propter

1826 2572 2198 2626 conditionem
2234 2581 2562 2639 temporum,
2601 2570 2655 2624 in
2690 2569 2896 2639 quibus
2943 2568 3118 2623 multo
3143 2567 3420 2638 juvantur.

1829 2665 2081 2733 exemplo
2111 2703 2124 2726 ,
2158 2664 2254 2733 qui
2287 2662 2572 2717 Christum
2621 2674 2808 2717 amant
2847 2681 2859 2717 :
2890 2662 3032 2717 adeo
3067 2661 3120 2716 in
3167 2661 3408 2716 tenebris

1830 2755 2074 2809 Charitas
2130 2755 2341 2809 intt'usa
2393 2756 2710 2810 marcescit.
2758 2754 2948 2824 Itaque
2977 2753 3162 2809 statim
3191 2769 3257 2808 eo
3288 2757 3409 2824 ipso
3493 2773 3495 2776 ‘

1832 2845 1922 2898 die
1953 2845 2226 2898 calamum
2257 2845 2470 2914 accepi,
2501 2855 2553 2899 ct
2582 2845 2970 2914 promissionis
3011 2845 3258 2900 debitum
3295 2846 3406 2914 jam

1834 2935 1993 2989 solvi.
2026 2935 2105 2988 'f‘u
2143 2950 2294 2997 vero,
2330 2936 2600 3002 praecipue.
2655 2945 2866 3005 martyr
2896 2935 3129 2998 Christi,
3179 2949 3400 3003 precor,

1834 3025 2146 3080 intercedas
2175 3025 2246 3079 ad
2277 3027 2568 3080 Dominum
2605 3036 2854 3081 nostrum
2902 3025 3090 3080 Jesum
3127 3024 3410 3080 Christum

1836 3133 1934 3186 pro
1977 3117 2222 3172 Ecclesia
2269 3117 2597 3182 universali,
2633 3132 2695 3171 ac
2747 3116 3182 3185 amplificatione
3213 3116 3408 3186 ipsius,

1837 3223 1937 3276 pro
1969 3224 2186 3262 sonum)
2221 3209 2479 3277 pontifice
2535 3209 2706 3263 Paulo
2735 3207 3001 3268 secundo
3028 3247 3044 3274 ,
3084 3211 3243 3279 cujus
3275 3222 3410 3266 tem-

1838 3316 1968 3368 pora
2005 3303 2271 3368 martyrio
2309 3313 2402 3354 tuo
2450 3300 2750 3362 decorasti,
2786 3310 3162 3370 perpetuaque
3189 3302 3411 3364 fecisti:

1834 3401 1891 3445 et
1925 3392 2065 3444 sicut
2098 3392 2152 3444 in
2180 3390 2386 3445 Graecia
2434 3393 2722 3461 perfidiam
2767 3394 3020 3463 dejecisti
3048 3434 3063 3459 ,
3101 3395 3183 3470 sic
3231 3395 3416 3450 insur-

1838 3495 2026 3548 gentes
2101 3484 2156 3534 in
2231 3481 2386 3537 italia
2459 3482 2775 3537 Platonicos
2849 3473 3254 3542 intercessione
3321 3494 3413 3538 tua

1840 3573 2099 3642 reprime.

1573 3733 1855 3746 -——__

717 3900 1487 4022 GEORGII
1568 3901 2836 4026 TRAPEZUNTII

1586 4119 1973 4185 EPISTOLA

470 4264 634 4397 Ἀι)
722 4306 1365 4400 EUGE-NIUM
1445 4306 1571 4399 1v
1655 4303 2411 4398 PONTIFICEM
2507 4305 3098 4401 MAXIMUM

1244 4499 1360 4562 DE
1397 4496 1721 4562 UNIONE
1753 4497 2355 4562 ECCLESIARUM

173 4651 499 4717 (Bibliotheca
529 4651 670 4705 codd.
693 4664 811 4703 mss.
834 4649 1118 4703 monasterii
1140 4650 1198 4701 S.
1221 4646 1476 4700 Michaelis
1499 4647 1848 4772 Vertat...
1859 4643 2167 4771 ἑἰἕῦγξαηιιηῃ
2194 4646 2276 4698 ed.
2311 4646 2454 4698 Joan.
2485 4649 2678 4704 Bened.
2723 4649 3002 4710 Mittarelli,
3032 4649 3260 4702 Venetils
3285 4652 3419 4713 I779,

248 5044 382 5109 Etsi,
420 5039 741 5097 Beatissimo
788 5039 970 5105 Pater,
1023 5047 1115 5092 tua
1149 5047 1345 5109 sponte
1376 5038 1445 5093 ad
1477 5035 1748 5093 uniendos
1777 5039 1825 5099 D
1853 5036 2040 5092 cordia
2071 5034 2396 5091 catholicam
2429 5034 2715 5090 veritatem
2756 5032 3136 5104 cognoverim,
3165 5034 3422 5104 turpissi-

181 5137 432 5192 Ecclcsize
460 5143 567 5189 tua:
599 5131 882 5188 catholicae
911 5129 1132 5186 Graecos
1163 5131 1244 5186 sic
1267 5131 1484 5195 ardeas,
1518 5141 1578 5185 ut
1606 5129 1747 5184 divi-

177 5232 330 5286 nitus
354 5229 422 5283 ad
453 5227 559 5282 hoc
588 5235 752 5280 natus
777 5238 900 5280 esse
931 5224 1186 5287 videaris,
1232 5239 1342 5279 non
1381 5223 1622 5278 alienum
1669 5231 1748 5276 ta-

186 5337 310 5377 men
361 5321 496 5376 mihi
547 5309 725 5376 visum
766 5329 872 5383 est,
903 5333 991 5373 me
1017 5331 1236 5387 quoque
1283 5316 1385 5370 hac
1429 5315 1498 5370 de
1552 5331 1632 5378 re,
1680 5313 1747 5368 ad

184 5424 345 5480 quam
387 5408 746 5464 Sanctitatem
787 5418 933 5463 tuam
965 5406 1412 5478 praedestinatam
1458 5405 1746 5474 pervideo,

182 5502 268 5555 cui
299 5501 678 5558 deditissimus
704 5517 848 5565 sum,
876 5499 1175 5572 quidquam
1205 5498 1579 5554 conscribere.
1610 5497 1745 5552 Nam

183 5591 437 5659 quoniam
468 5607 534 5646 ex
568 5590 884 5660 parentibus
940 5588 1147 5645 Graecis
1189 5599 1370 5662 natus,
1423 5602 1533 5643 non
1565 5587 1740 5642 solum

181 5695 397 5738 errores
427 5696 615 5736 eorum
645 5688 870 5736 secutus
894 5693 1040 5744 sum,
1072 5693 1262 5733 verum
1295 5677 1464 5732 etiam
1495 5673 1744 5744 aliquan-

185 5769 347 5840 tisper
391 5777 635 5842 tutatus;
668 5770 1092 5829 cum-decennio
1119 5769 1237 5840 jam
1285 5767 1474 5824 divina
1521 5765 1741 5823 miseri-

1852 5145 2000 5183 mnm
2052 5129 2186 5183 mihi
2228 5128 2445 5182 facinus
2493 5126 2836 5183 committere
2869 5129 3106 5190 viderer,
3139 5141 3266 5181 cum
3301 5142 3425 5198 spe-

1851 5237 1988 5286 rem,
2025 5219 2171 5290 quod
2217 5227 2370 5290 opto,
2400 5218 2780 5274 reductionem
2814 5220 2981 5274 totius
3018 5218 3261 5274 nationis
3291 5233 3426 5278 inea

1849 5313 1960 5368 cito
1990 5312 2254 5378 futuram,
2296 5310 2434 5365 nihil
2459 5325 2524 5364 ea
2556 5309 2625 5364 de
2651 5325 2708 5364 re
2731 5308 2800 5363 ad
2832 5308 3240 5364 Beatitudinem
3270 5318 3422 5364 tuam

1851 5404 2122 5469 scribere,
2177 5404 2335 5474 cujus
2396 5403 2609 5457 meritis
2668 5402 3046 5458 universorum
3105 5401 3421 5456 Graecorum

1855 5497 2043 5566 generi
2093 5494 2343 5551 veritatis
2393 5494 2764 5566 cognitionem
2815 5509 3138 5550 concessum
3189 5493 3258 5548 iri
3309 5509 3418 5548 non

1855 5587 2071 5642 dubito.
2130 5585 2315 5656 Neque
2374 5586 2428 5640 id
2480 5587 2715 5655 injuria;
2758 5600 2882 5640 nam
2938 5585 3258 5657 quingentis
3308 5585 3422 5656 jam

1856 5693 2023 5747 prope
2061 5677 2240 5744 annis,
2276 5693 2342 5733 ex
2381 5693 2492 5748 quo
2537 5677 2849 5732 Graecorum
2888 5676 3424 5747 perniciosissimum

1853 5768 2090 5824 schisma
2114 5783 2210 5838 per
2231 5767 2484 5824 l’hotium
2509 5771 2839 5825 concitatum
2865 5779 2972 5838 est,
3003 5769 3180 5824 audeo
3202 5767 3411 5834 dicere,
3455 5815 3466 5828 ,
