3902 6208
462 353 573 420 ‘89l

1654 344 1988 405 GEORGII
2029 340 2510 404 TRAPEZUNTI
2524 342 2548 401 Ι

3635 333 3736 397 επ

473 467 621 540 quod
654 465 817 521 etiam
846 480 938 521 me
973 470 1195 519 tacente
1232 463 1348 532 ipsa
1379 474 1469 517 res
1497 459 1851 522 exclamaret,
1884 457 2053 510 nemi~
2081 461 2129 521 Α
2157 472 2398 522 unquam
2427 465 2586 509 aetate
2612 453 2897 508 hominum
2929 451 3124 523 major,
3151 445 3414 504 divinior
3428 455 3610 514 atque
3635 449 3734 500 uti-

476 577 601 617 nrm
627 561 727 614 ﬁde
751 568 857 612 tam
890 566 1161 620 sanctum,
1189 556 1393 608 virtute
1421 564 1528 608 tam
1554 552 1871 622 probatum,
1897 558 2048 603 tanta

481 655 752 710 charitate
787 649 1092 711 ardentem,
1145 655 1294 702 tanta
1343 661 1440 714 spe
1473 644 1786 713 praeditum,
1823 639 2048 710 pontiﬁ-

479 761 598 802 cem
629 743 889 798 Ecclesiae
931 739 1301 810 gubernacula
1347 737 1610 791 tenuisse.
1643 735 1782 801 Quis
1805 732 1952 787 enim
1985 729 2051 784 ab

481 836 853 895 adolescentia
898 833 1044 886 illico
1079 842 1228 885 tanta
1278 829 1405 887 ﬁde.
1456 838 1566 882 tant
1617 825 1883 895 singulari
1921 838 2052 892 pru-

482 932 664 984 dentia
729 917 854 991 fuit,
906 932 966 978 ut
1019 939 1144 978 eum
1196 923 1298 976 sibi
1351 919 1597 988 undique
1651 918 1887 987 majores
1941 915 2055 968 fere

484 1037 616 1092 opes
647 1035 810 1090 quam
866 1017 1093 1086 privata:
1142 1013 1456 1086 aﬁluerent,
1500 1010 1784 1063 terrestria
1819 1008 1937 1060 haec
1969 1013 2054 1058 ta-

486 1129 611 1167 men
646 1111 829 1164 omnia
859 1117 917 1162 et
956 1108 1162 1161 caduca
1201 1120 1321 1159 esse
1369 1103 1590 1172 penitus
1624 1097 1968 1168 cognoverit,
2005 1104 2060 1150 et

488 1205 709 1274 cognita
743 1201 969 1254 omnino
1018 1195 1372 1265 despexerit?
1401 1193 1535 1258 Quis
1585 1193 1638 1244 in
1675 1207 1738 1243 ea
1791 1197 1970 1248 astate,
2005 1186 2057 1239 in

390 1319 400 1339 -
491 1313 599 1365 qua
629 1295 868 1350 maxime
905 1300 1100 1344 natura
1145 1287 1430 1342 hominum
1468 1283 1843 1352 voluptatibus
1872 1277 2060 1346 exagi-

493 1402 659 1453 tatur,
693 1398 799 1441 tant
829 1383 1089 1456 grandem
1131 1381 1418 1448 pecuniam
1449 1374 1798 1443 pauperibus,
1829 1369 2062 1424 Christi.

495 1498 602 1550 que
644 1478 846 1533 deditis
895 1473 1141 1542 erogavit
1171 1469 1452 1538 unquam?
1485 1465 1619 1530 Quis
1650 1473 1728 1516 tot
1773 1471 2064 1528 tantosque

495 1573 712 1626 labores
737 1567 935 1636 vigiliis
959 1575 1016 1618 et
1041 1563 1267 1633 jejuniis
1298 1572 1592 1628 perpessus
1625 1555 1749 1608 est?
1791 1553 1926 1618 Quis
1966 1552 2064 1604 de-

495 1668 661 1732 nique
711 1658 922 1714 diurnis
972 1652 1334 1712 orationibus,
1384 1646 1671 1702 nocturnis
1707 1642 1962 1712 laerymis
2009 1650 2068 1693 et

496 1753 777 1809 continuis
809 1747 1063 1818 precibus
1089 1743 1350 1797 Ecclesia:
1382 1740 1640 1792 unionem
1669 1745 1774 1788 tatu
1808 1732 2068 1786 ardenter

2150 553 2255 607 lior
2285 567 2385 621 per
2406 564 2688 605 summum
2711 547 2962 618 quemvis
2991 542 3308 615 pontiﬁcem
3334 550 3436 594 aut
3465 549 3627 610 gesta
3653 539 3727 597 sit,

2154 645 2355 714 (placet
2379 641 2696 710 vaticinari)
2722 641 2776 694 in
2803 641 3047 693 futurum
3077 638 3190 707 geri
3217 632 3550 705 possit.Non
3577 631 3730 690 enim,

2152 736 2281 804 quia
2299 735 2619 790 Graecorum
2639 733 2743 787 hoc
2765 732 3006 786 schisma
3028 728 3371 782 nominatum
3398 732 3512 783 est,
3535 722 3735 776 idcirco

2154 827 2222 882 de
2252 826 2472 882 Graeciae
2505 824 2685 879 solum
2731 821 3059 878 reductione
3110 829 3328 885 agetur,
3383 830 3596 869 verum
3648 812 3737 865 sub

2155 918 2467 972 Grmcorum
2515 917 2760 976 nomine.
2797 917 2891 983 qui
2932 912 3386 981 excogitaverunt
3431 916 3492 960 et
3552 923 3737 976 perpe-

2159 1020 2374 1064 trarunt
2407 1009 2720 1064 schismatis
2764 1006 3127 1062 foedissimum
3156 1003 3392 1067 facinus,
3437 1016 3552 1054 non
3591 1015 3740 1068 parva

2160 1104 2390 1171 Europa:
2414 1115 2558 1169 pars,
2581 1111 2637 1155 et
2667 1099 2920 1154 universa
2945 1097 3088 1159 Asia,
3121 1109 3282 1162 quam
3319 1093 3498 1147 solam
3539 1099 3742 1156 partem

2163 1194 2338 1255 multi,
2368 1194 2458 1262 qui
2489 1194 2554 1246 de
2586 1192 2855 1244 divisione
2883 1189 3034 1243 orbis
3063 1188 3435 1258 scripserunt,
3473 1185 3678 1236 Africa:
3695 1190 3746 1234 et

2163 1285 2395 1352 Europa:
2441 1281 2602 1336 simul
2634 1279 2898 1349 atqualem
2951 1287 3239 1343 asserunt,
3290 1275 3622 1330 Graecorum
3657 1288 3743 1324 er-

2164 1390 2321 1448 rores
2355 1382 2744 1444 susceperunt.
2781 1375 2972 1442 Itaque
3009 1386 3136 1426 cum
3181 1382 3575 1437 smpenumero
3622 1367 3741 1418 mihi

2165 1466 2281 1519 hanc
2315 1465 2578 1519 acciderit
2627 1465 2908 1533 cogitatio,
2959 1477 3026 1516 an
3085 1461 3139 1516 in
3195 1460 3446 1515 llomatta
3507 1458 3740 1510 Ecclesia

2167 1557 2354 1624 plures
2383 1565 2576 1625 gentes
2609 1566 2775 1624 atque
2820 1553 3073 1608 homines
3114 1553 3244 1614 sint,
3275 1567 3345 1604 an
3377 1550 3590 1620 plures
3639 1563 3740 1615 qua

2166 1648 2371 1703 Grazcis
2397 1647 2682 1701 erroribus
2707 1654 2958 1717 agantur,
2987 1645 3130 1699 idem
3160 1658 3379 1711 semper
3410 1641 3558 1693 mihi
3586 1641 3741 1692 visum

2171 1750 2276 1799 est,
2320 1739 2444 1792 illos
2491 1738 2752 1791 videlicet
2800 1737 2984 1790 minus
3033 1737 3219 1805 plures
3263 1733 3443 1787 videri
3497 1745 3741 1792 numero,

497 1863 526 1899 a
560 1844 786 1898 Domino
821 1837 1014 1909 petiit?
1071 1835 1322 1890 Profecto
1371 1844 1553 1883 nemo.
1588 1826 1723 1880 Nam
1763 1824 1867 1877 etsi
1918 1821 2068 1890 cogi-
2101 1830 2142 1884 Β
2173 1832 2268 1886 sed
2306 1831 2392 1885 his
2421 1829 2671 1884 doctrina
2703 1838 2756 1882 et
2789 1829 3034 1883 moribus
3057 1826 3225 1880 multo
3259 1825 3622 1894 superiores,
3651 1824 3740 1876 imo

501 1937 735 1990 lationes
766 1925 1136 1983 Beatitudinis
1167 1932 1272 1975 tua:
1301 1919 1510 1981 nescio,
1540 1915 1707 1969 rebus
1745 1925 1926 1967 tamen
1962 1910 2070 1966 tuis

501 2025 788 2096 impulsus,
819 2019 1114 2090 prmdicare
1154 2010 1500 2075 ausim,nihil
1535 2017 1587 2062 te
1624 2007 1797 2075 magis
1831 2018 2071 2072 unquam

501 2129 757 2188 optasse;
791 2112 928 2165 nihil
954 2111 1123 2178 magis
1151 2103 1361 2168 eﬁ'usis,
1391 2111 1453 2156 ut
1484 2101 1708 2163 dicitur,
1737 2097 1991 2166 lacrymis
2019 2103 2073 2148 et

503 2211 762 2279 precibus
807 2223 835 2258 a
871 2203 1102 2258 Domino
1153 2197 1399 2268 petiisse,
1454 2189 1618 2264 q'uam
1655 2191 1913 2245 Ecclesia:
1963 2201 2075 2240 sua:

500 2304 786 2361 unionem,
822 2305 877 2351 et
909 2293 1209 2347 inﬁdelium
1243 2287 1689 2357 dcpressionent;
1740 2281 1941 2336 etenim
1974 2295 2074 2346 op-

505 2397 635 2446 tittte
689 2393 805 2459 ipsa
842 2383 1178 2454 experientia
1241 2383 1496 2449 magistra
1555 2376 1689 2436 scio,
1741 2369 2076 2426 beatissime

504 2488 686 2547 Pater,
714 2490 840 2533 ante
880 2474 1262 2547 pontiﬁcatum
1297 2480 1449 2524 tuum
1484 2467 1567 2521 sic
1594 2464 1911 2520 Graecorum
1941 2475 2075 2529 gen-

507 2591 641 2639 tem,
671 2591 700 2629 a
743 2573 973 2628 veritate
1025 2565 1296 2622 catholica
1353 2559 1733 2620 abhorruisse,
1793 2565 1852 2609 ut
1897 2552 2079 2606 omnis

507 2673 781 2726 hmreseos
814 2665 1112 2719 Romanam
1164 2655 1465 2712 Ecclesiam
1523 2651 1830 2721 principem
1863 2660 2078 2702 assere-

507 2770 654 2818 rent.
689 2759 769 2814 Ad
811 2755 958 2827 qttod
996 2753 1208 2808 scilicet
1256 2745 1598 2804 credendum
1644 2741 1813 2796 astuti
1855 2740 2076 2810 quidam

509 2854 845 2924 malignique
865 2849 1115 2902 homines
1140 2844 1196 2898 in
1221 2839 1649 2911 indignationem
1685 2835 1770 2889 sui
1799 2844 2078 2897 a-ternam,

509 2945 826 3016 eloquentia
871 2940 978 3004 usi,
1021 2937 1121 3008 qui
1176 2936 1231 2990 in
1283 2934 1586 2988 Romanam
1616 2927 1916 2982 Ecelesiam
1947 2923 2082 2978 scri-

514 3048 762 3113 pserunt,
796 3036 960 3091 rudes
991 3029 1428 3088 cavillationibus
1456 3027 1575 3080 suis
1616 3023 1848 3094 populos
1889 3021 2079 3088 impu-

512 3112 734 3196 lerunt;
766 3127 924 3193 cujus
971 3139 1058 3179 me
1089 3136 1313 3193 quoque
1342 3118 1622 3188 opinionis
1652 3115 1821 3169 fuisse
1852 3129 1962 3167 non
1999 3112 2081 3166 in-

517 3226 687 3278 tlciur.
716 3223 1007 3290 Postquam
1031 3231 1164 3271 vero
1195 3211 1526 3268 universalis
1551 3209 1794 3264 habenas
1823 3205 2080 3261 Ecclesia:

515 3317 791 3372 Sanctitas
815 3323 904 3366 tua
936 3309 1197 3365 divinitus
1223 3304 1487 3369 obtinuit,
1513 3305 1585 3356 ita
1610 3301 1908 3354 immutatae
1935 3296 2082 3353 Grae-

516 3424 704 3462 corum
737 3404 985 3462 omnium
1013 3411 1223 3456 mentes
1247 3406 1398 3460 sunt,
1426 3405 1487 3448 ut
1519 3393 1702 3447 nullus
1730 3391 1845 3445 fere
1869 3391 1962 3454 sit,
1985 3387 2080 3458 qui

515 3520 626 3558 non
681 3500 908 3553 moleste
961 3495 1101 3549 ferat
1151 3490 1297 3561 quod
1351 3485 1688 3542 tardiuscule
1737 3483 1804 3536 ad
1853 3483 2081 3551 hujusce

517 3598 778 3652 unionem
838 3585 1220 3644 celebrandam
1287 3581 1583 3636 concilium
1639 3577 1756 3646 cogi
1808 3574 2080 3628 videatur.

515 3692 648 3756 Qua:
699 3698 786 3738 res
841 3695 962 3735 cum
1018 3674 1262 3732 inaudita
1307 3671 1701 3742 magnitudine,
1737 3667 2085 3740 prodigiique

520 3785 692 3836 instar
722 3777 812 3840 sit,
863 3772 998 3827 nihil
1033 3770 1180 3824 enim
1229 3766 1388 3822 video
1434 3764 1687 3817 humana:
1717 3760 1991 3829 opinionis
2016 3756 2084 3811 ad

519 3873 628 3926 hoc
658 3867 990 3923 inducantur
1022 3860 1219 3924 Graeci,
1247 3857 1402 3914 nefas
1431 3856 1568 3912 mihi
1602 3854 1839 3918 videtur,
1883 3851 1927 3908 si
1963 3851 2086 3921 quis

520 3979 642 4017 eam
679 3961 801 4014 loco
852 3955 1106 4011 miraculi
1151 3968 1267 4008 non
1323 3951 1543 4006 habeat.
1568 3949 1748 4015 Quare
1793 3947 1900 4017 jam
1936 3955 2087 3999 certa

522 4059 742 4125 oportet
793 4049 897 4104 hoc
954 4049 1112 4114 signo
1168 4043 1482 4112 conjectura
1532 4039 1778 4099 credere,
1836 4044 1888 4088 te
1936 4033 2087 4086 illum

521 4124 667 4208 esse,
715 4159 826 4214 quo
855 4139 1110 4212 pontiﬁce
1140 4134 1324 4190 omnia
1359 4133 1603 4184 membra
1634 4125 1841 4182 Christi
1867 4124 2091 4180 Christo

527 4237 845 4294 reddantur.
881 4232 1273 4284 Praedicantem
1299 4226 1465 4279 etiam
1506 4220 1851 4278 Franciseum
1887 4217 2090 4271 Barba-

527 4345 671 4391 rum,
702 4327 876 4380 virum
899 4333 1119 4393 genere,
1154 4316 1425 4382 doctrina,
1457 4313 1683 4375 virtute,
1711 4326 1816 4364 una
1844 4309 2090 4364 omnium

524 4433 683 4482 voce,
730 4414 1054 4486 principem,
1093 4411 1186 4478 qui
1234 4424 1298 4462 ex
1329 4415 1402 4469 te,
1449 4419 1574 4458 cum
1607 4402 1978 4466 dubitaretur,
2023 4414 2092 4454 ne

2173 1923 2274 1978 hos
2299 1937 2429 1976 vero
2460 1931 2520 1976 ut
2559 1935 2798 1980 numero,
2822 1919 3032 1988 plures,
3065 1919 3138 1971 ita
3168 1915 3421 1970 doctrina
3460 1917 3581 1984 jam
3616 1912 3740 1965 omni

2173 2017 2392 2080 amissa,
2437 2023 2494 2068 et
2545 2013 2858 2068 inﬁdelibus
2907 2021 3001 2066 aut
3035 2011 3339 2077 subjectos,
3393 2018 3500 2062 aut
3551 2007 3744 2059 vicinas

2175 2107 2428 2161 moribus
2475 2107 2703 2160 eﬁectos
2756 2120 2897 2169 esse,
2956 2103 3078 2156 illos
3129 2109 3185 2154 ut
3228 2101 3555 2170 pauciores,
3611 2097 3677 2148 ita
3703 2106 3746 2146 rt

2175 2200 2452 2253 doctiores
2491 2208 2546 2253 et
2603 2197 2952 2251 institutione
3003 2193 3220 2248 vivendi
3269 2193 3620 2250 ornatiores,
3666 2186 3744 2240 sed

2177 2276 2294 2351 isti,
2337 2305 2444 2342 non
2481 2288 2606 2342 dico
2664 2286 2836 2341 Grazci
2898 2293 3132 2350 tantum,
3162 2283 3255 2337 sed
3291 2297 3498 2336 omnes
3550 2292 3744 2349 gentes.

2176 2397 2298 2450 qua!
2319 2381 2633 2434 Grzccorum
2682 2392 2901 2432 errores
2944 2386 3144 2430 secuta‘.
3165 2383 3315 2437 sunt,
3340 2373 3539 2426 divino
3562 2372 3747 2442 judicio

2177 2473 2507 2544 deprehensi
2542 2471 2700 2526 multi
2736 2470 3021 2526 servitutis
3065 2469 3254 2540 jugum
3287 2467 3619 2522 subierunt.
3670 2464 3746 2516 Sic

2178 2585 2373 2623 omnes
2423 2583 2563 2636 pene
2595 2572 2854 2619 auctores
2908 2563 3240 2626 schismatis,
3282 2562 3448 2616 multi
3483 2571 3546 2613 ut
3583 2558 3747 2617 Servi,

2176 2663 2386 2724 Blachi,
2413 2659 2644 2714 lliheres
2669 2657 3212 2724 innumerabilesque
3234 2655 3326 2709 alii
3356 2655 3446 2707 vix
3469 2654 3744 2711 resistunt,

2179 2757 2673 2824 succumbentque,
2735 2751 2840 2806 nisi
2903 2749 2954 2806 ei
3015 2750 3178 2819 capiti
3206 2750 3545 2820 junguntur,
3611 2747 3741 2798 unde

2182 2847 2411 2902 abscissi
2446 2855 2595 2900 sunt.
2621 2842 2692 2901 Ut
2721 2845 2869 2899 enim
2902 2858 3000 2914 ego
3018 2843 3251 2898 schisma
3281 2857 3480 2896 eorum
3510 2840 3746 2892 laborum

2181 2941 2573 3010 servitutisque
2603 2955 2714 2994 sua:
2767 2953 2986 2992 causam
3034 2946 3185 3005 puto,
3222 2937 3322 2998 sic,
3368 2933 3414 2988 si
3451 2934 3519 2987 ad
3565 2933 3747 2986 verba-

2183 3043 2292 3088 tem
2344 3035 2551 3100 integre
2606 3032 2927 3100 sineereque
2961 3029 3242 3091 redibunt,
3291 3027 3624 3080 libertatem
3667 3038 3749 3077 eos

2184 3139 2582 3182 consecuturos
2618 3125 2843 3178 minime
2872 3122 3076 3176 ditlido.
3110 3122 3310 3175 Verum
3345 3121 3494 3172 sicut
3529 3128 3614 3171 tot
3651 3129 3748 3170 tan-

2185 3228 2378 3292 tasque
2410 3230 2620 3289 gentes,
2662 3225 2930 3286 quantunt
2965 3229 3022 3270 se
3060 3214 3127 3268 ab
3168 3211 3469 3267 univerSali
3507 3210 3752 3264 Ecclesia

2187 3326 2418 3380 corpore
2473 3309 2842 3373 resciderunt,
2896 3305 3128 3360 summis
3178 3303 3416 3357 cruciari
3471 3301 3755 3356 doloribus

2188 3401 2332 3454 Deus
2359 3399 2626 3468 permisit,
2659 3408 2718 3451 tit
2744 3397 2961 3450 tandem
2994 3394 3312 3450 commoniti
3343 3394 3399 3446 in
3428 3393 3577 3446 ovile
3603 3407 3752 3445 suurn

2188 3492 2404 3561 regredi
2462 3491 2726 3560 cogitent,
2784 3489 2862 3544 sic
2912 3481 3241 3543 crediderim
3277 3486 3542 3539 Romanae
3575 3487 3756 3538 orbem

2189 3584 2447 3638 Ecclesiae
2503 3583 2702 3651 sa-pius
2754 3580 3040 3650 exagitari,
3100 3579 3226 3649 quia
3258 3593 3366 3632 non
3417 3592 3491 3631 eo
3541 3575 3755 3637 ardore,

2191 3690 2302 3745 quo
2362 3674 2690 3736 debuerant,
2766 3680 3019 3726 errantes
3077 3671 3275 3724 fratres
3330 3666 3758 3736 requisivernnt,

2192 3782 2374 3836 neque
2410 3765 2605 3819 imitati
2636 3763 2926 3818 Dominum
2979 3770 3125 3824 sunt,
3156 3761 3248 3830 qui
3281 3775 3457 3829 usque
3509 3758 3577 3813 ad
3616 3773 3759 3812 assu-

2147 3923 2152 3926 ,
2194 3863 2446 3919 mendam
2482 3868 2726 3913 nostram
2755 3865 3009 3911 naturam
3044 3855 3337 3909 humanam
3368 3852 3684 3912 descendit,
3710 3859 3761 3904 ut

2194 3957 2446 4010 amissam
2482 3965 2643 4006 ovem
2671 3949 2810 4006 etelo
2848 3949 3185 4003 restitueret.
3216 3945 3364 4013 Quas
3395 3946 3468 4000 ob
3499 3960 3592 4000 res
3623 3945 3761 3999 Gr:-

2195 4061 2382 4102 corum
2417 4046 2546 4098 unio
2581 4044 2749 4098 totius
2782 4040 2933 4095 orbis
2961 4039 3091 4094 unio
3127 4049 3230 4103 est,
3270 4037 3507 4106 Europa
3551 4036 3761 4090 stabili-

2196 4145 2464 4199 mentum,
2497 4137 2641 4191 Asiae
2671 4135 2838 4198 salus,
2879 4128 3256 4187 Occidentalis
3279 4129 3538 4189 Ecclesia:
3568 4128 3761 4198 gloria,

2196 4226 2496 4282 Orientalis
2555 4225 2799 4288 libertas,
2862 4221 3106 4276 universi
3173 4218 3414 4288 denique
3466 4216 3761 4272 Christiani

2197 4319 2416 4388 generis
2469 4315 2769 4386 reparatio.
2819 4314 2901 4370 Ad
2955 4313 3072 4367 haec
3121 4312 3165 4366 si
3210 4309 3393 4365 nullus
3437 4325 3552 4363 non
3587 4316 3762 4362 mente

2198 4418 2390 4480 captus
2433 4421 2634 4477 negare
2665 4415 2851 4476 queat,
2888 4405 3025 4460 nihil
3057 4404 3212 4474 pejus
3245 4401 3566 4456 Graecorum
3613 4417 3762 4454 aver-

529 4518 755 4578 propter
783 4502 1190 4557 monnullorum
1219 4495 1625 4551 contentionem
1653 4491 1890 4547 schisma
1917 4493 2092 4546 orire-
2127 4523 2169 4576 ι)
2200 4502 2355 4557 sione
2381 4515 2445 4554 ac
2471 4498 2775 4553 inﬁdelium
2809 4496 3095 4566 ίωμῖειειο
3124 4497 3358 4551 inveniri
3393 4509 3575 4562 posse,
3609 4506 3762 4545 nemo

529 4615 643 4669 tur,
675 4599 968 4656 Florentiae
1002 4597 1140 4651 hanc
1169 4606 1357 4645 vocem
1396 4588 1616 4645 audisse
1643 4587 1860 4652 asserit,
1891 4594 1947 4639 et
1975 4584 2094 4655 qui-

527 4699 652 4753 dem
700 4709 825 4749 cum
880 4689 1136 4760 lacrymis
1169 4705 1182 4741 :
1215 4683 1440 4740 Utinam
1493 4696 1579 4735 me
1611 4682 1794 4749 potius
1828 4679 1928 4732 hac
1983 4679 2096 4731 vita

528 4789 792 4846 Dominus
823 4784 1082 4854 privaret,
1122 4792 1285 4848 quam
1321 4793 1406 4830 tnc
1437 4775 1660 4828 vivente
1691 4787 1788 4826 sua
1816 4770 2097 4826 scindatur

532 4879 797 4936 Ecclesia.
845 4873 889 4929 Ο
935 4886 1125 4927 vocent
1159 4871 1323 4939 piam,
1356 4877 1412 4922 et
1458 4875 1510 4920 te
1544 4866 1660 4918 solo
1702 4864 1942 4932 dignam,
1991 4877 2097 4931 qua

529 4977 784 5031 eﬂ‘ectum
819 4977 922 5030 est,
958 4973 1100 5020 utet
1142 4973 1193 5016 te
1237 4962 1348 5014 vita
1395 4958 1539 5012 Deus
1588 4957 1892 5019 donaverit,
1936 4966 1992 5008 et
2031 4954 2099 5008 ab

531 5067 792 5127 Ecclesia,
825 5059 970 5131 quod
999 5071 1191 5111 omnes
1221 5053 1642 5123 pertimuerunt,
1667 5047 1903 5102 schisma
1921 5055 2102 5101 exter-

532 5164 854 5218 niiuaretur.
899 5153 1094 5208 Verum
1145 5150 1279 5211 haec,
1310 5159 1412 5200 nec
1442 5143 1486 5197 si
1526 5142 1594 5196 de
1638 5141 1893 5195 laudibus
1921 5139 2101 5193 Beati-

531 5251 741 5310 tndiniu
787 5259 894 5302 tua:
923 5245 1107 5300 dicere
1156 5238 1292 5294 mihi
1339 5236 1682 5306 propositum
1725 5243 1889 5297 esset,
1937 5232 2098 5300 digna

531 5359 746 5418 possem
786 5339 1036 5396 oratione
1067 5330 1381 5402 complecti.
1429 5327 1525 5382 llis
1562 5325 1728 5395 igitur
1765 5323 1873 5376 tuis
1926 5321 2101 5389 preci-

535 5413 637 5497 bus
685 5445 865 5492 motus
900 5427 1183 5488 Dominus,
1236 5422 1322 5476 his
1368 5419 1477 5473 tuis
1528 5417 1596 5471 ad
1651 5415 1820 5469 Deum
1869 5413 2102 5466 occultis

534 5533 867 5592 clamoribus
894 5523 1178 5583 delinitus,
1213 5528 1306 5572 tuo
1343 5514 1463 5569 zelo
1487 5513 1798 5582 mitigatus,
1837 5520 1944 5562 tuae
1975 5505 2101 5560 ﬁdei

534 5629 733 5682 ardore
758 5629 812 5676 et
838 5617 1104 5674 charitate
1124 5609 1414 5669 adductus,
1451 5604 1559 5659 tuis
1589 5601 1894 5664 laboribus,
1920 5600 2102 5669 lacry-

541 5722 664 5776 mis,
695 5711 988 5784 gemitibus
1021 5703 1271 5765 inﬂexus,
1296 5707 1500 5753 tantam
1535 5709 1648 5748 rem
1675 5701 1847 5763 parat,
1877 5703 1988 5748 tam
2022 5693 2104 5746 di-

544 5809 748 5868 vinam,
795 5811 903 5854 tam
933 5793 1376 5853 Christianorum
1412 5787 1559 5858 genti
1582 5787 1817 5860 putiletn,
1854 5795 1914 5841 ut
1955 5784 2105 5840 nulla

2203 4593 2456 4662 profecto
2480 4589 2779 4656 dubitabit,
2802 4589 2940 4645 nihil
2965 4587 3133 4643 fuisse
3165 4597 3259 4642 aut
3294 4588 3412 4639 fore
3440 4585 3761 4641 laudabilius

2195 4685 2606 4755 gloriosiusque
2651 4681 2866 4737 cuidam
2926 4695 3166 4749 unquam
3223 4692 3442 4733 summo
3503 4676 3756 4746 pontiﬁci,

2199 4792 2362 4846 quam
2397 4774 2726 4830 Beatitudini
2753 4783 2879 4838 tua,
2913 4773 2959 4826 si
2982 4772 3200 4826 Graecos
3235 4771 3490 4833 reducas,
3523 4767 3755 4822 inﬁdeles

2199 4868 2500 4938 opprimas,
2531 4879 2765 4933 quorum
2799 4865 3034 4932 primum
3081 4870 3231 4915 tanto
3276 4863 3455 4930 majus
3496 4870 3578 4913 est
3605 4867 3754 4925 atque

2200 4959 2466 5022 divinius,
2497 4965 2702 5026 quanto
2746 4957 2825 5010 sic
2855 4954 3167 5010 Grazcorutn
3207 4952 3506 5006 schismate
3537 4953 3753 5020 amplia-

2201 5060 2322 5104 rata
2373 5048 2671 5104 inlidelitas
2713 5058 2820 5111 est,
2859 5047 2932 5100 ita
2960 5061 3149 5099 eorum
3208 5043 3532 5099 reductione
3561 5043 3751 5096 facilius

2200 5143 2473 5197 concidet.
2535 5141 2646 5195 Nec
2709 5154 2859 5204 vero,
2920 5139 3048 5210 quia
3108 5137 3356 5206 ingentes
3416 5150 3506 5190 res
3562 5148 3752 5202 semper

2201 5232 2560 5301 consequitur
2600 5245 2794 5300 magna
2851 5229 3167 5293 diﬁicultas,
3226 5228 3356 5282 huic
3411 5242 3631 5297 quoque
3672 5229 3748 5278 att-

2195 5325 2388 5394 juneta
2426 5331 2537 5388 est,
2587 5321 2700 5375 imo
2742 5335 2843 5390 pro
2876 5320 3252 5391 magnitudine
3290 5320 3368 5373 rei
3405 5321 3488 5374 vel
3519 5322 3662 5374 nulla
3687 5317 3753 5368 rei

2203 5431 2390 5484 parva,
2427 5431 2592 5485 quant
2649 5423 2832 5468 tamen
2868 5412 2998 5467 hinc
3048 5411 3244 5482 magis,
3278 5428 3444 5482 quam
3498 5427 3568 5466 ex
3624 5421 3755 5480 parte

2202 5508 2538 5570 Grmcorum,
2578 5507 2881 5560 remotione
2911 5504 3158 5560 locorum
3189 5513 3245 5560 et
3273 5505 3538 5559 dilatione
3570 5516 3760 5572 tempo-

2204 5614 2370 5666 rum,
2441 5597 2578 5666 proh
2637 5597 2810 5651 dolorl
2872 5596 3098 5650 humani
3157 5596 3374 5666 generis
3433 5595 3769 5650 adversarius

2204 5688 2508 5744 adinvenit.
2539 5668 2739 5741 Veru’m
2769 5685 3088 5741 Sanctitatis
3107 5695 3218 5740 tua:
3235 5685 3446 5740 meritis
3471 5684 3647 5755 ipsam
3669 5685 3770 5738 cito

2205 5796 2368 5854 posse
2418 5779 2534 5836 tolli
2563 5777 2902 5837 credendum
2939 5789 3044 5837 est.
3079 5777 3215 5836 Nam
3249 5779 3330 5836 sic
3370 5777 3558 5833 divina
3594 5779 3773 5848 provi-
