3902 6208
255 351 365 416 εει

997 359 1092 418 DE
1137 357 1434 419 UNIONE
1473 356 2007 417 ECCLESIARUM
2061 357 2160 416 AD
2203 359 2618 421 EUGENIUM
2667 362 2765 422 IV.

3399 360 3506 424 89!

255 468 467 534 dentia,
507 485 627 539 quae
659 470 947 528 Sanctitati
985 482 1092 528 tua:
1146 485 1350 529 tantam
1384 491 1499 530 rem
1531 474 1831 537 commisit,
1864 479 1906 534 Α
1940 472 2039 527 tibi
2064 473 2292 545 hujusce
2321 477 2398 530 rei
2431 477 2662 546 principi
2693 479 2935 546 reposita
2965 490 3069 533 est.
3102 477 3231 532 Nam
3263 479 3309 533 si
3338 481 3509 533 Atha-c

257 562 514 618 effectum
543 573 649 630 est,
683 574 742 619 ut
767 569 1018 634 quamvis
1047 569 1233 623 multis
1251 570 1362 639 jam
1384 569 1600 624 saeculis
1630 567 1823 637 dejecti

258 656 328 711 ab
356 657 612 712 Ecclesia:
637 658 844 728 gremio
859 659 1036 715 Crmci
1059 671 1270 726 errant,
1289 677 1398 716 non
1427 661 1612 716 minus
1643 671 1831 715 tamen

257 764 324 804 eo
347 749 554 812 redire,
580 750 725 804 unde
751 747 969 805 fuerant
994 749 1248 816 digressi,
1283 750 1626 822 percupiant,
1661 763 1826 818 quam

260 858 357 896 eos
393 845 640 903 recipere
671 841 898 913 pecidui
949 845 1236 914 pontifices
1289 844 1472 913 parati.
1518 854 1680 909 sunt;
1717 857 1825 896 non

258 933 417 1002 longe
446 933 694 1003 profecto
715 933 893 988 aberit
921 936 1029 991 tuis
1054 936 1121 990 ad
1156 936 1446 991 Dominum
1473 935 1828 991 intercessio-

255 1025 442 1090 nibus,
473 1034 526 1077 et
555 1024 820 1094 quidquid
855 1025 1077 1082 obstare
1107 1027 1404 1094 videbitur,
1444 1036 1703 1097 tanquam
1742 1024 1827 1080 fu-

261 1132 382 1170 mus
427 1128 753 1179 evaneseet;
810 1118 1113 1187 praesertim
1160 1121 1206 1174 si
1240 1121 1371 1190 quid
1410 1121 1633 1190 pietatis
1669 1121 1830 1176 nobis

254 1207 505 1260 relictum
551 1215 657 1271 est,
707 1216 907 1261 etnon
945 1210 1164 1278 penitus
1217 1223 1410 1263 omnes
1439 1224 1503 1262 ea
1558 1210 1829 1277 pravitate

253 1297 518 1362 feramur,
555 1308 614 1352 ut
662 1299 1027 1356 redeuntibus
1061 1301 1117 1355 in
1150 1301 1446 1357 Ecclesium
1491 1301 1697 1356 Graecis
1737 1315 1827 1355 se-

255 1389 387 1443 dulo
419 1404 529 1441 non
557 1400 880 1444 occurratur
906 1409 922 1456 ;
961 1391 1033 1446 ita
1082 1393 1262 1447 omnis
1294 1393 1350 1446 in
1380 1392 1480 1446 hac
1512 1408 1571 1446 re
1601 1391 1829 1445 difﬁcul-

253 1490 334 1534 tas
364 1489 472 1546 est,
517 1492 578 1534 ut
611 1486 974 1549 conveniant;
1012 1495 1211 1538 caetera
1262 1499 1359 1553 per
1401 1498 1460 1538 se
1505 1487 1626 1554 ipsa
1675 1486 1826 1549 tient,

250 1571 487 1626 maxime
518 1574 564 1626 si
594 1571 986 1630 affectionibus
1027 1574 1491 1644 passionibusque
1533 1576 1649 1628 suis
1680 1591 1829 1630 com-

249 1664 411 1716 moda
457 1665 821 1721 adhibeantur
866 1666 1132 1722 remedia.
1167 1667 1244 1721 Ex
1292 1669 1496 1737 quibus
1524 1668 1656 1722 licet
1685 1658 1825 1722 non-

249 1756 398 1809 nulla
435 1757 592 1822 mihi,
624 1758 715 1828 qtti
745 1759 1033 1828 passiones
1065 1773 1193 1814 suas
1220 1758 1371 1826 novi,
1402 1769 1668 1829 quantum
1697 1759 1827 1814 huic

1935 567 2147 632 nasius,
2174 568 2218 621 si
2250 567 2548 639 Gregorius
2578 568 2980 630 Nazianzenus.
3012 572 3057 625 si
3089 571 3254 625 ambo
3295 571 3505 640 Cyrili,

1934 658 2110 710 sancti
2136 658 2237 710 viri
2269 671 2323 712 et
2350 657 2658 727 pontiﬁces,
2685 674 2751 713 ac
2771 661 2978 726 caeteri,
3000 661 3094 729 qui
3124 677 3223 730 pro
3247 661 3506 716 Ecclesia:

1933 747 2135 801 unione
2192 749 2440 818 ingentes
2472 749 2688 804 labores
2738 741 3095 821 perieulaque
3151 753 3342 822 aspera
3380 767 3503 822 per-

1932 839 2078 908 pessi
2113 849 2263 903 sunt,
2315 855 2525 896 summe
2575 859 2684 896 non
2735 852 2944 898 tantum
2977 846 3032 898 in
3085 847 3246 898 terris
3302 846 3503 908 solum,

1931 928 2026 984 sed
2059 941 2115 985 et
2147 931 2199 984 iu
2236 933 2390 986 caelis
2428 933 2744 995 laudantur,
2795 951 2957 1004 quam
3011 947 3168 1004 putas
3205 936 3506 992 Beatitudi-

1930 1020 1986 1074 ni
2021 1030 2125 1075 tuae
2169 1024 2451 1092 paratam?
2481 1034 2633 1079 tanto
2677 1027 3036 1081 illustriorem
3097 1027 3500 1098 majoremque,

1932 1124 2140 1184 quanto
2165 1131 2274 1180 res,
2300 1132 2464 1186 quam
2495 1117 2758 1180 intendis,
2789 1129 2843 1174 et
2877 1120 3228 1175 multitudine
3260 1123 3503 1190 gentium

1931 1215 1987 1260 et
2017 1206 2379 1263 diuturnitate
2411 1211 2673 1280 temporis
2699 1214 2872 1281 major
2901 1219 2954 1264 et
2983 1213 3368 1267 admirabilior
3399 1225 3504 1269 est.

1947 1294 2028 1348 Illi
2059 1298 2174 1351 suis
2206 1300 2542 1368 temporibus
2568 1300 2918 1369 incipientem
2945 1301 3194 1358 ha-resim
3221 1319 3500 1372 oppresse-

1935 1399 2089 1452 runt,
2121 1399 2176 1442 tu
2208 1389 2648 1460 quingentisjam
2681 1394 2840 1449 annis
2867 1393 3148 1449 fundatam
3178 1397 3502 1452 eradicabis.

1933 1475 2015 1531 Illi
2068 1495 2367 1548 paucorum
2423 1483 2707 1537 hominum
2771 1485 3014 1554 iniquam
3070 1486 3504 1556 propositionem

1933 1571 2299 1626 disseminare
2328 1573 2473 1642 passi
2496 1589 2605 1628 non
2631 1586 2795 1642 sunt;
2829 1584 2883 1629 tu
2916 1576 3230 1633 Graecorum
3260 1579 3504 1636 omnium

1933 1662 2417 1732 varias.0piniones
2436 1667 2627 1737 majori
2653 1668 2794 1736 parti
2817 1669 3190 1741 orbisjatndiu
3219 1671 3448 1727 traditas
3475 1688 3506 1727 e

1931 1755 2114 1810 medio
2158 1757 2337 1813 tolles.
2371 1759 2452 1813 Illi
2486 1759 2572 1811 vix
2609 1774 2848 1830 unquam
2893 1760 3175 1816 civitatem
3209 1777 3373 1816 unam
3423 1780 3507 1816 re-

253 1848 417 1902 uiodo
465 1860 812 1916 succurrant,
868 1850 1094 1906 silentio
1153 1858 1338 1905 tamen
1369 1865 1433 1905 ea
1464 1850 1706 1905 retinere
1741 1820 1900 1904 ἰη-Β
1933 1847 2250 1914 duxerunt;
2319 1861 2375 1906 tu
2436 1867 2685 1919 magnam
2747 1861 2957 1920 partem
3021 1853 3274 1924 Europre,
3333 1863 3503 1909 totam

259 1940 437 2004 stitui,
484 1941 784 2010 praesertim
825 1944 1084 2012 quoniam
1108 1943 1291 1997 adhuc
1330 1944 1444 2012 ipsa
1485 1943 1826 2014 longiuscule

218 2083 233 2093 ,
263 2035 486 2098 absunt,
539 2034 843 2103 praesertim
891 2035 1150 2104 quoniam
1207 2037 1442 2091 maxime
1496 2036 1613 2106 ipsa
1661 2033 1825 2091 celari

265 2125 549 2181 conducit.
568 2125 646 2179 Tu
665 2139 820 2190 vero,
850 2125 1171 2181 Beatissime
1194 2127 1374 2191 Pater,
1397 2127 1490 2197 qui
1511 2141 1728 2196 semper
1745 2141 1828 2181 re.

260 2219 368 2273 bus
404 2216 654 2271 maximis
711 2217 955 2270 animum
1010 2216 1337 2282 adhibuisti,
1391 2218 1520 2273 huic
1571 2220 1674 2282 rei,
1705 2233 1827 2286 qua:

259 2323 371 2363 non
407 2308 500 2361 uni
544 2307 752 2362 civitati
785 2316 841 2362 et
888 2309 1108 2378 populo,
1148 2324 1258 2363 non
1294 2311 1441 2377 genti
1491 2318 1585 2362 aut
1617 2309 1826 2377 regioni

254 2401 374 2466 uni,
407 2400 501 2454 sed
538 2401 636 2454 toti
666 2400 830 2455 simul
863 2401 984 2455 orbi
1015 2411 1285 2454 terrarum
1314 2399 1626 2453 libertatem
1663 2407 1828 2468 atque

251 2491 488 2548 salutem
526 2493 760 2546 allatura
789 2500 897 2556 est,
933 2491 1212 2556 incumbe,
1243 2499 1302 2546 ut
1331 2490 1568 2561 coepisti,
1606 2489 1826 2545 subeas-

253 2599 365 2654 que
393 2599 737 2654 quaecunque
769 2584 835 2638 ad
873 2585 978 2638 hoc
1006 2584 1345 2653 propositum
1375 2583 1519 2637 ferre
1547 2582 1823 2647 videntur,

255 2691 318 2732 ut
367 2678 523 2733 facis.
577 2677 700 2732 Non
738 2679 920 2747 pigeat
968 2685 1166 2732 cuncta
1219 2691 1556 2746 oppugnare,
1617 2689 1740 2744 quae
1775 2675 1825 2729 ei

255 2769 642 2833 adversantur,
667 2769 845 2822 donec
876 2768 1050 2822 victor
1075 2767 1144 2822 de
1178 2766 1491 2821 adversario
1521 2765 1824 2822 Christiani

251 2861 473 2931 generis
503 2860 829 2930 triumphes.
878 2860 1012 2914 Nam
1057 2860 1102 2914 si
1137 2868 1359 2930 propter
1394 2861 1557 2915 unius
1593 2875 1825 2915 conver-

250 2953 464 3006 sionem
521 2954 760 3007 hominis
794 2952 1055 3022 gaudium
1114 2954 1168 3008 in
1201 2953 1344 3007 ccelo
1394 2953 1509 3018 ﬁat,
1567 2952 1825 3022 intelligis

249 3046 498 3114 profecto
529 3055 608 3100 tot
641 3045 918 3115 gentibus,
967 3053 1047 3100 tot
1082 3044 1424 3110 nationibus,
1459 3045 1670 3116 regnis,
1720 3040 1839 3101 lin?

247 3137 375 3204 guis
409 3136 464 3191 in
493 3138 780 3192 veritatem
829 3138 1133 3202 conversis,
1173 3149 1378 3206 quanta
1429 3137 1601 3207 gloria
1633 3136 1815 3192 exsul-
1850 3170 1894 3226 ο

244 3237 446 3292 tabunt
486 3236 633 3302 caeli,
669 3246 726 3290 et
764 3246 816 3292 te
845 3245 1068 3291 auctore
1119 3235 1337 3290 Domini
1386 3233 1614 3302 gloriam
1665 3247 1826 3287 enar-

245 3334 470 3386 rabunt.
503 3331 622 3387 Non
672 3333 798 3388 dico
827 3331 945 3386 hac
1003 3341 1062 3385 ut
1103 3330 1386 3392 exhorter,
1421 3343 1530 3398 quo
1585 3327 1825 3381 libenter

241 3440 398 3494 agas,
446 3439 572 3494 quae
602 3423 971 3479 libentissime
1002 3422 1331 3492 suscepisti;
1373 3435 1564 3475 verum
1609 3417 1824 3486 cupidi-

242 3527 416 3571 tatem
455 3531 655 3574 meam.
693 3530 802 3585 qua
854 3515 1040 3577 ardeo,
1081 3523 1142 3568 nt
1198 3527 1392 3567 omnes
1425 3511 1560 3565 mihi
1595 3523 1820 3581 genere.

244 3607 598 3679 cognatione,
651 3607 912 3662 afﬁnitate
945 3608 1270 3678 conjunctos
1291 3603 1572 3674 recipiam,
1597 3619 1708 3657 non
1740 3603 1826 3656 in-

241 3703 397 3756 vitus
426 3701 679 3756 ostendo.
711 3699 824 3755 Nec
853 3700 1001 3754 enim
1039 3699 1180 3771 fugit
1207 3698 1613 3753 Beatitudinem
1648 3705 1819 3761 tuam,

240 3802 450 3863 quanta
505 3792 648 3857 laus,
703 3800 905 3864 quanta
956 3792 1152 3863 gloria,
1203 3807 1324 3862 qua;
1363 3806 1566 3846 corona
1623 3797 1739 3843 tum
1789 3803 1821 3844 a

235 3883 504 3940 Creatore
555 3892 748 3940 nostro
803 3895 1031 3950 aeterno,
1069 3893 1182 3938 tum
1239 3884 1403 3938 etiam
1451 3885 1520 3940 ab
1574 3887 1821 3941 Ecclesia

236 3975 391 4046 ejus,
445 3983 500 4031 et
553 3977 807 4032 universa
863 3976 1302 4031 Christianorum
1356 3985 1521 4046 gente
1563 3979 1823 4046 perennis

1936 1941 2141 2005 Asiam,
2176 1955 2369 1996 omnes
2415 1940 2660 1996 Orientis
2709 1941 3006 2008 Ecclesias,
3061 1955 3298 2014 quatuor
3349 1946 3506 2000 vidc-

1930 2030 2059 2086 licet
2089 2031 2213 2086 illas
2265 2041 2387 2100 post
2434 2033 2664 2102 primam
2705 2035 2933 2103 primas,
2989 2033 3206 2090 Christo
3235 2035 3365 2090 Jesu
3403 2037 3506 2090 Do~

1931 2121 2081 2176 mino
2112 2133 2323 2190 nostro,
2359 2135 2416 2178 et
2461 2126 2555 2180 tibi
2604 2128 2723 2196 ejus
2784 2141 2915 2180 vero
2945 2126 3149 2181 vicario
3181 2130 3503 2199 conjunges,

1929 2211 2208 2281 faciesque
2264 2215 2406 2268 ovile
2459 2231 2628 2269 unum
2684 2223 2736 2269 et
2785 2231 2990 2285 corpus
3025 2233 3195 2272 unum
3229 2220 3504 2284 Ecclesite,

1931 2302 2089 2370 cujus
2119 2318 2242 2354 cum
2277 2303 2569 2358 Bcalitudo
2609 2314 2700 2360 tua
2745 2313 2870 2373 post
2910 2306 3190 2362 Christum
3217 2309 3287 2361 sit
3321 2318 3506 2378 caput,

1931 2395 2302 2449 membrorum
2356 2410 2583 2450 suorum
2645 2397 2983 2451 abscissione
3039 2398 3225 2452 dolere
3279 2414 3508 2455 necesse

1929 2495 2036 2541 est.
2073 2485 2244 2552 Quam
2283 2486 2352 2540 ad
2391 2501 2506 2541 rem
2568 2487 2776 2541 utinam
2809 2503 2912 2557 ego
2971 2504 3192 2559 quoque
3248 2491 3502 2547 conferre

1930 2576 2144 2647 aliquid
2203 2592 2457 2648 possem;
2513 2592 2638 2632 nam
2706 2588 2972 2648 quantum
3023 2581 3307 2638 erroribus
3352 2599 3505 2638 meo-

1933 2689 2053 2728 rum
2080 2687 2338 2736 movear,
2359 2671 2444 2726 vel
2475 2687 2538 2725 ex
2569 2671 2693 2736 hoc,
2726 2672 2873 2740 quod
2901 2672 3029 2738 feci,
3065 2675 3160 2745 qui
3188 2690 3283 2732 eas
3322 2687 3508 2746 partes

1893 2767 2095 2846 ‘simul
2149 2782 2270 2821 cum
2313 2766 2573 2836 opinione
2606 2781 2854 2820 meorum
2898 2767 3118 2838 reliqui,
3165 2785 3345 2840 neque
3376 2771 3507 2828 illuc

1929 2869 2202 2930 revertag,
2237 2858 2343 2912 nisi
2390 2867 2487 2912 aut
2519 2858 2859 2926 compulsus,
2894 2869 2990 2913 aut
3033 2861 3185 2915 unita
3237 2861 3506 2928 Ecclesia,

1929 2953 2014 3006 vel
2043 2968 2111 3006 ex
2141 2951 2228 3005 his
2257 2949 2474 3019 quteead
2505 2961 2833 3007 accusantes
2861 2961 3117 3022 parentes
3143 2961 3308 3024 atque
3339 2970 3510 3024 agna-

1930 3053 2016 3098 tos
2063 3042 2389 3113 conscripsi,
2443 3041 2792 3112 apertissime
2835 3053 3006 3114 patet.
3043 3045 3241 3112 Quare,
3279 3047 3322 3100 si
3373 3047 3506 3118 quid

1928 3132 2152 3188 Crat-eus
2194 3132 2261 3185 ad
2298 3131 2612 3187 Graecorum
2653 3146 2767 3187 rem
2815 3133 3124 3188 conducere
3148 3148 3395 3203 possum,
3425 3146 3508 3187 to-

1934 3232 2048 3277 tum
2076 3223 2151 3289 id,
2188 3237 2369 3292 neque
2398 3221 2577 3292 ipsum
2605 3223 2941 3278 Beatitndini
2990 3233 3095 3278 tua;
3126 3224 3320 3280 devote
3342 3235 3507 3297 atque

1927 3313 2212 3368 humiliter
2237 3314 2427 3369 offero.
2464 3313 2573 3369 Sed
2605 3329 2673 3368 ne
2703 3314 2919 3384 longior
2952 3315 3081 3379 sim,
3115 3317 3260 3387 quod
3287 3328 3418 3388 opto
3451 3330 3507 3373 et

1927 3421 2115 3477 spero,
2147 3407 2479 3462 universalis
2503 3407 2764 3464 Ecclesiae
2782 3423 2974 3472 pacem
3003 3409 3147 3465 Deus
3165 3411 3507 3466 Christiano-

1927 3513 2049 3552 rum
2080 3499 2266 3567 generi
2295 3513 2394 3568 per
2429 3497 2787 3556 Sanctitatem
2828 3508 2976 3554 tuam
3008 3500 3175 3556 citius
3218 3505 3506 3560 concedat.

1925 3592 2122 3647 Amen.

2001 3683 2254 3754 Georgius
2279 3683 2682 3756 Trapezuntitta,
2706 3685 3066 3741 devotissimus
3095 3703 3158 3742 ac
3177 3687 3505 3742 humillimus

1927 3775 2238 3832 Sanctitatis
2288 3785 2392 3831 tua:
2429 3777 2684 3846 famulus,
2733 3786 2900 3832 totum
2927 3793 2984 3833 se
3013 3778 3117 3848 ipsi
3167 3779 3504 3834 commendat

1929 3887 1992 3925 ac
2012 3870 2177 3926 tradit
2205 3869 2308 3940 (i).

322 4173 861 4250 _(_l)_Trapczun;itnn
899 4185 951 4230 et
985 4177 1125 4234 hanc
1170 4179 1345 4250 ipsius
1377 4179 1680 4236 orationem
1714 4194 1811 4237 seu
1852 4177 2139 4248 epistolam
2175 4173 2584 4233 commendavit
2651 4175 2928 4234 Ludovico
2961 4176 3260 4249 Scarampo
3322 4176 3524 4234 eardi-'

235 4245 358 4301 nali
380 4245 626 4302 Francist
646 4265 708 4301 us
743 4249 928 4302 Uatbat
945 4262 1008 4302 us
1052 4245 1207 4306 anno
1239 4251 1400 4306 1455.
