3902 6208
319 272 419 339 οτι

1159 271 1528 334 EPISTULA
1571 274 1668 332 AD
1709 262 2069 334 ΙΟΛΝΝΕΜ
2112 262 2552 334 ΡΑΙΛΞΟΙῺΟ.
2590 271 2749 330 IMP.

3477 271 3584 332 902

327 392 497 464 μόνην
525 391 650 460 λέγε
684 410 776 462 μοι
808 391 1198 464 οἶκουμενικὴν
1228 386 1295 462 ἦς
1345 392 1406 444 οὗ
1468 392 1714 462 κατῆρξε
1757 393 1906 462 βασι-

2025 393 2325 463 :omplures
2370 391 2660 446 celebrata:
2693 389 2846 445 sint?
2880 401 3116 458 quarum
3167 388 3356 458 primae
3404 401 3590 457 partes

323 485 446 548 λεὺς
489 484 804 554 Ῥωμαίων.
851 483 992 536 Ἀλλ’
1028 484 1125 552 οὐχ
1147 483 1293 548 ἕξεις
1338 482 1547 552 λέγειν.
1581 485 1647 536 Τί
1678 483 1770 546 δέ;
1803 482 1904 546 τὰς

331 576 431 644 μὲν
456 576 621 639 ἄλλας
649 576 866 645 βασιλεῖ
917 575 1210 646 Ῥωμαίων
1245 577 1328 638 εἰς
1383 575 1552 629 ταυτὸ
1592 574 1907 628 συνελθόντι

328 666 550 737 γνώμης
586 668 662 736 τῷ
689 666 844 738 ἄκρῳ
873 667 1123 737 ἀρχιερεῖ
1145 667 1590 738 συγκροτηθῆναι
1636 666 1906 736 νομίζεις,

327 762 530 831 ταύτην
562 760 622 813 δὲ
655 759 1085 829 τὴνμέλλουσαν
1124 758 1398 822 Ἀόεῶνάς
1427 776 1579 820 τινας
1612 759 1645 828 ἢ
1679 758 1908 829 Ναρὸῶι

325 871 443 916 νας,
480 854 510 923 ῆ
545 853 860 920 Λουγδῖνας,
895 853 926 923 ἢ
959 851 1213 916 οὕστινας
1265 851 1332 905 ἂν
1397 851 1563 922 βούλῃ
1599 854 1921 922 συγκροτή-”

329 963 444 998 σειν
475 947 584 999 δεῖν
613 943 744 1010 οῐει;
779 947 887 999 Καὶ
934 945 1020 1009 τίς
1049 945 1223 999 ταῦτα
1279 945 1406 999 νοῦν
1451 945 1590 1014 ἔχων
1621 945 1906 1010 ἀνέξεταις

327 1038 528 1105 μᾶλλον
557 1037 614 1090 δὲ
634 1039 717 1099 τίς
748 1037 809 1090 οὐ
843 1037 1036 1105 διάρας
1066 1037 1244 1107 στόμα
1277 1039 1422 1106 μέγα
1483 1037 1696 1107 βοήσει,
1743 1037 1822 1100 ώςν
1843 1037 1908 1089 οὐ

325 1129 542 1192 σύνοῗος
583 1128 723 1199 αῦτη
773 1130 906 1198 ἀγξα
933 1129 1056 1182 οὐδὲ
1112 1128 1334 1183 συνόδου
1371 1129 1536 1200 ῐχνος,
1595 1129 1707 1183 οὐδ’
1739 1130 1911 1197 ἔγγὺς

327 1222 434 1275 κᾶν
493 1222 658 1284 σκιᾶς
726 1221 969 1286 συνόδου,
1013 1219 1130 1274 ἀλλ’
1185 1220 1560 1290 ἀποπλήκτων
1601 1221 1912 1292 ἀνθρώπων

329 1313 685 1380 ἑφευρέρατα
725 1312 939 1382 πονηρὰ
991 1312 1094 1382 τὴν
1157 1313 1490 1382 οἰκουμένην
1541 1312 1909 1382 ταράττοντα;

328 1404 428 1458 Διά
453 1407 539 1469 τίς
596 1407 742 1458 Διότι
772 1407 834 1459 οὐ
863 1405 1008 1459 κατά
1037 1406 1266 1476 γνώμην
1298 1405 1391 1458 τοῦ
1445 1404 1669 1475 Ῥώμης
1725 1406 1913 1475 ἀρχιε-

336 1501 494 1566 ρέως,
521 1498 656 1551 διότι
689 1497 945 1567 βασιλεὺς
1002 1496 1322 1567 Ῥωμαίων,
1385 1491 1429 1566 ᾧ
1461 1495 1640 1550 ταῦτα
1699 1498 1914 1565 ἐφεῖται

331 1591 562 1653 ἄπωθεν,
598 1591 699 1643 οὐκ
726 1590 890 1654 αὐτὸς
928 1590 1335 1660 συγκροτήσας,
1400 1589 1516 1642 ἀλλ’
1549 1589 1629 1651 εἰς
1675 1605 1916 1655 προσυγ-

331 1682 694 1752 κρςτηθεῖσαν
727 1681 922 1752 ῶσπερ
955 1700 1038 1745 τις
1071 1680 1293 1752 ἰδιώτης
1313 1680 1582 1734 καλεῖται.
1610 1679 1682 1733 Σὺ
1705 1680 1763 1732 δέ
1799 1695 1912 1748 μοι,

334 1774 521 1844 ἀριστε
555 1772 803 1843 βασιλεῦ,
838 1773 1002 1843 βλέπε
1023 1773 1225 1837 θείους,
1246 1772 1338 1836 οὓς
1363 1771 1570 1842 ἔθηκαν
1598 1772 1648 1823 oi
1680 1772 1915 1840 πατέρες

335 1883 428 1919 σου
465 1866 726 1935 θεσμοὺς,
764 1865 886 1935 θείᾳ
916 1865 1043 1937 δίκῃ
1064 1865 1463 1936 τηρουμένους,
1493 1864 1586 1916 καὶ
1611 1863 1913 1934 θαύμασον.

347 1958 573 2010 Ἐκεῖνοι
638 1957 739 2027 μὲν
789 1957 1006 2010 πολλῶν
1046 1957 1220 2010 ὲθνῶν
1251 1955 1693 2019 δυναστεύοντες,
1725 1957 1792 2027 τῇ
1821 1956 1915 2008 τοῦ

348 2049 574 2118 Ῥώμης
595 2050 895 2119 ἀρχιερέως
917 2048 1114 2120 γνώμῃ
1141 2051 1369 2120 ἤγειραν
1387 2049 1482 2110 τάς
1508 2049 1778 2112 συνόδους.
1805 2050 1916 2117 Τῆς

336 2141 508 2210 τύχης
541 2140 598 2192 δὲ
633 2141 1077 2210 μεταπεσούσης,
1104 2143 1198 2194 κα)⁵
1229 2143 1320 2195 τοῦ
1366 2145 1467 2210 μὲν
1490 2141 1802 2211 ἀξιώματος
1833 2141 1920 2194 όν-

336 2247 428 2294 τος
450 2231 546 2285 τοῦ
574 2233 740 2286 αὑτοῦ
776 2233 860 2285 σοί
891 2250 950 2286 τε
982 2235 1080 2288 καὶ
1110 2237 1224 2296 τοῖς
1273 2233 1464 2296 πάλαι,
1508 2233 1626 2285 δέον
1657 2231 1912 2300 γενέσθαι

339 2323 560 2378 σύνοδον
610 2325 1000 2396 οἰκουμενικὴν
1054 2326 1150 2378 ἐπὶ
1195 2325 1482 2396 διορθώσει
1544 2324 1645 2390 τῆς
1685 2324 1918 2394 Ἐκκλη-

338 2415 480 2479 σίας,
512 2417 604 2467 καὶ
642 2415 774 2488 πρὸς
804 2417 864 2468 τὸ
890 2416 1226 2486 συναχθῆναι
1293 2416 1500 2487 ταύτην
1529 2417 1742 2480 οὐδενός
1772 2418 1918 2470 κατά

341 2521 407 2572 γε
435 2507 526 2558 τὶν
575 2507 672 2560 τοῦ
745 2509 958 2562 δικαίου
1009 2509 1190 2578 λόγον,
1255 2510 1395 2581 πλὴν
1449 2510 1716 2579 βασιλέως
1783 2509 1917 2564 Ῥω-

344 2597 523 2667 μαίων
549 2602 644 2651 καὶ
677 2601 876 2670 χρόνον
937 2608 1034 2656 καὶ
1077 2603 1264 2665 τόπον,
1295 2599 1450 2673 οἶμαι
1475 2603 1532 2656 δὲ
1559 2603 1656 2656 καὶ
1709 2603 1915 2674 τρόπον

339 2686 527 2758 ὁρίσαι
559 2687 886 2760 δυναμένου,
921 2691 1201 2746 ἀδυνάτων
1234 2692 1404 2746 όντων
1433 2711 1513 2748 σοι
1543 2693 1653 2746 τῶν
1699 2695 1800 2762 τῆς
1825 2693 1918 2748 τύ-

338 2797 462 2850 χης,
507 2780 856 2835 συνέκλεισεν
893 2785 924 2836 ό
973 2783 1129 2848 Θεὸς,
1180 2777 1259 2848 οἷς
1309 2779 1417 2838 οἶδε
1481 2786 1771 2855 κρίμαςιν,
1837 2789 1917 2850 εἰς

341 2873 491 2926 τοῦτ’
517 2873 766 2943 ἀνάγκης
792 2873 860 2926 τὰ
895 2875 1219 2944 πράγματα,
1284 2873 1427 2928 ὥστε
1492 2876 1551 2928 σὲ
1583 2875 1745 2945 μόνον
1776 2871 1916 2930 εἶναι

341 2963 417 3027 ὡς
450 2963 556 3017 ἔδει
588 2964 779 3034 κύριον
809 2966 906 3019 καὶ
938 2965 1132 3028 τόπου,
1169 2965 1265 3018 καὶ
1291 2967 1512 3036 χρόνου,
1577 2967 1672 3019 καὶ
1713 2967 1915 3036 τρόπου

2009 493 2134 552 post
2179 483 2484 537 Romanum
2539 479 2854 551 pontil'icem
2907 494 3128 549 semper
3173 495 3344 550 penes
3391 481 3595 536 Roma,

2010 589 2142 627 num
2188 573 2576 642 imperatorem
2626 572 2872 627 fuerunt.
2907 571 3148 626 Numera
3188 572 3322 627 mihi
3353 573 3593 644 synodos

2009 674 2066 719 et
2101 680 2361 733 percurre
2395 679 2609 728 omnes,
2657 665 2874 718 unicam
2913 665 3178 718 duntaxat
3227 663 3416 734 profer
3442 679 3592 720 oecu-

2015 757 2307 818 meuicam,
2346 758 2434 811 cui
2479 759 2780 827 imperator
2817 755 3192 810 Romanorum
3234 773 3341 810 non
3377 756 3594 812 initium

2013 848 2224 903 fecerit.
2257 849 2472 904 Nullam
2507 849 2771 918 proferes.
2800 849 2940 915 Quid
2983 865 3114 918 ergo
3135 850 3157 902 ‘i
3181 849 3318 904 alias
3356 851 3598 920 impera-

2015 943 2118 996 tori
2156 943 2527 998 liomauorum
2553 943 2699 998 idem
2731 958 2856 997 cum
2899 959 3156 1013 supremo
3184 943 3447 1013 episcopo
3469 961 3599 1000 sen-

2015 1035 2170 1089 tienti
2203 1049 2510 1090 convocare
2547 1035 2768 1090 licuisse
2795 1049 3012 1099 censes,
3056 1035 3199 1090 lianc
3229 1046 3416 1090 autem
3450 1035 3599 1090 futu-

2017 1139 2131 1180 ram
2173 1125 2592 1183 Avenionenses
2622 1126 2913 1196 quosdam,
2945 1135 3039 1180 aut
3066 1125 3474 1188 Narbonenses.
3505 1138 3601 1182 aut

2018 1217 2409 1290 Lugdunenses
2428 1228 2524 1273 aut
2547 1233 2910 1290 quoscunque
2931 1218 3196 1285 volueris,
3216 1233 3417 1290 cogere
3437 1234 3600 1290 posse

2016 1311 2352 1366 arbitraris?
2395 1310 2534 1378 Quis
2563 1311 2805 1382 prudens
2837 1311 2941 1366 hoc
2981 1311 3162 1366 ferat?
3193 1312 3304 1367 imo
3333 1315 3458 1383 quis
3490 1328 3600 1367 non

2016 1417 2114 1457 ore
2161 1413 2352 1473 aperto
2385 1403 2606 1469 clamet,
2641 1419 2750 1460 non
2795 1418 2918 1459 esse
2965 1402 3107 1459 hanc
3155 1415 3399 1459 sanctam
3435 1420 3600 1477 syno-

2017 1493 2171 1560 dum,
2208 1508 2312 1548 nec
2356 1493 2652 1564 vestigium
2699 1493 2917 1565 synodi,
2964 1509 3068 1549 nec
3099 1493 3334 1549 similem
3391 1497 3602 1551 umbra:

2019 1584 2236 1655 synodi,
2268 1583 2365 1638 sed
2409 1584 2730 1640 insanorum
2780 1585 3068 1639 hominum
3110 1587 3334 1640 inventa
3365 1601 3600 1656 nequam

2020 1675 2214 1730 orbem
2257 1683 2532 1731 terrarum
2559 1675 2980 1746 perturbantia?
3003 1676 3144 1742 Quid
3177 1675 3294 1731 ita?
3323 1677 3598 1742 Quoniam

2023 1783 2132 1821 non
2167 1782 2235 1822 ex
2267 1769 2542 1823 sententia
2578 1767 2809 1824 Romani
2845 1769 3164 1836 pontiﬁcis;
3205 1770 3466 1840 quoniam
3499 1770 3601 1824 im-

2023 1866 2243 1925 perator
2290 1857 2690 1923 Romanorum,
2724 1860 2813 1914 cui
2871 1859 2988 1915 lucc
3043 1861 3283 1930 desuper
3342 1861 3600 1916 mandata

2021 1957 2176 2014 sunt,
2205 1963 2313 2004 non
2348 1950 2466 2020 ipse
2509 1951 2859 2016 convocavit,
2889 1951 2986 2007 sed
3020 1953 3086 2005 ad
3135 1951 3288 2022 prius
3330 1968 3599 2008 convoca-

2021 2051 2130 2096 tam
2163 2043 2311 2098 velut
2344 2043 2620 2114 quispiam
2674 2045 2843 2100 idiota
2882 2055 2938 2100 et
2980 2047 3228 2115 privatus
3277 2049 3596 2101 arcessitur.

2021 2131 2102 2186 Tu
2134 2148 2288 2199 vero,
2321 2135 2626 2205 imperator
2654 2137 2882 2207 Optime,
2933 2138 3080 2208 leges
3125 2153 3154 2192 a
3207 2140 3455 2209 patribus
3491 2141 3601 2195 tuis

2021 2225 2160 2279 latas
2192 2225 2494 2298 diviuoque
2530 2228 2655 2298 jure
2694 2241 3051 2285 conservatas
3079 2233 3366 2287 considera
3401 2243 3458 2288 et
3499 2234 3599 2287 ad-

2021 2317 2243 2371 mirare.
2300 2318 2381 2373 llli
2441 2334 2566 2374 cum
2622 2322 2813 2376 multis
2866 2323 3129 2391 gentibus
3192 2323 3598 2394 imperitarent.

2022 2409 2255 2464 Romani
2311 2411 2554 2481 episcopi
2609 2413 2942 2468 auctoritate
3008 2414 3254 2485 synodos
3309 2415 3599 2486 cogebant.

2020 2496 2262 2552 Fortuna
2307 2498 2658 2568 postmodum
2690 2507 3052 2567 commutata,
3085 2501 3278 2556 eadem
3315 2502 3600 2556 nihilomi-

2021 2602 2126 2643 nus
2155 2588 2422 2660 dignitate
2451 2604 2543 2644 tua
2573 2598 2631 2645 et
2663 2592 3024 2660 antiquorum
3059 2605 3443 2662 permanente,
3475 2610 3600 2650 cum

2019 2677 2086 2733 ad
2109 2680 2550 2736 emendationem
2571 2679 2832 2738 Ecclesiae
2852 2683 3144 2754 agitandus
3160 2693 3248 2739 est
3271 2697 3600 2752 conventus.

2018 2779 2075 2822 et
2124 2783 2288 2825 nemo
2338 2771 2466 2841 jure
2516 2781 2720 2842 praeter
2771 2773 3160 2844 imperatorem
3229 2777 3602 2834 Romanorum

2022 2872 2259 2932 tempus,
2296 2875 2352 2919 et
2381 2865 2585 2928 locum,
2616 2876 2673 2921 et
2713 2868 2936 2922 modum
2980 2869 3216 2926 delinire
3241 2873 3434 2940 possit,
3471 2875 3602 2946 quia

2020 2969 2154 3023 opes
2205 2963 2312 3010 tua;
2361 2955 2592 3011 inﬁrmae
2649 2968 2801 3024 sunt,
2855 2958 3000 3014 Deus
3035 2961 3247 3031 judicio
3290 2963 3438 3032 quod
3487 2966 3604 3035 ipse

238 3061 240 3064 ’
344 3055 442 3107 καὶ
474 3053 574 3125 τῆς
600 3052 846 3118 ὲνώσεως
875 3055 1068 3125 αὐτῆς,
1099 3055 1315 3118 οὐδενὸς
1342 3055 1374 3127 ἢ
1405 3055 1604 3125 ὀλίγων
1639 3057 1786 3110 πάνυ
1823 3058 1916 3109 άν-

2026 3048 2176 3102 novit
2205 3047 2258 3102 in
2281 3047 2386 3103 hoc
2413 3049 2755 3106 necessitatis
2785 3067 2900 3106 rem
2925 3054 3216 3120 conclusit,
3264 3065 3325 3112 ut
3369 3067 3424 3111 tu
3453 3059 3605 3114 solus

343 3147 667 3215 τιλεγόντων
703 3145 892 3208 τανῦν,
929 3147 1112 3217 μικρῷ
1144 3148 1190 3202 δ’
1233 3147 1461 3216 ὕστερον
1485 3151 1702 3202 πάντων
1733 3149 1919 3212 ἀπλῶς

315 3279 320 3284 .
351 3242 452 3310 τὴν
483 3239 581 3310 σὴν
613 3238 870 3308 θειότητα
905 3240 1127 3293 πάντων
1155 3240 1267 3292 τῶν
1293 3239 1475 3293 καλῶν
1507 3241 1694 3294 αἰτίαν
1717 3243 1920 3310 ἀνακη-

346 3332 636 3403 ρυξόντων.
695 3333 804 3386 Καὶ
834 3329 992 3385 τοῦτο
1024 3332 1084 3384 οὐ
1114 3331 1367 3386 τοσοῦτον
1400 3333 1716 3402 θαυμαστὸν
1739 3336 1920 3387 καίτοι

263 3433 265 3440 “
345 3423 405 3477 ὃν
435 3423 774 3494 θαυμαστὸν,
810 3424 933 3476 ὅσον
963 3425 1142 3477 ἐκεῖνο
1165 3424 1302 3492 ὅπερ
1328 3424 1388 3477 τὸ
1460 3424 1720 3495 ἐπιϐῆναι
1762 3426 1922 3494 μόνον

345 3511 444 3580 τῆς
488 3512 638 3582 νηὸς,
688 3512 784 3564 καὶ
832 3511 988 3564 πλεῖν
1017 3511 1098 3573 εις
1161 3510 1394 3564 Ἰταλίαν
1452 3510 1848 3582 κατορθώσεις,
1877 3505 1922 3565 ὦ

351 3601 595 3674 βασιλεῦ.
639 3602 760 3655 Τόδ⁹
807 3599 921 3656 οἷόν
964 3604 1134 3667 ἐστιν,
1176 3603 1436 3670 ἄκουσον,
1491 3604 1669 3658 καίτοι
1720 3622 1785 3675 γε
1825 3608 1922 3659 καὶ

347 3694 500 3766 παρά
527 3693 725 3747 σαυτοῦ
755 3691 934 3758 εἰδὼς,
977 3693 1075 3746 καὶ
1107 3694 1236 3764 παρ’
1261 3694 1439 3748 ἀλλων
1469 3697 1604 3760 ἴσως
1655 3697 1919 3760 ἀκούσας·

345 3786 409 3838 οὐ
437 3787 544 3855 γὰρ
570 3787 742 3838 κακον
781 3785 844 3837 τὸ
875 3785 945 3838 τά
996 3783 1221 3839 τοιαῦτα
1279 3784 1543 3850 πολλάκις
1596 3789 1696 3841 καὶ
1741 3787 1925 3858 λέγειν

345 3893 405 3930 τε
449 3878 544 3930 καὶ
601 3877 844 3931 ἀκούειν.
902 3876 1236 3943 Σπουδάζεις
1285 3878 1352 3932 σὺ
1391 3878 1689 3949 βασιλικῶς
1753 3882 1922 3952 μάλα,

345 3963 391 4023 ὧ
425 3968 668 4040 βασιλεῦ,
703 3971 782 4033 εἰς
823 3969 954 4040 μίαν
981 3972 1222 4042 π>ίμνην
1255 3974 1353 4026 καὶ
1381 3974 1617 4046 ποιμένα
1664 3974 1762 4028 ἕνα
1797 3993 1925 4030 συν-

348 4061 505 4129 άγειν
533 4061 594 4114 τὸ
613 4061 722 4116 τῶν
748 4063 1092 4131 Χριστιανῶν
1121 4063 1322 4132 ιγένος.
1391 4065 1576 4134 Ἀλγεῖ
1603 4066 1764 4121 τοῦτ’
1790 4069 1923 4122 αὐτὸ

346 4153 547 4208 ἐννοῶν
567 4156 596 4207 ό
612 4156 1015 4225 κοσμοκράτωρ
1036 4154 1306 4222 διάϐολος,
1332 4158 1428 4210 καὶ
1451 4158 1745 4214 σπουδάζει
1791 4162 1925 4228 πρὸς

345 4246 406 4299 τὸ
424 4228 668 4300 κωλῦσαι
682 4241 728 4316 ᾧ
741 4248 805 4300 σὺ
822 4246 1168 4312 σπουδάζεις,
1186 4249 1372 4318 σχίσαι
1397 4253 1489 4303 καὶ
1509 4253 1606 4322 τὴν
1631 4252 1724 4305 νῦν
1739 4252 1926 4306 δοκοῦ-

355 4354 458 4393 σαν
483 4339 615 4410 μίαν
635 4339 855 4392 Ἰταλῶν
874 4338 1225 4410 Ἐκκλησίαν.
1277 4340 1549 4398 Τοσοῦτον
1576 4347 1684 4415 γάρ
1711 4345 1926 4416 ὁρμῶσι

2029 3155 2136 3193 non
2183 3141 2280 3204 sis,
2335 3140 2496 3196 sicuti
2547 3144 2862 3212 oportebat,
2914 3153 2969 3199 et
2999 3146 3104 3201 loci
3136 3156 3191 3202 et
3238 3152 3507 3220 temporis
3548 3163 3606 3206 et

2028 3231 2173 3286 modi
2206 3242 2265 3286 et
2294 3233 2517 3289 unionis
2553 3235 2726 3304 ipsius
2755 3236 3036 3304 dominus,
3067 3239 3309 3308 nemine,
3345 3253 3440 3298 aut
3477 3259 3609 3316 pau-

2024 3321 2106 3375 cis
2133 3321 2433 3378 admodum
2478 3323 2533 3379 in
2577 3340 2822 3395 presens
2875 3330 3409 3400 contradicentibus,
3439 3336 3606 3404 paulo

2025 3423 2211 3468 autem
2249 3423 2372 3484 post
2402 3415 2467 3471 ad
2499 3432 2670 3471 unum
2697 3418 2956 3475 omnibus
2997 3422 3339 3493 maiestatem
3370 3436 3520 3482 tuam
3547 3442 3608 3482 ut

2028 3503 2302 3560 bonorum
2342 3507 2592 3563 omnium
2637 3524 2858 3566 causam
2891 3521 2950 3567 et
3001 3522 3170 3583 caput
3204 3515 3602 3585 pradicaturis.

2031 3602 2210 3668 Atque
2237 3600 2342 3656 hoc
2378 3611 2489 3656 tam
2520 3603 2774 3661 mirabile
2820 3621 2930 3662 non
2959 3618 3066 3674 est,
3105 3609 3429 3680 imperator,
3467 3623 3607 3670 tam-

2025 3691 2130 3746 etsi
2155 3698 2241 3746 est
2266 3691 2538 3761 mirabile,
2586 3711 2749 3764 quam
2797 3697 2932 3754 illud
2981 3709 3132 3756 recte
3165 3700 3367 3756 factum
3399 3705 3527 3768 erit,
3559 3707 3607 3760 si

2028 3787 2408 3840 tantummodo
2429 3785 2554 3840 nari
2585 3801 2906 3855 conscensa,
2933 3789 2986 3844 in
3015 3790 3228 3847 Italiam
3257 3794 3606 3852 discesseris.

2027 3873 2175 3930 Istuc
2215 3879 2527 3947 cuiusmodi
2565 3880 2639 3935 sit
2671 3882 2822 3955 audi,
2855 3885 3110 3953 quamvis
3142 3902 3244 3956 per
3287 3899 3340 3944 te
3378 3892 3523 3946 nosti
3554 3901 3610 3946 et

2027 3969 2095 4022 ab
2125 3969 2251 4025 aliis
2281 3969 2422 4027 forte
2449 3973 2710 4044 accepisti
2740 3991 2755 4040 ;
2788 3975 2944 4041 nihil,
2974 3979 3122 4033 enim
3169 3981 3327 4037 obest
3354 3983 3480 4038 talia
3510 4000 3613 4039 εξε-

2029 4059 2154 4130 pius
2185 4059 2370 4116 dicere
2421 4069 2478 4116 ct
2525 4062 2740 4119 audire.
2778 4064 2884 4121 Das
2921 4077 2977 4120 tu
3023 4083 3247 4138 operam
3298 4087 3395 4140 pro
3429 4072 3609 4128 oilicio

2031 4151 2382 4220 imperatoris
2411 4153 2490 4208 uti
2522 4153 2966 4211 Christianorum
2999 4174 3173 4230 genus
3200 4159 3252 4214 in
3288 4178 3457 4220 unum
3489 4180 3612 4236 gre-

2029 4259 2173 4314 gem,
2197 4246 2300 4302 sub
2320 4261 2430 4301 uno
2457 4255 2673 4317 pastore
2699 4249 3012 4320 colligatur.
3039 4251 3152 4307 lloc
3180 4255 3357 4324 ipsum
3387 4257 3611 4312 intuens

2033 4337 2291 4408 princeps
2344 4339 2509 4410 hujus
2562 4341 2758 4395 mundi
2783 4341 3038 4399 diabolus
3082 4347 3383 4414 cruciatur,
3428 4359 3607 4419 erepta

351 4431 488 4502 πρὸς
516 4433 577 4485 τὸ
605 4434 805 4486 οἰκεῖον
835 4433 1028 4502 ἐφετὸν
1056 4433 1358 4503 Γερμανῶν
1385 4437 1481 4490 καὶ
1507 4435 1726 4490 Γάλλων
1751 4439 1917 4504 τινες,

2031 4438 2122 4484 tua
2168 4430 2455 4499 impedire,
2491 4432 2907 4504 Ecelesiamquc
2938 4435 3256 4495 Latinorum
3298 4456 3420 4510 qua!
3463 4457 3611 4496 nunc

346 4525 440 4576 τὸν
473 4524 575 4594 μὶν
600 4523 694 4576 νῦν
719 4524 848 4577 δντα
871 4523 1129 4578 καθελεῖν
1153 4525 1358 4590 ἀδίκως
1391 4527 1729 4599 βουλόμενοι,
1762 4529 1922 4585 ἄλλον

347 4617 404 4670 δὲ
425 4616 768 4686 ἀντεισάγειν
785 4617 1070 4688 ἀρχιερέα,
1088 4617 1307 4678 Γάλλον,
1329 4623 1362 4691 ἢ
1385 4623 1598 4685 πάντως
1626 4621 1923 4693 βάρϐαρον,

346 4707 479 4762 ὥστ’
509 4709 611 4779 ήδη
655 4708 945 4780 διέρρηξαν
997 4712 1064 4764 ἂν
1109 4711 1210 4781 τὴν
1256 4712 1589 4785 Ἐκκλησίαν
1639 4714 1776 4769 Θεοῦ
1828 4718 1926 4770 καὶ

349 4802 721 4872 συνετάραξαν
750 4803 950 4867 πάντα,
981 4806 1030 4856 εἰ
1065 4804 1141 4875 μὴ
1170 4805 1398 4875 ᾐδοῦντο
1421 4807 1497 4879 μὴ
1529 4808 1788 4879 ρέψαντός
1821 4825 1916 4861 σου

351 4892 490 4962 πρὸς
531 4892 766 4948 Ἰταλιαν
796 4895 1112 4965 κραταιωθῇ
1145 4897 1245 4966 μὲν
1270 4898 1339 4951 τά
1371 4897 1465 4951 τοῦ
1497 4900 1924 4969 μακαριωτάτου

349 4985 572 5050 πάππα,
604 4985 849 5056 συγχυθῇ
894 4985 953 5038 δὲ
980 4985 1049 5038 τά
1090 4985 1294 5040 αὐτῶνθ
1323 4985 1382 5054 ἐξ
1426 4981 1504 5040 ῶν
1536 4987 1824 5058 πρόδηλον,
1848 4988 1924 5050 ὠς

349 5082 402 5133 si
430 5079 506 5150 μὴ
530 5078 771 5151 πλεύσῃς
796 5078 878 5140 εις
914 5077 1167 5142 Ἰταλίαν,
1201 5079 1402 5132 ινῶσαι
1429 5077 1716 5149 βουληθεὶς
1743 5078 1925 5148 πολλῷ

354 5171 558 5242 μᾶλλον
587 5171 818 5240 σχίσεις,
845 5170 940 5221 καὶ
970 5167 1194 5235 συνάξαι
1221 5169 1531 5232 σπουδάσας
1557 5171 1924 5240 Χριστιανοὺς

349 5262 669 5332 σκορπίσεις
697 5262 792 5313 καὶ
824 5257 1097 5320 κακώσεις
1126 5260 1340 5312 άνξατα.
1370 5260 1462 5331 Τῷ
1493 5261 1624 5328 γοῦν
1659 5259 1927 5333 βουληθῆ-

351 5372 440 5408 ναι
468 5355 562 5406 καὶ
588 5353 748 5421 μόνον
774 5351 934 5421 δεῦρο
973 5351 1130 5403 πλεῖν
1160 5351 1403 5414 ἔπαυσας
1451 5355 1548 5421 τὴν
1582 5354 1792 5418 στάσιν,
1823 5355 1922 5422 τὴν

353 5447 528 5515 ζάλην
576 5445 835 5512 ἐστησας,
883 5443 1115 5506 ἔσϐεσας
1161 5443 1259 5514 τὴν
1298 5445 1724 5514 ἀγριαινομένην
1779 5447 1919 5498 κατὰ

350 5541 450 5607 τῆς
493 5536 822 5606 Ἐκκλησίας
854 5536 1054 5606 φλόγα.
1087 5536 1198 5590 Καὶ
1238 5536 1398 5590 τοῦτο
1442 5539 1543 5590 οὐκ
1579 5538 1709 5608 ὲμδς
1739 5538 1917 5605 λόγος,

349 5629 489 5682 ἀλλὰ
535 5629 755 5682 πάντων
785 5627 994 5691 ἁπλῶς·
1026 5627 1170 5681 οὕτω
1198 5629 1306 5700 γάρ
1336 5632 1405 5682 τά
1454 5630 1553 5699 τῆς
1591 5631 1921 5700 Ἐκκλησίας

346 5721 703 5792 ταράττεται,
739 5720 835 5774 καὶ
871 5721 1128 5775 τοσοῦτον
1166 5723 1344 5793 ἔρωτα
1391 5723 1486 5776 καὶ
1529 5724 1639 5777 τῶν
1686 5722 1787 5778 ὦδε
1828 5728 1922 5780 καὶ

2038 4537 2144 4577 una
2177 4524 2417 4588 videtur.
2464 4525 2774 4582 discindere
2815 4527 3060 4584 molitur.
3115 4529 3428 4602 Tautopere
3461 4535 3608 4589 enim

2036 4615 2104 4670 ad
2135 4616 2454 4686 explendam
2509 4618 2864 4688 cupiditatem
2901 4635 3056 4674 suam
3105 4621 3507 4678 Germanorum
3559 4639 3612 4679 et

2034 4707 2315 4764 Gallorum
2348 4707 2573 4778 quidam
2614 4710 2890 4776 feruntur,
2918 4728 3044 4766 eum
3076 4715 3308 4778 scilicet,
3338 4717 3432 4784 qui
3465 4733 3614 4772 nunc

2037 4800 2416 4872 pontificatum
2468 4803 2768 4856 maximum
2827 4804 2970 4874 gerit
3010 4805 3182 4875 gradu
3225 4809 3505 4873 movendi,
3559 4821 3615 4864 et

2033 4895 2201 4948 alium
2245 4894 2583 4964 pontificem.
2615 4895 2829 4952 Gallum
2856 4905 3006 4966 puta,
3037 4900 3380 4954 automnino
3412 4901 3614 4956 barba-

2040 5002 2182 5051 rum,
2213 4997 2404 5042 contra
2442 4987 2837 5051 substituendi.
2873 5001 2933 5045 ut
2973 4992 3083 5062 jam
3110 4991 3472 5057 diripuissent
3510 4994 3616 5049 Ec-

2035 5080 2258 5134 clesium
2311 5079 2427 5144 Dei,
2461 5095 2796 5152 sursumque
2837 5100 2902 5140 ae
2949 5086 3208 5139 deorsum
3260 5085 3616 5141 miscuissent

2037 5174 2248 5236 omnia,
2282 5173 2388 5228 nisi
2422 5187 2765 5240 vererentur,
2799 5193 2864 5230 ne
2913 5187 2965 5231 te
3014 5178 3066 5230 in
3099 5177 3307 5231 Italiam
3344 5178 3613 5248 profecto,

2037 5280 2187 5334 papm
2219 5267 2460 5320 rationes
2511 5267 2973 5336 corroborentur,
3017 5271 3373 5340 ipsorumque
3421 5273 3618 5326 debili-

2036 5368 2240 5412 tentur.
2276 5360 2349 5412 Ex
2387 5361 2590 5428 quibus
2636 5363 2992 5437 perspicuum
3039 5367 3116 5426 lit,
3166 5364 3271 5418 nisi
3307 5366 3358 5419 in
3407 5367 3616 5420 Italiam

2033 5451 2100 5504 ad
2133 5452 2484 5506 concordiam
2539 5454 2941 5508 resnrcieudam
2993 5457 3238 5526 naviges,
3274 5459 3512 5527 amplius
3557 5470 3608 5512 le

2037 5543 2335 5598 Ecclesium
2371 5545 2696 5610 scissurum,
2727 5557 2782 5602 et
2825 5563 2950 5601 cum
2985 5547 3333 5604 Christianos
3361 5552 3416 5604 iu
3444 5569 3612 5605 unum

2033 5650 2365 5707 congregare
2393 5639 2703 5704 studueris,
2737 5640 3141 5710 dispersurum,
3186 5653 3244 5698 et
3285 5645 3617 5701 aﬂiicturum

2041 5731 2212 5800 plagis
2272 5733 2696 5789 insanabilibus.
2755 5732 2883 5791 Sola
2938 5735 3104 5807 igitur
3156 5737 3440 5796 voluntate
3489 5740 3619 5793 illuc
