3902 6208
297 348 403 410 905

1114 356 1482 416 ΕΡ15Το1.Α
1531 357 1630 416 AD
1671 355 2030 416 JOANNEM
2075 356 2504 418 ΡΑιιΕΟιοο.
2547 357 2700 419 ΙΜΡ.

3457 361 3563 425 906

300 468 621 522 or’is‘wusOa:
666 470 859 542 νομίζῃ
905 470 963 525 τὸ
999 471 1130 544 πῦρο
1158 474 1189 543 ἢ
1222 472 1379 544 εἴπερ
1408 491 1489 535 τις
1536 475 1876 541 διατείνηται

1990 474 2124 526 enim
2168 474 2381 543 ignoro,
2425 481 2477 527 te
2509 462 2823 543 frequenter
2862 474 3081 546 rogaSse
3116 475 3286 531 Deum
3320 476 3399 531 uti
3431 479 3564 533 sim-

299 565 392 615 τόν
423 563 555 618 δέκα
597 566 876 629 ταλάντοις
926 567 1187 620 ἐθέλοντά
1228 585 1284 620 τι
1333 570 1528 633 ποιεῖν,
1552 567 1698 621 τοῦτ’
1747 566 1879 621 αὐτό

304 655 381 724 μὴ
418 655 747 726 βουληθῆναι
797 658 971 709 ποιεῖν
1004 656 1084 726 τῷ
1112 655 1195 720 δὶς
1222 656 1357 708 δέκα
1392 655 1879 726 προσεξευρίσκειν

295 748 561 801 τάλαντα.
588 747 753 800 Ἀλλά
782 746 955 805 ταῦτα
992 750 1091 819 μὲν
1120 748 1287 804 ἑάσω’
1322 749 1444 803 οὐδὲ
1474 750 1586 819 γὰρ
1610 749 1795 819 ὀρῶτι
1816 748 1879 801 τὸ

300 836 548 892 κωλῦξον
598 839 752 908 ἥξειν
781 857 861 893 σε.
894 832 1083 912 Ἶιίπερ
1113 840 1286 894 πολλά
1313 822 1677 904 ὲσπούδασας,
1703 839 1879 907 πάρε-

300 953 419 988 στιν
445 933 537 986 ἐπὶ
585 932 780 1003 θύραις
811 935 844 1002 ἡ
878 932 983 986 τῶν
1021 932 1362 1003 Ἐκκλησιῶν
1387 933 1605 1003 είρήνη·
1637 932 1733 985 καὶ
1778 931 1879 1000 οὐχ

298 1026 437 1095 αὕτη
497 1024 680 1096 μόνον,
714 1024 850 1078 ἁλλά
909 1025 1003 1078 καὶ
1053 1026 1087 1096 ἠ
1144 1027 1245 1095 τῆς
1301 1023 1524 1095 Ῥώμης
1581 1022 1879 1095 Ἐκκλησία

298 1119 617 1190 φλυκταίνει
646 1120 977 1183 οίδαίνουσα,
1011 1122 1106 1175 καὶ
1147 1119 1441 1173 ἐπιϐοᾶται
1469 1120 1569 1189 τὴν
1619 1117 1720 1189 σὴν
1746 1134 1881 1189 προ-

299 1211 553 1268 στασίαν.
591 1207 688 1270 Οἷς
730 1211 789 1265 δὲ
827 1212 936 1265 τῶν
962 1210 1223 1265 τοιούτων
1250 1210 1426 1280 μέλει,
1463 1209 1875 1277 ἁπαξάπαντες,

295 1303 662 1374 αὐτόκρατορ,
697 1302 780 1364 είς
811 1301 871 1354 σὲ
910 1300 1203 1371 βλέπουσιν
1238 1302 1335 1370 οὐχ
1364 1296 1551 1371 ἦττον.
1587 1300 1618 1369 ἦ
1650 1302 1698 1353 εί
1736 1298 1879 1353 κατά

292 1395 710 1449 Κιονσταντῖνον
748 1395 955 1447 ἐκεῖνον
1008 1395 1101 1446 τὸν
1146 1392 1425 1462 Μέγαν,ἢ
1482 1392 1788 1459 Θεοδύσιον,
1846 1395 1877 1465 ἢ

306 1486 692 1541 Ὶυυστινιανδν
741 1485 974 1555 λαμπρά
1028 1503 1113 1539 σοι
1145 1486 1373 1545 ἐπέπνει
1423 1485 1492 1538 τὰ
1541 1485 1642 1554 τῆς
1684 1486 1876 1557 τύχης.

297 1578 407 1631 Καὶ
445 1577 523 1645 τῷ
572 1577 686 1630 δντι
734 1575 983 1639 ἐλθόντος
1026 1594 1143 1640 σου,
1193 1575 1268 1638 ὡς
1305 1575 1410 1631 ύπδ
1444 1574 1601 1644 ἡλίου
1651 1576 1879 1642 ἀστέρες

293 1669 404 1722 τῶν
434 1671 542 1738 πρδ
575 1667 668 1722 σοῦ
696 1669 1119 1737 αὐτοκρατόρων
1154 1667 1188 1735 ἠ
1215 1667 1373 1737 φήμη
1398 1669 1464 1737 τῇ
1497 1670 1564 1737 σῇ
1592 1660 1717 1736 δόξῃ
1745 1681 1876 1736 κρυ-

296 1761 548 1831 ϐήσεται·
578 1761 773 1814 ἐκεῖνοι
807 1760 917 1833 γὰρ
961 1758 1134 1813 πολλά
1166 1757 1234 1815 ἃν
1271 1760 1366 1812 καὶ
1401 1757 1495 1830 βίᾳ
1529 1757 1879 1829 κατορθῶσαι

294 1851 490 1918 δόξωσι
523 1855 634 1916 τοῖς
670 1852 849 1923 ὀρθῶς
900 1851 1245 1918 ἐξετάζουσι*
1280 1854 1393 1914 τοῖς
1445 1851 1555 1923 γὰρ
1615 1850 1879 1921 μεγάλοις

289 1947 589 2006 δυνάσταις
648 1947 683 2015 ή
737 1944 832 1997 τοῦ
895 1943 1088 2013 βιαίως
1149 1943 1325 1997 πολλὰ
1376 1945 1552 1996 ποιεῖν
1605 1942 1877 2011 ὑπόληψις
1914 1970 1925 1975 ν

291 2036 513 2092 ἓπεται·
550 2036 615 2089 σὺ
645 2036 702 2089 δὲ
735 2036 840 2107 πρὸ
879 2035 1093 2089 πολλῶν
1128 2034 1230 2106 ἤδη
1268 2034 1475 2103 γενεῶν
1509 2034 1878 2088 ἀντιπνευσά-

292 2149 401 2203 σης
448 2129 529 2200 τῷ
588 2130 738 2198 γένει
787 2128 891 2198 τῆς
937 2127 1131 2199 τύχης.
1189 2129 1476 2198 φρονήσει,
1536 2125 1874 2198 δικαισούνῃ,

300 2222 573 2302 πραότητι
600 2223 697 2275 καὶ
725 2223 844 2283 ταῖς
867 2220 1055 2281 ἄλλαις
1082 2222 1308 2290 ἀρεταῖς
1337 2218 1426 2284 αίς
1465 2238 1561 2275 σου
1589 2220 1649 2273 τὸ
1676 2220 1879 2288 κράτος

301 2320 645 2390 ικόσμησας,
675 2319 775 2389 τήν
802 2336 861 2372 τε
900 2317 1234 2389 Ἐκκλησῗαν
1262 2320 1342 2379 εἰς
1378 2316 1611 2370 Ἰταλίαν
1639 2315 1879 2379 πλεύσας

299 2414 559 2483 ἀκέραιον
612 2412 1003 2481 συντηρήσεις,
1055 2410 1150 2465 καὶ
1193 2409 1263 2463 τὰ
1302 2408 1644 2479 διαιρεθέντα
1691 2407 1880 2470 κακῶς

299 2505 607 2573 συζεύξεις,
639 2503 822 2567 καλῶς
870 2503 967 2557 καὶ
1008 2501 1077 2556 τὰ
1108 2501 1212 2571 τῆς
1258 2500 1538 2571 βασιλείας
1573 2497 1879 2569 ἐπανορθώ-

300 2619 436 2666 σεις,
471 2604 565 2654 καὶ
592 2598 850 2670 παρέξεις
876 2600 989 2662 τοῖς
1021 2595 1160 2666 μετά
1196 2595 1255 2649 σὲ
1285 2594 1497 2648 πολλῶν
1521 2593 1693 2647 ὲθνῶν
1721 2592 1878 2662 βασι-

290 2695 564 2750 λεύουσαν
582 2693 677 2764 τὴν
700 2687 768 2765 ἧς
792 2694 1011 2763 κρατεῖς
1044 2690 1224 2745 πόλιν.
1256 2682 1356 2741 Ὧν
1384 2686 1698 2740 τούναντίον
1734 2684 1880 2739 ἅπαν

302 2787 399 2842 τοῦ
443 2786 520 2857 μὴ
570 2785 748 2839 ἐλθεῖν
780 2801 837 2837 σε
884 2784 1098 2851 ἕψεται·
1132 2781 1192 2834 οὐ
1230 2779 1339 2849 γὰρ
1368 2779 1543 2839 ἔσται,
1579 2777 1680 2830 οὐκ
1727 2776 1880 2829 ἔσεαι

301 2876 398 2933 τοῦ
448 2876 639 2930 λοιποῦ
687 2876 864 2939 ἐλπὶς,
900 2868 946 2927 ὦ
985 2870 1231 2941 βασιλεῦ,
1280 2867 1377 2923 τοῦ
1436 2866 1633 2938 καιροῦ
1686 2864 1879 2920 τούτου

303 2969 669 3042 παρελθόντος
700 2968 999 3037 ἐπιχειρεῖν
1031 2963 1216 3018 ίᾶσθαι
1248 2962 1318 3015 τὰ
1350 2960 1731 3032 συντριϐέντα’
1763 2958 1881 3020 πῶς

297 3064 408 3135 γὰρ
435 3064 572 3117 ὅπου
619 3061 713 3114 καὶ
760 3061 827 3113 τὰ
875 3057 1139 3112 δοκοῦντα
1177 3053 1434 3125 εὐσθενῆ,
1470 3054 1565 3107 καὶ
1611 3051 1688 3116 ὡς
1726 3050 1882 3119 τείχη

1984 568 2203 638 pliciter
2240 567 2494 623 Ecclesia:
2529 568 2582 623 in
2622 570 2908 638 pristinam
2942 569 3294 626 concordiam
3344 572 3572 626 redure-

1983 668 2196 717 rentur.
2229 658 2324 714 ille
2351 674 2506 724 vero,
2540 674 2652 728 quo
2688 661 2995 731 promptius
3030 661 3240 723 venias,
3272 661 3568 730 dupliciter

1983 747 2038 801 id
2075 747 2172 802 tibi
2193 749 2467 805 concedit.
2495 749 2635 816 Quid
2662 750 2871 819 igitur?
2899 765 3008 820 quo
3032 753 3177 807 Deus
3199 753 3381 807 zelum
3414 764 3567 808 ιιιιιιιι

1981 840 2155 910 magis
2183 842 2486 897 exsuscitat
2514 856 2568 898 et
2594 858 2840 898 amorem
2879 845 3264 900 vehementius
3289 847 3564 909 accendit,

1982 932 2107 999 hoc,
2138 948 2208 988 ne
2249 933 2644 1004 impedimento
2689 936 2782 1003 sit,
2816 953 2846 991 a
2875 936 3203 1006 quibusdam
3238 939 3567 992 timebitnr?

1981 1022 2127 1079 Istuc
2155 1023 2336 1080 simile
2363 1034 2469 1089 est,
2502 1036 2563 1082 ut
2607 1030 2653 1082 si
2688 1028 2815 1099 quis
2859 1029 2982 1084 oleo
3028 1028 3220 1099 ignem
3245 1044 3353 1083 non
3390 1033 3566 1101 pasci,

1981 1118 2076 1175 sed
2105 1114 2378 1189 exstingui
2409 1129 2679 1181 autumet.
2715 1128 2810 1175 aut
2840 1120 2885 1176 si
2926 1121 3051 1190 quis
3082 1120 3339 1182 aﬂlrmet.
3375 1124 3566 1176 decem

1984 1206 2205 1264 talentis
2246 1210 2486 1279 acceptis
2532 1210 2807 1267 volentem
2864 1211 3145 1280 quippiam
3194 1211 3392 1276 facere,
3429 1212 3573 1266 idem

1981 1304 2069 1359 bis
2109 1305 2300 1361 decem
2359 1305 2580 1360 talentis
2623 1305 2976 1375 acquirendis
3022 1307 3164 1376 nolle
3215 1307 3414 1361 facere.
3466 1304 3575 1359 Sed

1981 1394 2100 1450 inec
2137 1396 2425 1457 omitlam;
2462 1411 2564 1451 nec
2593 1397 2742 1451 enim
2778 1395 2961 1464 video,
2992 1397 3122 1466 quid
3162 1408 3212 1453 te
3240 1398 3309 1451 ab
3332 1397 3573 1452 adventu

1981 1490 2263 1546 retardare
2286 1498 2471 1561 queat.
2498 1489 2601 1546 Cui
2637 1491 2935 1562 plurimum
2961 1492 3249 1555 studuisti,
3280 1493 3333 1545 in
3362 1492 3575 1548 forilms

1982 1580 2137 1636 adest
2172 1574 2541 1636 Ecclesiarum
2575 1596 2694 1651 pax.
2728 1580 2840 1636 Nec
2869 1582 2982 1652 ipsa
3019 1592 3109 1636 tua
3138 1582 3343 1645 solum,
3379 1582 3473 1636 sed
3518 1592 3575 1637 et

1983 1672 2233 1727 Romana
2279 1668 2523 1728 Ecclesia
2576 1672 2817 1744 pustulis
2864 1680 2920 1728 et
2974 1674 3288 1728 tumoribus
3337 1675 3571 1737 laborat,

1986 1774 2249 1835 tuamque
2283 1779 2445 1834 opem
2486 1763 2719 1835 ﬂagitat.
2755 1765 2909 1831 Quos
2945 1774 3130 1821 autem
3164 1765 3371 1837 negotii
3415 1766 3576 1821 istius

1984 1874 2119 1913 cura
2144 1858 2425 1921 sollicitat,
2457 1857 2620 1912 simul
2645 1873 2859 1921 omnes,
2885 1858 3203 1926 imperator,
3234 1859 3299 1913 ad
3327 1868 3377 1914 te
3402 1859 3577 1928 reSpi-

1984 1952 2162 2015 einnt,
2201 1965 2308 2004 non
2362 1950 2545 2004 minus
2574 1964 2737 2018 quam
2767 1949 2834 2016 si,
2867 1960 2925 2004 ut
2958 1950 3321 2005 Constantino
3349 1951 3440 2004 illo
3461 1951 3571 2005 Ma.

1984 2058 2112 2113 gno,
2146 2052 2243 2097 aut
2273 2041 2611 2104 Theodosio,
2645 2052 2743 2098 aut
2790 2043 3424 2113 Justinianosplendida
3477 2045 3573 2098 liti

1986 2137 2208 2191 fortuna
2249 2135 2541 2205 aspiraret.
2586 2133 2648 2187 Et
2703 2144 2921 2200 revera,
2971 2150 3096 2190 cum
3134 2136 3373 2199 veneris;
3428 2136 3575 2190 haud

1986 2242 2147 2283 secus
2175 2240 2339 2296 quam
2373 2241 2402 2279 a
2452 2225 2587 2279 solis
2636 2223 2848 2292 fulgore
2895 2225 3178 2280 stellarum
3213 2226 3326 2289 lux,
3371 2242 3577 2293 przeeeo

1984 2319 2235 2373 dentium
2289 2317 2681 2385 imperatorum
2727 2316 2870 2370 fama
2934 2315 3122 2384 gloriae
3175 2324 3281 2370 tum
3326 2316 3575 2372 claritate

1987 2408 2394 2465 obseuralzitur.
2421 2408 2555 2461 Nam
2582 2406 2658 2460 illi
2686 2407 2857 2461 multa
2882 2406 3046 2460 etiam
3080 2422 3176 2475 per
3202 2405 3310 2459 vim
3334 2407 3402 2472 (si
3429 2406 3577 2475 juste

1988 2517 2103 2557 rem
2162 2501 2565 2570 expendamus)
2628 2497 2772 2553 bene
2831 2497 3028 2553 fecisse
3081 2497 3259 2551 videri
3322 2509 3574 2566 possunt.

1989 2593 2165 2664 Magni
2195 2591 2399 2664 quippe
2424 2590 2709 2662 principes
2732 2605 2797 2646 ac
2821 2590 3063 2661 dynastaa
3092 2590 3369 2645 violentiae
3397 2592 3581 2661 suspi-

1988 2689 2203 2744 cionem
2257 2702 2369 2743 non
2415 2685 2710 2757 effugiunt.
2749 2685 2831 2740 Tu
2865 2700 3022 2750 vero,
3052 2693 3180 2740 ante
3227 2685 3425 2741 multas
3465 2686 3577 2757 jam

1988 2790 2179 2836 aetates
2227 2779 2416 2851 generi
2470 2788 2567 2833 tuo
2612 2779 2941 2834 adversante
2988 2778 3230 2844 fortuna,
3263 2778 3578 2851 prudentia,

1984 2871 2225 2944 justitia,’
2255 2870 2704 2933 mansuetudine,
2740 2871 3068 2939 exterisque
3101 2871 3423 2936 virtutibus,
3454 2873 3578 2939 qni-

1989 2965 2094 3020 bus
2120 2963 2409 3034 imperium
2444 2971 2597 3017 tuum
2630 2962 3037 3025 condecorasti,
3059 2971 3115 3017 et
3144 2961 3444 3017 Ecelesiam
3482 2977 3581 3017 na-

1993 3058 2263 3129 vigatione
2303 3057 2357 3112 in
2408 3055 2618 3111 italiam
2653 3066 2871 3126 peracta
2920 3058 3251 3112 incolumem
3282 3072 3579 3113 conserva-

300 3155 642 3221 Βαϐυλώνια,
686 3155 757 3206 τὰ
804 3152 903 3221 τῆς
938 3149 1158 3219 Ῥώμης
1201 3147 1369 3215 λέγω,
1403 3146 1634 3208 σείεται,
1665 3142 1760 3195 καὶ
1790 3159 1885 3193 σαι

1992 3150 2096 3217 bis,
2131 3160 2187 3204 et
2225 3149 2369 3204 male
2404 3148 2678 3217 disiuncta
2717 3149 2887 3218 probe
2933 3150 3242 3218 e0pulabis,
3300 3159 3356 3206 ct
3402 3151 3578 3221 impe~

296 3252 447 3305 λεύει
492 3250 586 3303 ἐπὶ
628 3247 894 3317 κυμάτων
925 3244 1224 3313 ίστάμενας
1257 3240 1368 3295 Καὶ
1404 3240 1505 3291 οὒκ
1533 3236 1682 3289 ἐστιν
1712 3236 1879 3301 ἐκφυ-

294 3345 416 3412 γεῖν
460 3342 559 3411 τὴν
609 3337 804 3409 ζάλην,
840 3336 892 3389 εί
945 3334 1023 3404 μὴ
1056 3330 1357 3400 ἐπιϐάλλῃς
1384 3328 1463 3399 τῷ
1494 3325 1742 3398 πηδαλίῳ
1775 3324 1879 3396 τὴν

292 3436 503 3503 δεξιάν.
540 3432 685 3501 Ἐγὼ
714 3431 771 3485 δὲ
803 3430 864 3483 οὑ
899 3428 1164 3499 βούλομαι
1196 3425 1296 3495 μὲν
1323 3422 1392 3476 τὰ
1418 3422 1660 3476 κάκιστα
1686 3418 1879 3490 προλέ-

292 3547 439 3601 γειν·
474 3526 793 3596 ὠθούμενος
844 3523 903 3576 δὲ
955 3524 1068 3584 τοῖς
1119 3518 1470 3590 πράγμασιν,
1523 3514 1585 3567 οὐ
1642 3511 1882 3581 δύναμαι

293 3623 552 3693 κατέχειν
574 3617 831 3690 ἐμαυτόν·
857 3616 907 3668 εί
932 3615 1008 3685 μὴ
1030 3612 1270 3683 πλεύσῃς
1288 3610 1368 3673 είς
1400 3605 1656 3669 Ἰταλίαν,
1678 3604 1788 3659 ῐσθι
1808 3603 1885 3669 ὡς

293 3716 596 3779 ἀπώλεσας
639 3711 700 3766 τὸ
745 3710 855 3765 τιῖιν
883 3706 1229 3780 Χριστιανῶν
1257 3704 1436 3775 γένος,
1474 3699 1788 3770 διέφθειρας
1818 3695 1886 3749 τὰ

291 3811 404 3880 τῆς
442 3806 797 3877 Ἐκκλησίας.
836 3803 901 3854 ’Ὢ
930 3799 1022 3854 τοῦ
1052 3797 1377 3868 πτώματοςί
1410 3792 1536 3848 Οὔτ*
1566 3793 1614 3845 εί
1651 3791 1724 3861 μὴ
1756 3792 1889 3843 ἑνω-

293 3906 531 3973 υήσεται
578 3902 613 3971 ἡ
642 3898 750 3953 τῶν
781 3895 1058 3968 Γραικῶν,
1104 3893 1256 3947 ἔσται
1298 3889 1517 3960 Ῥώμης
1560 3884 1881 3954 Ἐκκλησία,

295 3999 402 4051 καὶ
444 3996 477 4065 ἠ
516 3994 627 4046 τῶν
682 3990 936 4063 Γραικῶν
970 3986 1173 4058 ταύτης
1222 3983 1544 4054 σφαλείσης,
1573 3978 1718 4033 ὀκνῶ
1761 3976 1880 4049 μὲν,

290 4089 442 4155 λέξω
470 4088 525 4141 δὲ
558 4086 727 4157 ὅμως.
760 4085 822 4139 τὸ
848 4082 1116 4150 παράπαν
1141 4079 1449 4149 οἰχήσεται.

1988 3243 2130 3296 rium
2167 3241 2525 3303 instanrabis,
2557 3248 2614 3295 et
2641 3256 2807 3310 quam
2850 3257 2997 3296 nunc
3027 3241 3247 3297 obtines
3275 3242 3578 3307 civitatem,

1988 3332 2178 3387 multis
2199 3331 2460 3401 gentibus
2486 3340 2610 3401 post
2635 3338 2687 3385 te
2708 3330 3070 3400 imperantem
3099 3331 3399 3401 relinques.
3423 3332 3599 3398 Quod-

1990 3424 2037 3480 si
2068 3436 2178 3478 nou
2208 3422 2421 3485 venias,
2449 3421 2899 3476 omninoliorum
2960 3423 3237 3478 contraria
3269 3434 3322 3477 te
3345 3438 3582 3494 sequen-

1993 3526 2103 3572 tur.
2140 3513 2298 3571 Haud
2331 3515 2479 3570 enim
2509 3514 2637 3579 erit,
2672 3514 2842 3577 haud,
2887 3514 3138 3582 inquam,
3170 3514 3275 3568 erit
3312 3516 3363 3567 in
3396 3526 3584 3584 poste-

1992 3624 2114 3666 rum
2140 3624 2285 3680 spes,
2314 3607 2635 3679 imperator,
2671 3608 2716 3663 si
2752 3618 2972 3679 tempus
3003 3609 3108 3663 hoc
3135 3609 3483 3677 praeterierit,
3511 3610 3599 3663 ade

1994 3703 2360 3760 contritorum
2407 3701 2752 3758 curationem
2798 3702 2986 3757 accedi
3038 3715 3221 3770 posse.
3252 3700 3355 3767 Qui
3395 3701 3583 3755 enim?

1997 3792 2221 3866 quando
2252 3803 2310 3849 et
2338 3810 2461 3863 qum
2494 3794 2785 3862 praevalida
2818 3805 2873 3849 et
2918 3804 3178 3863 tanquam
3228 3794 3371 3847 tnnri
3410 3792 3583 3863 Baby-

1989 3887 2122 3943 lonii
2154 3896 2439 3956 apparent,
2468 3902 2553 3942 res
2586 3887 2844 3941 ﬂuuiana:
2867 3868 3082 3940 scilicet
3108 3889 3501 3979 concutinptur
3527 3896 3584 3940 et

1992 3977 2253 4035 ﬂuetibus
2290 3977 2587 4048 agitantur.
2650 3977 2757 4032 Nec
2819 3977 2899 4032 fas
2966 3978 3240 4033 turbinem
3297 3977 3582 4032 ventorum

1993 4073 2225 4133 evitare,
2265 4070 2372 4126 nisi
2409 4082 2465 4125 tu
2497 4069 2876 4141 gubernaculo
2916 4071 3198 4124 dexteram
3245 4069 3582 4126 admoveris.

296 4182 568 4255 Equidem
625 4180 764 4235 adeo
821 4176 1123 4232 infaustum
1164 4172 1455 4228 vaticinari
1514 4172 1720 4235 nolim,
1780 4176 2164 4225 verumtamen
2216 4168 2379 4222 rebus
2437 4166 2572 4236 ipsis
2624 4165 2946 4235 compulsus
2992 4165 3279 4220 continere
3333 4179 3419 4220 me
3466 4181 3597 4219 non

298 4294 549 4350 possunt.
586 4275 701 4331 Nisi
757 4275 811 4329 in
855 4272 1064 4329 italiam
1117 4269 1649 4338 navigaveris,seito
1702 4276 1755 4322 te
1807 4266 2251 4323 Clir‘stianorum
2316 4277 2493 4333 genus
2530 4260 2840 4331 prodidisse
2877 4272 2932 4317 et
2976 4259 3276 4317 Ecclesium
3349 4263 3401 4316 iu
3454 4265 3583 4319 uiti-

298 4390 420 4429 mas
465 4370 807 4425 calamitates
853 4363 1244 4437 praecipitasse.
1277 4360 1323 4416 Ο
1351 4376 1541 4416 casum
1576 4360 1590 4413 ί
1637 4358 1750 4415 Nec
1784 4358 1899 4428 ipsa
1944 4355 2184 4413 Romana
2227 4356 2492 4419 Ecclesia,
2526 4354 2573 4409 si
2616 4353 2822 4410 Graeca:
2856 4369 2965 4409 non
2998 4354 3239 4417 uuiatnr,
3286 4355 3495 4421 stabit;
3531 4365 3587 4409 at

297 4467 512 4531 ϐιςιιεα,
554 4460 875 4518 labefactata
908 4458 1151 4512 Romana
1179 4496 1192 4518 ,
1228 4468 1423 4533 vereor
1454 4451 1660 4517 dicere,
1695 4450 1871 4505 dicam
1909 4457 2111 4511 tamen,
2145 4450 2373 4502 omnino
2404 4449 2749 4518 pessumibit.

371 4556 581 4615 Ταῦτά.
602 4549 650 4611 ὦ
674 4552 916 4624 βασιλεῦ,
933 4544 981 4605 ὦ
994 4550 1356 4619 αὐτόκρατορ,
1378 4540 1492 4615 ᾧπε
1502 4564 1536 4618 ρ
1550 4546 1653 4618 ήδη
1672 4545 1733 4599 τδ
1751 4545 1886 4615 κρά-

2065 4543 2211 4608 ilaee,
2241 4542 2543 4613 imperator
2559 4552 2810 4615 auguste,
2831 4544 2920 4600 cui
2954 4559 3098 4600 nunc
3130 4552 3457 4613 potestatem
3487 4543 3589 4601 Ee~

300 4669 393 4715 τος
418 4650 526 4703 τῶν
542 4643 884 4716 Ἐκκλησιῶν
904 4642 1207 4711 παρέχωσι
1238 4639 1398 4701 θείως
1419 4636 1735 4702 κινούμενοι
1755 4635 1890 4689 πὰν-

300 4763 387 4799 τε.
414 4743 463 4796 oi
482 4741 579 4811 τῆς
608 4737 903 4808 εὑρὼπης,
933 4732 1279 4803 ἐνθυμηθεὶς,
1308 4730 1499 4800 ὥσπερ
1525 4727 1740 4799 σημείῳ
1761 4730 1893 4798 χρή-

302 4838 463 4890 σαιτό
488 4849 570 4896 τις
592 4828 711 4896 μετ’
739 4828 800 4882 οὐ
827 4826 960 4880 πολύ
986 4842 1069 4899 σοι
1087 4823 1224 4878 Θεοῦ
1251 4823 1498 4887 θέλοντος
1518 4818 1890 4892 δοθησομένης

306 4928 523 4984 πολλῶν
570 4925 745 4979 ιθνῶν
793 4920 1130 4993 ἡγεμονίας·
1167 4919 1261 4971 καὶ
1290 4917 1447 4988 πρὸς
1493 4915 1705 4979 τούτοις
1762 4914 1893 4976 τοὺς

306 5020 438 5082 σοὺς
466 5016 788 5086 λογισμοὺς,
811 5008 894 5076 οἷς
921 5012 995 5076 ὼς
1033 5012 1282 5080 παρόντα
1327 5024 1387 5063 σε
1436 5006 1594 5078 οἶμαι
1640 5008 1712 5062 τὰ
1764 5006 1894 5076 μέλ-

308 5112 475 5165 λοντα
500 5109 657 5180 δρᾷν,
694 5105 884 5174 ὥσπερ
922 5104 1067 5167 τινὲς
1116 5102 1324 5172 ἔφασαν
1368 5101 1461 5155 τὸν
1493 5098 1891 5170 Θεμιστοκλέα,

308 5202 517 5274 χρῆσαι
560 5202 628 5271 τῇ
763 5198 933 5268 ψυχῇ,
977 5198 1045 5265 τῇ
1096 5196 1164 5265 σῇ
1209 5193 1473 5264 φρονήσει
1501 5209 1514 5227 ν
1549 5191 1896 5264 ἀπόκρουσον

309 5296 438 5358 τοὺς
464 5294 657 5348 ἄλλοσέ
689 5308 766 5361 πη
797 5293 1029 5358 ἄγοντας
1076 5287 1109 5357 ἢ
1160 5287 1536 5357 παράγοντας,
1569 5287 1729 5354 εἴπερ
1766 5285 1900 5353 ἀλη-

310 5387 384 5458 θῆ
415 5388 483 5442 τα
508 5386 799 5456 λεγόμενα,
830 5383 928 5437 καὶ
948 5380 1285 5435 κατέλθωσιν
1309 5380 1366 5432 αἱ
1405 5377 1667 5440 ’Λδιῶνος
1693 5377 1772 5441 είς
1797 5378 1898 5443 τὴν

311 5480 731 5535 Κωνσταντίνου
752 5477 1022 5549 τριήρεις,
1049 5476 1148 5529 καὶ
1174 5470 1254 5544 μὴ
1280 5472 1474 5539 ἰξώσοι
1500 5472 1669 5535 αὑτὰς
1690 5473 1721 5527 ὁ
1743 5471 1897 5536 8:6;-

313 5574 347 5642 ἢ
384 5570 712 5644 μεταϐαλὼν
746 5571 844 5633 τὰς
878 5568 1105 5622 ἐκείνων
1131 5566 1357 5637 γνώμας
1387 5564 1709 5635 θαυμασίως
1732 5565 1798 5634 τῇ
1830 5565 1898 5634 σῇ

311 5668 485 5738 ἀρετῇ
520 5666 820 5738 καμφθεὶς,
848 5666 942 5718 καὶ
979 5662 1207 5726 ταύταις
1269 5661 1556 5722 κάκείναις
1587 5660 1705 5721 ταῖς
1740 5656 1900 5729 τριή-

318 5775 476 5828 ρεσιν
526 5760 606 5822 είς
650 5757 885 5812 Ίτλλίαν
946 5754 1262 5826 προπέμψοι
1325 5770 1405 5809 σε.
1452 5751 1595 5820 Ἐγὼ
1654 5751 1754 5820 μὲν
1808 5745 1902 5801 οὖν

317 5850 545 5921 ἔγραψα
581 5852 641 5905 οὐ
662 5850 742 5920 τῷ
759 5849 939 5918 λέγειν
962 5847 1272 5918 θαρρήσας,
1297 5841 1415 5899 οἶδα
1448 5845 1555 5914 γὰρ
1583 5844 1657 5905 ὡς
1690 5841 1751 5894 οὐ
1774 5840 1900 5910 μέτ-

1996 4636 2291 4692 clesiarum
2312 4636 2502 4691 divino
2542 4636 2777 4706 impulsu
2817 4645 2926 4691 tota
2947 4635 3161 4705 Europa
3192 4636 3376 4697 tradit.
3405 4647 3583 4692 tecum

1997 4728 2210 4784 voluta.
2240 4727 2360 4795 Quo
2390 4727 2617 4797 quidem
2649 4743 2749 4784 ceu
2783 4727 2939 4798 signo
2965 4744 3074 4782 non
3105 4729 3278 4783 multo
3302 4736 3429 4795 post
3462 4730 3584 4793 tibi,

1998 4822 2110 4878 Deo
2142 4822 2387 4887 volente,
2425 4820 2682 4876 tradendi
2730 4820 3100 4890 complurium
3147 4820 3392 4890 gentium
3429 4822 3585 4891 prin-

1995 4914 2209 4986 cipat‘us
2237 4914 2513 4984 quispiam
2551 4923 2757 4968 utatur.
2793 4912 2861 4968 Et
2892 4927 3020 4968 eum
3051 4913 3202 4968 hisce
3232 4913 3587 4981 cogitationi-

2000 5009 2122 5069 bus.
2156 5008 2358 5078 quibus
2395 5019 2449 5063 te
2488 5018 2720 5062 ventura
2773 5016 2832 5063 ut
2867 5006 3167 5079 praesentia
3213 5019 3350 5080 puto
3383 5010 3585 5064 intueri

2001 5102 2084 5172 (ut
2129 5100 2197 5155 de
2242 5092 2616 5156 Themistocle
2668 5101 2968 5170 narratur),
3007 5116 3202 5158 exsere
3233 5102 3480 5158 animum
3527 5111 3586 5158 et

2007 5190 2356 5263 prudentiam
2385 5204 2531 5246 luam
2567 5209 2582 5248 :
2618 5191 2729 5246 alio
2754 5200 2806 5248 te
2839 5192 3108 5248 ducentes
3135 5194 3587 5251 autseducentes

1999 5285 2223 5354 repelle,
2278 5282 2550 5353 siquidem
2601 5298 2729 5338 vera
2778 5294 2907 5339 sunt
2950 5300 3072 5354 qua:
3116 5285 3401 5353 diximus;
3444 5295 3500 5343 et
3543 5289 3589 5342 si

2001 5378 2252 5433 triremes
2296 5376 2702 5430 Avenionenses
2731 5375 3265 5446 Constantinopolim
3310 5380 3591 5434 tenuerint

2003 5480 2061 5525 et
2104 5484 2214 5523 non
2264 5467 2541 5537 expulerit
2576 5482 2667 5520 eas
2724 5469 2885 5530 flens,
2950 5478 3047 5522 aut
3093 5486 3287 5523 eorum
3322 5486 3350 5522 a
3388 5471 3591 5541 quibus

2006 5562 2301 5615 mittuntur
2334 5564 2568 5618 metues,
2603 5556 3005 5610 admirabiliter
3040 5567 3241 5611 virtute
3280 5567 3369 5612 tua
3417 5558 3593 5617 liexus

2006 5653 2320 5717 nuitaverit,
2349 5660 2404 5704 et
2436 5650 2521 5702 liis
2547 5660 2600 5704 et
2633 5649 2741 5703 illis
2775 5650 2828 5703 in
2859 5649 3069 5725 italiam
3103 5660 3153 5705 te
3182 5650 3591 5725 deilueatfiigo

2006 5743 2172 5815 igitur
2200 5741 2418 5810 scripsi,
2451 5757 2561 5795 non
2614 5740 2760 5810 quod
2808 5719 3139 5810 eloﬁenthe
3176 5759 3311 5799 mea:
3343 5745 3587 5800 conlide-

2007 5853 2122 5893 rctn
2164 5838 2303 5913 (sum
2342 5835 2489 5890 enim
2526 5835 2783 5889 conscius
2829 5837 2960 5889 mihi
2998 5838 3336 5904 paupertatis
3374 5838 3592 5891 Crzt'czt-
