3902 6208
300 286 405 353 927

1370 309 1467 370 DE
1510 298 2079 379 SCRIPTORIBUS
2122 318 2164 380 S
2179 320 2448 388 ICULIS.

3442 339 3548 403 918

303 405 871 520 Philostrato,_-Suida
899 416 1151 520 .aliisque
1194 431 1445 480 veterum
1507 428 1883 486 monumentis
1912 431 2289 491 AJlistoriam
2322 441 2637 510 composuit
2667 442 2815 498 libris
2856 446 3229 518 quadraginta,
3272 465 3434 520 quam
3468 451 3562 507 Bi-

304 503 541 572 carptim
592 506 854 565 collectos
897 510 952 566 in
994 514 1098 569 hoc
1154 516 1468 573 notavimus
1522 522 1878 592 compendio,

306 591 563 665 Tibique,
613 614 810 668 prore:
863 604 1345 671 excellentissime,
1414 591 1746 679 dicavimus,
1785 614 1880 685 qui

306 701 490 742 rerum
550 690 881 760 antiquitate
929 704 985 750 et
1032 685 1289 768 ingenuis
1323 700 1633 759 litterarum
1683 707 1884 763 studiis

303 778 555 847 apprime
608 780 923 847 delectaris,
973 798 1031 843 et
1077 790 1148 846 ob
1183 789 1239 845 id
1288 791 1561 849 litteratos
1611 795 1880 867 singulari

304 867 693 928 benevolentia
728 879 1105 948 prosequeris.
1157 879 1419 938 Exordiar
1455 900 1587 956 ergo
1618 903 1650 942 a
1685 887 1878 946 “esse.

304 959 414 1015 niis
445 962 676 1027 nostris,
728 980 855 1020 cum
896 968 969 1024 sit
1011 970 1259 1027 Messana
1317 975 1530 1041 primus
1581 977 1883 1036 Trinacria:

302 1053 558 1122 angulus,
603 1056 867 1127 regnique
919 1060 1090 1116 clavis
1126 1073 1182 1118 et
1223 1063 1466 1121 initium.
1515 1067 1658 1139 Lege
1715 1070 1884 1141 igitur

303 1143 454 1209 felix,
491 1142 808 1215 Fernande,
862 1151 1065 1207 Sicilia:
1138 1153 1333 1221 decus,
1390 1170 1587 1227 meque
1639 1168 1699 1215 ut
1747 1159 1884 1216 l’acis

376 1327 813 1386 2..Dica:arclius
869 1332 1094 1391 Siculus
1143 1336 1469 1405 Messenius,
1520 1341 1887 1412 philosophus

304 1417 729 1489 Peripateticus.
763 1436 950 1480 orator
992 1441 1057 1480 ac
1088 1441 1394 1497 geometra,
1428 1431 1744 1488 Aristotelis
1788 1450 1885 1488 au-

304 1512 498 1567 ditor:
533 1516 625 1584 qui
677 1515 824 1587 leges
865 1528 921 1572 et
963 1529 1169 1575 statuta
1208 1516 1535 1578 concivibus
1560 1527 1676 1581 suis
1706 1527 1883 1593 dedit,

307 1604 541 1674 plurima
580 1608 633 1661 in
676 1610 1026 1680 philosophia
1058 1604 1304 1682 Scripsit.
1355 1614 1487 1670 item
1528 1616 1887 1687 Peloponnesi

303 1697 462 1752 totius
491 1700 920 1771 descriptionem.
958 1720 1232 1775 moresque
1268 1703 1491 1764 Grtzcite
1528 1709 1696 1764 tribus
1729 1710 1882 1766 libris

303 1790 621 1859 Complexus
656 1802 741 1847 est
774 1811 789 1846 :
820 1792 1080 1848 Politiam
1111 1812 1331 1866 queque
1351 1796 1880 1856 Lacedwmoniorum
1916 1801 1958 1855 Β

307 1899 472 1952 quam
500 1895 707 1939 statuto
730 1886 968 1955 quodam
1000 1886 1237 1959 singulis
1265 1892 1428 1949 annis
1457 1893 1739 1966 legendam
1782 1909 1885 1949 au-

304 1974 550 2029 diehant.

377 2068 432 2120 5.
459 2068 741 2124 Ariszocles
776 2069 997 2126 Siculus
1029 2073 1355 2139 Messenios,
1387 2076 1754 2148 philosophus
1783 2079 1883 2134 Pe-

308 2157 653 2226 ripateticus,
703 2160 878 2214 decem
925 2162 1084 2217 libros
1136 2165 1201 2219 de
1242 2167 1576 2239 philosophia
1620 2172 1884 2234 naturali,

306 2259 364 2303 et
409 2249 637 2304 totidem
686 2252 741 2305 in
776 2255 970 2309 morali
1013 2256 1211 2317 edidit,
1256 2258 1389 2313 item
1434 2260 1617 2316 Artem
1658 2264 1885 2329 dicendi,

312 2341 445 2396 item
480 2340 704 2398 Homeri
737 2361 800 2400 ac
826 2344 1072 2401 Plutonis
1108 2353 1585 2420 comparationem,
1628 2364 1752 2409 uter
1787 2355 1887 2409 do-

308 2434 444 2490 ctior
486 2436 677 2501 fuerit,
714 2438 806 2493 ubi
842 2439 1551 2510 philosophosinnumeros
1574 2462 1882 2517 eorumque

307 2528 597 2598 opiniones
618 2541 1037 2588 commemorat.

379 2620 435 2675 ὅ.
466 2619 653 2692 Ibycus
680 2623 901 2679 Siculus
933 2625 1256 2692 llesscnius,
1283 2628 1586 2686 historicus
1611 2642 1668 2687 et
1700 2643 1887 2703 poeta,

306 2728 375 2767 ex
400 2728 594 2768 novem
641 2715 861 2771 vatibus
895 2716 1078 2786 lyricis
1107 2716 1332 2776 Gracia;
1392 2738 1561 2789 unus,
1600 2721 1888 2795 Rheginus

309 2820 530 2876 genere.
590 2805 755 2861 Plura
800 2800 1122 2879 composuit
1166 2811 1351 2882 lingua
1405 2812 1624 2870 Dorira.
1671 2815 1890 2872 Primus

309 2899 628 2954 smibucam
672 2900 1099 2957 instrumentum
1135 2903 1367 2960 invenit.
1388 2904 1487 2961 Hic
1515 2907 1569 2962 in
1592 2907 1729 2963 silva
1753 2924 1890 2979 qua—

313 2990 438 3045 dam
471 2992 741 3048 Calabria:
767 3009 797 3047 a
825 2993 1138 3049 latronibus
1169 3006 1363 3065 captus
1395 3006 1452 3051 et
1489 2999 1559 3054 ab
1581 3002 1667 3055 cis
1699 3000 1886 3056 interi-

312 3085 564 3149 iueudus,
590 3084 657 3138 ad
691 3100 855 3154 grues
881 3102 1011 3140 casu
1038 3087 1161 3141 illac
1195 3089 1445 3144 volantes
1459 3089 1593 3145 dixit
1623 3108 1638 3146 :
1673 3091 1884 3147 Saltem

311 3192 407 3231 vos
438 3185 605 3232 testes
630 3178 822 3233 mortis
850 3193 983 3234 mea:
1007 3188 1064 3234 et
1089 3180 1314 3235 ultrices
1341 3191 1540 3237 estote.
1573 3183 1693 3250 Quo
1716 3183 1887 3240 inter.

306 3278 493 3336 empto
542 3267 783 3324 latrones
817 3268 909 3322 die
955 3269 1191 3339 quadam
1243 3269 1299 3324 in
1342 3270 1560 3326 theatro
1599 3273 1885 3342 spectandi

307 3361 481 3432 gratia
503 3361 782 3426 sedentes,
812 3376 936 3415 cum
960 3378 1127 3433 grues
1155 3361 1295 3417 forte
1317 3362 1568 3418 volantes
1592 3365 1885 3433 vidissent,

307 3453 569 3509 dixerunt
593 3455 661 3508 ad
696 3455 933 3509 invicem
972 3473 985 3509 :
1024 3455 1168 3509 Ecce
1191 3471 1356 3526 grues
1376 3456 1546 3528 Ibyci.
1580 3456 1736 3525 Quod
1763 3458 1887 3529 qui-

306 3547 432 3601 dam
487 3547 742 3616 audiens,
800 3547 854 3601 id
904 3547 1049 3616 quod
1100 3556 1223 3605 erat
1271 3549 1606 3618 suspicatus,
1645 3548 1889 3605 civitatis

308 3637 571 3709 przel'ecto
620 3638 832 3703 retulit,
881 3638 977 3707 qui
1026 3652 1086 3692 re
1121 3640 1368 3692 discussa
1407 3647 1465 3692 et
1508 3637 1748 3708 cognita,
1792 3651 1889 3691 eos

306 3728 611 3799 suspendio
657 3728 959 3783 damnavit.
994 3727 1153 3785 Unde
1186 3728 1536 3799 proverbium
1581 3738 1766 3781 ortum
1802 3738 1887 3782 est

309 3821 365 3875 in
398 3837 458 3876 re
489 3832 692 3876 certa':
728 3818 908 3875 Grues
959 3820 1132 3892 Ibyci.
1187 3821 1344 3886 Quod
1404 3821 1601 3875 beatus
1643 3819 1886 3897 Cyrillus

306 3914 494 3968 divina
528 3913 733 3969 factum
769 3912 1117 3984 providentia
1147 3912 1399 3969 aﬂirmat.

381 4008 434 4063 5.
465 4006 635 4079 Lycus
668 4008 786 4061 sive
825 4004 1005 4077 Lupus
1033 4004 1249 4073 Latine,
1280 4009 1371 4076 qui
1405 4016 1462 4062 et
1490 4005 1750 4064 Butlieras
1792 4022 1886 4063 vo-

309 4104 562 4165 cabatur,
618 4099 921 4173 Mcssenius
964 4098 1265 4154 historicus
1305 4113 1370 4155 ac
1413 4110 1597 4169 poeta,
1629 4100 1786 4170 plura
1823 4102 1888 4157 de

310 4194 500 4250 Sicilia
530 4204 587 4248 et
614 4194 678 4247 de
711 4191 884 4263 Libya
910 4191 1263 4262 conscripsit.

379 4282 433 4338 6.
472 4283 772 4352 Ροιυειιιιαδ
802 4282 1126 4345 Messenios,
1151 4282 1516 4353 philosophus
1550 4299 1615 4340 ac
1639 4285 1886 4342 medicus

312 4377 737 4441 celeberrimus,
796 4374 890 4445 qui
946 4373 1297 4430 Phalaridem
1335 4376 1751 4446 Agrigentinum
1804 4388 1928 4450 ty-.

1987 525 2299 583 bliotliecam
2353 532 2571 586 vocavit
2616 533 2730 592 :de
2776 536 3104 606 antiquitate
3154 538 3558 611 Egyptiorum,

1984 615 2053 671 de
2086 616 2277 675 Sicilia
2310 630 2369 677 et
2399 623 2527 679 aliis
2562 624 2779 689 insulis,
2808 625 2876 680 de
2904 627 3052 684 bello
3072 630 3335 703 Trojano,
3363 632 3433 690 de
3473 651 3565 706 ge-

1984 707 2085 761 stis
2112 707 2408 767 Alexandri
2443 724 2500 768 et
2531 714 2904 771 Romanorum
2937 733 3113 788 usque
3148 724 3216 776 ad
3240 736 3396 777 suam
3434 733 3564 778 arta-

1987 808 2121 864 tem,
2147 815 2384 870 quorum
2415 819 2510 859 sex
2541 822 2572 861 a
2613 806 2818 878 Poggio
2849 808 3166 865 Florentino
3189 813 3427 869 traducti
3450 814 3567 887 cir-.

1985 891 2390 955 cutnl'eruntur.
2421 896 2640 967 Reliqui
2674 900 2765 955 vix
2797 900 3178 956 inveniuntur.
3218 903 3331 974 Ego
3372 915 3575 962 autcm‘

1985 997 2178 1040 omnes
2209 987 2331 1057 ejus
2369 988 2545 1045 libros
2578 991 2691 1047 vidi
2736 993 2790 1047 in
2840 993 3176 1049 bibliotheca
3211 995 3564 1067 imperatoris

1985 1072 2284 1130 (ΞΡυΙίιειιιὶ.
3639 1141 3647 1151 .

2056 1165 2143 1223 10.
2176 1165 2419 1233 Demeter
2463 1170 2581 1226 sive
2610 1172 2767 1229 Ceres
2795 1174 2993 1230 mulier
3024 1178 3207 1234 Slcula
3234 1188 3290 1232 et
3316 1176 3563 1247 legifer-zu,
3638 1160 3650 1173 ’

1989 1265 2125 1312 teste
2152 1258 2410 1325 Diodoro,
2440 1277 2559 1331 quae
2603 1264 2774 1332 prima
2808 1264 3025 1321 Siculos
3064 1268 3326 1323 frumenti
3355 1269 3566 1322 cultum

1986 1348 2212 1417 docuit;
2236 1353 2392 1422 tujus
2415 1354 2524 1408 ﬁlia
2549 1353 2867 1427 Proserpina
2900 1359 3118 1414 eximia:
3138 1359 3569 1430 pulchritudinis

1981 1442 2397 1525 jnala‘Ettnalu
2454 1449 2648 1503 urbem
2694 1450 2765 1504 ab
2821 1450 2965 1508 Oreo
3012 1451 3375 1509 Molossorum
3434 1467 3566 1524 rege

1990 1545 2142 1603 rapta
2169 1545 2274 1590 est.

2067 1629 2152 1683 11.
2181 1628 2491 1686 I‘Iiilonides
2537 1630 2757 1689 Siculus
2803 1631 3100 1705 Ennensis,
3142 1639 3389 1695 medicus
3417 1639 3569 1697 cele-

1994 1718 2284 1791 bcrrimns.

2070 1812 2154 1867 12.
2188 1811 2475 1868 Philistio‘n
2509 1815 2750 1888 Siculus,
2794 1818 3155 1890 philosophus
3202 1835 3267 1876 ac
3312 1820 3565 1878 medicus

1990 1905 2288 1972 cxi-ellens,
2344 1909 2398 1965 in
2438 1910 2708 1965 medicina
2748 1923 3053 1982 praeceptor
3086 1913 3298 1969 Eudoxi
3357 1914 3565 1970 Gnldii.

2062 1998 2149 2052 t3.
2199 1997 2421 2069 Gorgias
2464 1999 2789 2070 Leontinus,
2829 2013 3018 2059 orator
3053 2006 3296 2070 subtilis,
3328 2006 3573 2076 discipu-

1989 2090 2076 2143 lus
2109 2090 2459 2160 Empedoclis
2505 2110 2571 2150 ac
2614 2095 2803 2152 Tisias.
2845 2096 3064 2151 Primus
3112 2097 3347 2152 Athenis
3395 2109 3570 2154 artem

1989 2182 2290 2236 oratoriam
2338 2184 2558 2252 publice
2611 2187 2764 2257 legit,
2800 2187 3113 2257 multosque
3158 2188 3371 2243 docuit.
3405 2190 3571 2246 Plura

1993 2271 2047 2325 in
2074 2284 2190 2329 arte
2218 2276 2414 2341 edidit,
2450 2278 2609 2347 plura
2637 2279 2977 2349 composuit.
3009 2279 3184 2351 Hujus
3216 2291 3321 2335 tres
3355 2292 3573 2338 exstant

1991 2362 2271 2420 Orationes
2315 2381 2454 2435 quas
2497 2382 2599 2437 ego
2625 2367 2733 2435 legi
2772 2369 2831 2424 in
2879 2368 3213 2425 bibliotheca
3256 2368 3572 2427 Flurentina

1996 2458 2059 2513 υ.
2094 2457 2285 2514 Marci.

2065 2550 2153 2606 11.
2191 2549 2487 2606 Herodicus
2513 2548 2841 2620 Leontinus,
2858 2549 3035 2609 frater
3058 2551 3295 2622 Gorgix,
3324 2554 3574 2611 medicus

1992 2641 2413 2697 Celeberriuius.

2066 2734 2152 2787 15.
2192 2733 2513 2791 Dinomenes
2541 2732 2921 2808 Syracusanus
2949 2736 3152 2793 litteris
3183 2736 3406 2793 deditus
3437 2754 3572 2792 :cu-

1989 2824 2078 2893 jus
2111 2824 2204 2878 lilii
2236 2826 2479 2895 tyranni,
2504 2827 2715 2882 scilicet
2747 2827 2950 2884 Hieron
2978 2830 3092 2897 ille,
3138 2832 3338 2886 litteris
3362 2843 3419 2887 et
3452 2847 3572 2886 mu-

1994 2920 2123 2970 sica:
2143 2915 2390 2980 deditus,
2419 2916 2582 2973 Gelon
2612 2917 2705 2974 ille
2730 2931 2953 2990 potens,
2982 2919 3234 2994 Polybius
3264 2937 3312 2977 et
3342 2923 3573 2996 Thrasy-

1995 3011 2171 3064 bulus.
2393 2996 2401 3006 ’

2071 3101 2155 3156 16.
2191 3100 2390 3155 Hieron
2434 3100 2814 3173 Syracusanus
2836 3111 3123 3175 tyrannus,
3161 3104 3478 3160 Dinomrnis
3502 3105 3569 3159 li-

1993 3194 2121 3259 lius,
2148 3192 2318 3248 frater
2360 3194 2607 3261 Gelonis,
2640 3194 2886 3252 liberalis
2903 3204 2962 3252 et
3012 3198 3291 3253 beneﬁcus
3324 3200 3384 3252 in
3413 3197 3566 3253 litte-

1994 3294 2143 3337 ratos
2172 3293 2229 3339 et
2264 3300 2387 3338 mus
2410 3300 2525 3339 cos.
3218 3346 3225 3355 ,
3450 3311 3455 3315 ·

2066 3376 2153 3430 17.
2183 3376 2538 3447 Hieronymus
2563 3377 2962 3451 Syracusanus,
2987 3396 3157 3452 nepos
3183 3379 3458 3449 Hieronis,
3482 3383 3569 3438 vir

1992 3487 2124 3526 sane
2148 3470 2525 3537 doctissimus,
2551 3471 2649 3526 scd
2680 3471 3097 3526 crndeliss‘uius
3122 3471 3247 3525 luit.

2066 3562 2154 3617 18.
2196 3562 2474 3633 Dionysius
2505 3561 2717 3631 primus
2747 3560 3149 3633 Syracusanus,
3177 3559 3429 3616 llieronis
3474 3576 3573 3617 nc-

1991 3670 2113 3723 pos,
2148 3652 2233 3707 vir
2260 3653 2456 3708 doctus
2478 3668 2542 3708 ac
2572 3663 2840 3726 tyrannus
2861 3654 3302 3708 crudelissimus.
3331 3652 3571 3723 Scripsit

1992 3746 2317 3818 Tragoedias,
2348 3744 2643 3803 Comaulias
2676 3759 2733 3802 et
2761 3746 3082 3804 Historiam.
3104 3745 3183 3807 De
3208 3747 3313 3800 hoc
3342 3746 3568 3816 legitur,

1990 3838 2136 3907 quod
2161 3839 2415 3905 qua‘dam
2447 3837 2629 3892 vetula
2662 3836 3003 3893 llimereusis
3039 3838 3095 3891 in
3125 3837 3335 3892 somnis
3366 3836 3572 3893 viderit

1992 3946 2051 3985 se
2077 3930 2248 3986 cados
2276 3931 2688 3995 conscendisse,
2729 3943 2795 3985 sc
2832 3930 2936 3985 sub
2963 3931 3095 3985 sede
3122 3929 3273 3985 Jovis
3303 3931 3482 3984 virum
3513 3929 3568 3985 in

1992 4021 2251 4075 incendio
2274 4020 2453 4075 ferrea
2474 4029 2668 4073 catena
2707 4020 2955 4074 vinctum
2995 4035 3271 4091 :cumque
3314 4022 3441 4091 quis
3484 4036 3571 4076 es-

1990 4123 2074 4169 set
2127 4119 2543 4183 interrogasset,
2602 4111 2921 4177 audivisse,
2975 4111 3178 4168 Sicil'ne
3236 4115 3565 4169 homicidam

1989 4221 2135 4261 esse.
2194 4204 2323 4261 Post
2379 4204 2592 4275 aliquot
2641 4219 2837 4267 annos,
2891 4218 3017 4258 cum
3071 4203 3279 4259 videret
3324 4205 3570 4277 Dionysii

1990 4298 2398 4366 crudelitatem,
2423 4298 2700 4354 somnium
2724 4300 3005 4370 exposuit,
3036 4313 3147 4369 quo
3178 4307 3441 4370 tyrannus
3468 4316 3567 4353 auo

1990 4391 2129 4457 dito,
2158 4408 2324 4446 auum
2353 4392 2526 4461 ipsam
2557 4391 2860 4448 interemit.

309 4486 544 4525 rannum
568 4468 764 4522 morbo
792 4467 1090 4523 iucurabili
1125 4469 1411 4534 liberavit,
1441 4470 1588 4524 'sicut
1618 4485 1684 4525 cx
1705 4471 1884 4541 prima
1922 4502 1968 4560 υ
2066 4483 2154 4539 19,
2177 4481 2463 4554 Dionysius
2489 4484 2791 4548 secundus,
2821 4482 2984 4553 primi
3015 4482 3181 4549 ﬁlius,
3208 4482 3566 4553 philosophus

311 4564 330 4618 l
355 4562 617 4617 halaridis
654 4562 885 4630 epistola
909 4562 1217 4632 colligitur.

382 4655 435 4709 7.
477 4655 778 4711 Timotheus
827 4656 904 4725 (l)
951 4654 1460 4723 Taurominitanus,
1517 4666 1707 4713 orator
1751 4658 1886 4714 satis

311 4752 535 4806 mordax
565 4766 579 4803 :
625 4758 791 4819 quem
846 4750 1216 4805 Athenienses
1242 4749 1615 4821 Epitimaium,
1668 4751 1773 4807 hoc
1802 4763 1887 4808 est

309 4847 716 4915 iucrepatorem
754 4844 1045 4899 vocabant.
1079 4843 1127 4898 ls
1157 4843 1317 4898 libros
1360 4853 1475 4898 octo
1502 4844 1567 4898 de
1605 4843 1806 4900 Sicilia:
1841 4855 1889 4899 et

309 4938 488 4993 Italia?
512 4939 672 5008 gestis
699 4938 1031 5007 composuit,
1073 4936 1201 4992 item
1250 4937 1326 4991 De
1370 4940 1701 5008 argumentis
1739 4938 1893 4994 aliis-

310 5047 413 5101 que
445 5030 761 5084 necessariis
794 5031 927 5084 artis
960 5030 1233 5093 oratoriae,
1260 5031 1391 5084 item
1430 5030 1503 5085 lle
1530 5033 1768 5087 omnium
1802 5034 1889 5086 Iti-

308 5121 628 5175 storicorum
648 5120 940 5187 erroribus,
971 5137 1111 5190 quos
1135 5120 1479 5175 ainarissime
1510 5122 1710 5192 carpit.

385 5214 438 5268 8.
481 5213 796 5270 Charetth
843 5213 1152 5280 Catanacus,
1197 5213 1594 5285 Pythagoricus
1650 5214 1893 5285 philoso-

317 5307 481 5376 phus,
544 5309 909 5377 legumlator,
970 5311 1061 5375 qui
1122 5311 1379 5365 omnibus
1434 5309 1894 5368 Chalcidensibus

312 5392 480 5448 Italiae
511 5406 565 5449 et
595 5395 797 5450 Sicilia]:
825 5396 1018 5451 incolis
1045 5396 1193 5468 leges
1218 5397 1391 5453 dedit.

386 5487 440 5542 9.
482 5486 744 5542 Diodorus
775 5488 997 5544 Siculus
1028 5491 1373 5561 Argyrcnsis,
1409 5490 1704 5575 historicus
1749 5509 1887 5564 prte-

314 5578 710 5641 $tautissinius.
768 5584 861 5652 qui
921 5585 1023 5638 sub
1070 5583 1296 5641 Tiberio
1344 5585 1559 5643 Cmsarc
1612 5586 1885 5644 militavit.

388 5750 463 5821 (i)
502 5750 628 5821 ch.
664 5751 884 5807 Tima'tts

1993 4591 2055 4631 ac
2080 4584 2286 4639 orator,
2322 4572 2562 4629 Platonis
2590 4574 2918 4646 discipulus,
2943 4574 3211 4646 Epistolas
3234 4576 3583 4651 composuit,

1993 4680 2048 4724 et
2077 4668 2440 4724 Commentum
2467 4670 2522 4722 in
2546 4676 2793 4738 poemata
2821 4666 3129 4739 Epicharmi
3158 4670 3375 4726 comici.
3610 4666 3613 4669 ’

2065 4758 2155 4814 9.0.
2189 4759 2475 4830 Dionysius
2524 4758 2664 4813 alius
2695 4756 3095 4828 Syracusanus,
3142 4770 3408 4831 tyrannus
3434 4777 3561 4814 cru-

1995 4851 2136 4907 delis
2190 4866 2255 4905 ac
2308 4853 2524 4918 doctus,
2571 4851 2795 4922 scripsit
2831 4855 3137 4924 truytedias,
3185 4856 3464 4908 commtlias
3510 4866 3567 4911 et

1997 4946 2293 4997 historiam.

2067 5036 2159 5090 21.
2197 5035 2330 5089 Dion
2374 5034 2750 5107 Syracusanus
2781 5045 3071 5108 tyrannus,
3117 5036 3357 5094 Platonis
3402 5040 3571 5095 αἰεί-ἰν

2002 5129 2186 5197 pulos,
2226 5126 2397 5182 frater
2436 5128 2833 5183 Aristomachze
2880 5129 3068 5184 uxoris
3106 5132 3268 5199 primi
3306 5134 3567 5205 DiUHySIi.

2002 5218 2099 5274 llic
2152 5220 2366 5290 expulit
2416 5218 2720 5274 secundum
2766 5218 3107 5291 Dionysium,
3161 5238 3191 5275 a
3222 5237 3331 5292 quo
3378 5234 3568 5293 postea

2002 5310 2102 5365 luit
2134 5311 2416 5381 expulsus.

2071 5404 2161 5459 22.
2188 5403 2562 5459 llermocrates
2601 5405 2997 5477 Syracusanus,
3038 5407 3125 5463 vir
3154 5424 3285 5463 sane
3308 5408 3569 5479 politicus

1995 5509 2049 5550 et
2085 5505 2299 5550 amator
2327 5497 2536 5566 patriae,
2566 5500 2814 5569 miraque
2840 5498 3089 5556 doctrina
3124 5510 3377 5569 ornatus,
3408 5511 3567 5572 pater

2000 5589 2238 5660 Dionysii
2262 5589 2493 5646 senioris
2517 5589 2632 5647 sive
2662 5605 2841 5647 socer.
