3902 6208
404 295 511 360 919

1581 291 2097 353 CONSTANTINI
2138 291 2508 353 LASCARIS
3520 296 3597 359 92d

473 416 566 469 25.
622 414 880 486 Epicydes
919 424 975 470 et
1018 415 1386 485 Hippocrates,
1427 415 1625 468 fratres
1666 405 1846 480 Parui,
1892 411 1987 467 sed
2018 416 2064 474 Α
2098 411 2268 470 Tisias
2300 415 2416 469 siVe
2447 412 2650 470 Ctesias
2682 411 2787 466 luit
2814 424 2880 464 ex
2908 384 3228 466 concivihtts
3253 423 3452 479 pauper,
3475 413 3599 482 quisi

405 506 694 577 Syracusis
726 506 972 571 oriundi,
1008 507 1179 560 armis
1218 523 1281 560 ac
1307 505 1509 560 litteris
1535 505 1668 559 clari
1711 513 1770 559 et
1801 504 1989 573 cepia-

408 612 526 650 rutn
557 597 822 651 ductores
854 614 866 647 :
896 596 1087 651 fraude
1132 606 1314 651 tamen
1369 596 1586 651 Siculos
1641 610 1672 650 a
1722 593 1990 649 Romanis

405 688 473 744 ad
505 689 705 743 Poenos
735 690 1002 743 inclinare
1034 691 1400 746 conabantur.

477 780 570 833 24.
590 780 926 834 Archimedes
964 779 1362 851 Syracusanus,
1383 779 1744 851 philosophus
1775 794 1840 835 ac
1862 793 1990 850 geo-

407 854 579 927 metra
649 861 1027 936 acutissium‘s,
1065 873 1309 944 artisque
1377 874 1712 928 mechanica;
1772 885 1988 936 auctor,

406 964 670 1033 pleraque
697 966 754 1019 in
802 962 1104 1021 Geometria
1160 966 1382 1037 scripsit
1410 976 1467 1021 et
1520 968 1884 1021 Commcntum
1933 968 1988 1020 in

407 1056 717 1111 llomerum.
766 1058 940 1129 Hujus
971 1075 1139 1128 opera
1164 1061 1421 1129 exposuit
1455 1060 1722 1125 Eudocius
1772 1060 1992 1115 Ascalo-

409 1149 546 1214 uita,
571 1150 745 1205 vitam
775 1166 909 1207 vero
949 1153 1177 1222 scripsit
1210 1154 1435 1209 Proetus
1464 1154 1689 1225 Lycius.

477 1243 570 1299 25.
625 1244 868 1309 Achwus,
897 1246 1013 1300 sive
1044 1247 1272 1301 Achiuus
1322 1247 1544 1309 Latine,
1586 1248 1989 1320 Syracusanus,

407 1345 568 1406 poeta
607 1338 854 1391 comicus
902 1338 1202 1393 Carnmdias
1240 1342 1419 1393 decent
1451 1342 1781 1409 composuit.

476 1429 569 1499 ﬁt}.
631 1430 991 1499 Athenagoras
1049 1431 1452 1501 Syracusanus,
1506 1433 1591 1485 vir
1630 1432 1886 1503 politicus
1932 1420 1993 1490 et
2036 1422 2043 1431 ³

407 1534 599 1575 orator
620 1523 1006 1589 suavissimus,
1032 1535 1356 1595 amatorque
1387 1528 1598 1595 patrias.

477 1611 570 1667 27.
604 1614 893 1669 Antiochus
912 1616 1295 1686 Syracusanus
1325 1621 1642 1689 historicus,
1676 1625 1770 1695 qui
1801 1623 1994 1678 Roma-

411 1721 508 1759 nas
542 1706 768 1776 scripsit
795 1716 851 1761 et
879 1705 1091 1761 Siculas
1124 1707 1415 1774 Historias,
1446 1726 1611 1782 quem
1636 1716 1767 1770 citat
1792 1715 1994 1771 Pausa-

411 1811 551 1849 ntas.

479 1886 570 1941 28.
599 1886 734 1942 Bion
766 1888 1150 1959 Syracusanus
1176 1901 1383 1959 orator,
1414 1894 1507 1965 qui
1554 1906 1726 1951 artem
1771 1896 1995 1951 rhetori-

410 1994 531 2031 cam
551 1987 609 2033 et
637 1980 792 2049 plura
822 1984 1154 2050 composuit.

476 2069 568 2125 29.
610 2070 927 2127 Dinolochus
956 2075 1361 2147 Syracusanus,
1383 2089 1540 2149 poeta
1572 2082 1839 2146 comicus,
1864 2080 1994 2147 Epi-

408 2164 615 2216 charmi
642 2165 986 2236 discipulus,
1022 2169 1423 2239 qttatuordecim
1452 2170 1751 2229 Comoedias
1800 2172 1995 2230 Dorice

409 2255 655 2321 scripsit.

478 2350 569 2407 50.
618 2349 968 2422 Epicharmus
1000 2363 1161 2423 poeta
1199 2355 1445 2411 comicus
1471 2356 1874 2430 Syracusanus,
1906 2358 1993 2413 vel

408 2458 477 2505 ex
505 2441 701 2499 Castro
735 2445 938 2516 oppido
969 2445 1245 2511 Sicanico,
1279 2445 1599 2520 Pythagora:
1623 2450 1863 2514 auditor,
1899 2465 1993 2506 co-

413 2544 670 2599 tomdiatn
689 2540 901 2611 primus
931 2540 1163 2608 invenit,
1188 2543 1431 2611 itemque
1463 2551 1576 2597 tres
1602 2543 1814 2598 litteras
1840 2542 1989 2599 Gne-

412 2652 506 2690 cas
529 2634 798 2705 duplices.
831 2634 1029 2689 Multas
1054 2644 1320 2705 prarterea
1351 2632 1652 2690 Comoedias
1674 2635 1869 2690 edidit.
1898 2635 1996 2690 llic

411 2729 482 2784 ab
524 2729 759 2782 Hierone
790 2729 1053 2782 multatus
1095 2736 1200 2791 est,
1235 2727 1382 2797 quod
1412 2728 1650 2783 lascivos
1681 2744 1875 2783 versus
1900 2745 1989 2784 ρος

409 2835 527 2875 ratu
560 2820 747 2890 regina
784 2820 1092 2875 recitasset.

479 2914 571 2970 5l.
618 2913 873 2968 Eudoxus
910 2914 1151 2977 Siculus,
1202 2912 1520 2983 Agathoelis
1568 2914 1783 2982 tyranni
1828 2911 1989 2975 ﬁlius,

411 3020 573 3078 poeta
623 3012 889 3072 comicus,
936 3008 1139 3061 multas
1191 3007 1504 3075 composuit
1552 3005 1875 3072 Comoedias,
1928 3022 1994 3060 ex

408 3102 614 3171 quibus
647 3101 817 3154 octies
844 3104 1070 3169 adeptus
1096 3110 1179 3155 est
1200 3101 1508 3154 victoriam.

481 3194 571 3247 52.
607 3191 1026 3261 Themistogenes
1060 3190 1458 3264 Syracusanus,
1488 3193 1785 3250 historicus
1820 3213 1832 3249 :
1865 3194 1991 3266 Cyri

412 3289 545 3355 regis
572 3302 867 3350 ascensum,
900 3296 947 3340 et
979 3285 1042 3340 de
1082 3287 1263 3355 patria
1291 3304 1411 3350 sua,
1449 3287 1616 3342 multa
1642 3290 1991 3359 conscripsit.

482 3380 570 3436 33.
618 3379 920 3434 Theodorus
961 3380 1338 3450 Syracusanus
1388 3388 1594 3445 orator,
1647 3381 1743 3451 qui
1798 3393 1994 3451 pra-ter

411 3475 540 3539 alia,
570 3476 739 3527 umlta
765 3473 830 3525 de
858 3487 915 3527 re
940 3472 1167 3525 militari
1196 3466 1529 3541 composuit.

481 3566 573 3622 δι.
618 3564 923 3619 Theocritus
999 3564 1399 3633 Syracusanus,
1450 3576 1606 3634 poeta
1655 3568 1992 3636 prmstantis—

411 3657 607 3720 simus,
634 3655 1010 3709 Bucolicorum
1041 3666 1238 3711 auctor
1268 3656 1517 3712 illustris.
1552 3657 1745 3714 Plures
1775 3662 1997 3731 scripsit

416 3749 643 3822 Eclogas
671 3750 889 3804 diverso
927 3748 1215 3815 idiomate,
1248 3764 1485 3821 quorum
1520 3753 1590 3808 39
1613 3763 1849 3807 exstant.
1883 3754 1995 3810 Bu-

406 3846 650 3904 colicum
704 3863 898 3920 geuus,
949 3857 1010 3903 ut
1070 3849 1294 3919 quidam
1354 3850 1530 3917 aiunt,
1580 3853 1865 3907 inventum
1913 3864 1997 3909 est

410 3942 557 4013 apud
613 3939 1081 4006 Lacedaemonios,
1134 3952 1195 3997 ut
1247 3943 1361 4011 alii,
1423 3944 1567 4014 apud
1627 3944 1993 4017 Tyndaridatn

408 4034 617 4091 Siciliae
647 4034 863 4099 urbem,
888 4049 1002 4106 quo
1030 4043 1277 4106 tempore
1308 4036 1531 4092 Orestes
1554 4054 1679 4093 cum
1715 4039 1994 4109 Iphigenia

414 4127 597 4182 Diana:
626 4128 983 4182 simulacrum
1015 4143 1084 4183 ex
1108 4126 1307 4183 Tauris
1332 4131 1655 4198 reportavit.
1684 4131 1812 4196 Alii,
1846 4132 1992 4203 quod

414 4221 602 4274 verius
628 4229 734 4285 est,
766 4219 1054 4291 Syracusis
1084 4221 1366 4276 inventum
1403 4232 1676 4277 asserunt.
1709 4223 1842 4279 Nam
1868 4239 1993 4280 cum

413 4312 745 4385 Syracusani
797 4321 921 4383 post
971 4316 1174 4368 multas
1238 4313 1541 4368 seditiones
1586 4328 1651 4369 ac
1699 4315 1885 4381 clades
1925 4317 1993 4372 ad

410 4405 764 4462 concordiam
827 4406 1011 4461 Ditna:
1056 4422 1225 4477 opera
1300 4404 1613 4470 rediissent,
1659 4407 1842 4465 Dorici
1893 4425 1993 4480 pa-

2098 518 2270 563 artem
2293 505 2676 568 addidit-isset,
2697 501 2972 573 duplicem
2989 501 3313 571 promiserat
3328 503 3598 556 mercedem:

2098 600 2326 655 edoctus
2360 612 2491 652 vero
2526 595 2853 665 promissam
2891 593 3127 665 negavit.
3164 593 3241 648 Ad
3279 592 3510 663 judicium
3534 612 3602 648 vo-

2098 699 2258 745 catus
2302 688 2482 743 Tisias
2512 689 2779 742 Coracem
2811 685 3173 755 interrogavit
3221 701 3235 735 :
3270 682 3508 750 Quidnam
3545 700 3605 740 est

2100 798 2190 838 ars
2210 781 2490 837 oratoria?
2520 780 2608 836 cui
2631 777 2810 834 Corax
2843 777 3148 848 respondit,
3172 775 3507 831 Persuadendi
3526 794 3604 832 ars.

2100 878 2279 933 Tisias
2319 888 2503 931 autem
2556 873 2794 931 ab‘artis
2825 873 2930 927 hac
2960 869 3284 926 dillinitione
3332 870 3397 923 ita
3429 864 3604 938 argu't:

2101 971 2160 1026 Si
2203 983 2528 1042 persuascro
2584 966 2705 1031 tibi,
2755 965 2959 1028 Corax,
3011 973 3266 1033 tanquam
3313 962 3606 1032 persuadens,

2102 1079 2209 1119 non
2238 1063 2472 1125 solvam,
2500 1076 2625 1116 nam
2648 1060 2752 1114 vici
2791 1076 2804 1112 :
2835 1059 2882 1114 si
2916 1073 3048 1112 vero
3069 1073 3178 1111 non
3204 1070 3510 1126 persuaserit,
3532 1071 3608 1121 uoit

2078 1158 2332 1234 .solvam,
2374 1171 2500 1211 nam
2551 1170 2661 1209 non
2713 1151 3053 1223 persuadens
3108 1164 3214 1205 non
3260 1150 3414 1203 didici
3461 1159 3608 1202 artem.

2102 1252 2280 1308 Corax
2339 1265 2474 1304 vero
2506 1265 2537 1304 e
2568 1246 2849 1304 contrario
2882 1265 2897 1301 :
2926 1246 3041 1300 lmo
3101 1246 3144 1299 si
3203 1258 3500 1314 persuasi-ro
3524 1242 3609 1303 tibi,

2100 1343 2272 1409 Tisia,
2307 1343 2638 1413 promissum
2674 1341 2889 1410 capiam
2922 1348 2981 1393 ttt
3021 1338 3199 1393 victor
3233 1353 3247 1390 :
3276 1336 3320 1391 si
3348 1341 3507 1390 autem
3535 1349 3612 1385 non

2101 1450 2449 1507 persuasero,
2501 1435 2667 1490 etiam
2720 1430 3037 1487 mercedem
3087 1430 3287 1488 solves.
3334 1442 3446 1482 cum
3496 1427 3614 1480 talem

2101 1530 2326 1586 fecerim
2359 1538 2434 1596 te,
2471 1537 2529 1581 ut
2560 1525 2897 1597 persuadere
2930 1539 3043 1579 non
3079 1520 3370 1594 potuerim.
3394 1519 3527 1574 Tunc
3558 1519 3617 1586 ju-

2100 1622 2253 1679 dices
2277 1621 2569 1690 utriusque
2591 1620 2859 1691 argutiam
2889 1617 3074 1672 mirati
3098 1617 3330 1672 clamare
3350 1620 3615 1679 coeperunt:

2102 1717 2225 1772 Mali
2264 1717 2415 1771 corvi
2456 1714 2658 1769 malum
2687 1727 2876 1775 ovum,
2924 1711 2975 1765 id
3009 1720 3122 1775 est,
3151 1707 3299 1778 gravi
3345 1713 3619 1776 praeoptare

2026 1800 2070 1857 Β
2098 1809 2321 1880 gravior
2354 1807 2685 1877 discipulus,
2733 1804 2880 1875 quod
2919 1803 3127 1860 deinde
3162 1802 3455 1872 prolapsum
3480 1807 3547 1851 est
3578 1797 3615 1848 in

2096 1902 2467 1973 proverbium,
2524 1900 2741 1970 quoties
2790 1912 2821 1952 e
2872 1899 3017 1951 malo
3085 1895 3285 1949 malum
3332 1891 3509 1964 prodit.
3549 1887 3618 1942 llic

2099 1994 2300 2059 Corax,
2339 2004 2478 2049 teste
2514 1991 2826 2054 Aristotele,
2878 1989 3198 2044 Oratorium
3244 1986 3439 2056 primus
3484 1994 3611 2037 arteu

2097 2088 2278 2143 edidit.

2167 2181 2258 2236 '57.
2291 2179 2491 2236 Ctesias
2513 2178 2625 2235 sive
2648 2178 2815 2234 Tisias
2831 2175 3221 2249 Syracusanus
3247 2175 3435 2230 dudum
3460 2184 3617 2224 memo-

2099 2284 2273 2341 ratus,
2296 2273 2513 2329 Coracis
2538 2272 2782 2343 pra‘dicti
2809 2270 3121 2340 discipulus
3143 2278 3199 2324 et
3229 2268 3406 2321 rhetor
3434 2276 3617 2319 astutus.

2102 2368 2214 2423 Hos
2236 2371 2299 2422 A.
2325 2366 2539 2423 Gellius
2572 2366 2923 2436 Protagoram
2970 2374 3030 2421 et
3091 2362 3374 2418 Evatlilum
3413 2357 3612 2427 appellat.

2169 2460 2259 2515 58.
2305 2460 2487 2532 Lysias
2524 2460 2613 2514 ille
2641 2458 3000 2512 suavissimus
3029 2466 3240 2517 orator,
3261 2451 3465 2522 Cephali
3489 2449 3611 2511 ﬁlius,

2100 2555 2253 2609 Tisia:
2284 2550 2587 2624 discipulus
2616 2544 2672 2607 et
2706 2549 2940 2622 Gorgia',
2995 2551 3389 2620 Syracusanus,
3434 2560 3550 2597 unus
3570 2556 3615 2594 et

2098 2647 2285 2700 decem
2342 2645 2557 2713 ninguis
2603 2644 2918 2699 oratoribus
2974 2641 3223 2704 Graecini,
3278 2639 3445 2709 plures
3491 2635 3614 2689 edidit

2102 2735 2391 2808 Epistolas,
2412 2740 2588 2790 Artem
2607 2736 2922 2799 oratoriam,
2940 2732 3225 2790 Orationes
3244 2732 3299 2786 ul
3324 2749 3379 2785 ra
3397 2738 3614 2790 trecentas,

2096 2846 2164 2885 ex
2191 2831 2393 2901 quibus
2415 2846 2601 2901 pauca:
2631 2839 2870 2885 exstant.

2169 2920 2259 2977 39.
2296 2919 2628 2974 Menecrates
2674 2919 3083 2990 Syracusanus,
3128 2919 3367 2975 medicus
3387 2913 3616 2971 celeberri-

2098 3032 2240 3083 mus,
2276 3016 2530 3072 homines
2552 3032 2588 3070 α
2617 3015 2882 3070 comitiali
2912 3014 3111 3069 morbo
3147 3014 3423 3069 liberabat.
3455 3009 3534 3063 llic
3551 3005 3617 3061 Jo-

2100 3126 2221 3166 vem
2268 3125 2326 3165 se
2359 3109 2565 3170 vorari.
2606 3124 2702 3165 eos
2742 3116 2925 3161 autem
2960 3105 3069 3161 sibi
3116 3106 3380 3166 subditos,
3418 3115 3534 3172 quos
3553 3112 3615 3151 sa-

2100 3202 2289 3265 nabat,
2319 3200 2510 3257 voluit.

2175 3295 2263 3350 ιο.
2287 3293 2538 3350 Simtnias
2560 3293 2942 3367 Syracusanus
2962 3294 3324 3366 philosophus
3342 3291 3433 3345 luit
3450 3305 3501 3342 ac
3519 3284 3617 3341 Stil-

2102 3390 2253 3459 ponis
2284 3388 2526 3453 auditor,
2572 3390 2729 3458 cujus
2773 3389 2939 3444 [illam
2987 3405 3186 3459 parum
3221 3388 3455 3458 pudicam
3484 3381 3615 3435 duxit.

2176 3482 2264 3537 41.
2307 3480 2573 3535 Monimus
2605 3480 3007 3553 Syracusanus,
3062 3479 3411 3553 philosophus
3438 3474 3618 3545 Cynicus

2102 3584 2159 3631 et
2187 3574 2445 3645 Diogenis
2475 3574 2663 3645 Cynici
2691 3575 2833 3630 illius
2862 3592 2876 3629 :
2912 3576 2992 3631 vir
3015 3589 3151 3629 sane
3171 3569 3617 3644 elegantissimuset

2104 3665 2543 3737 copiosissimus.
2578 3668 2749 3720 multa
2779 3666 3001 3736 scripsit
3032 3668 3088 3720 in
3124 3664 3465 3733 Philoxophia,
3488 3658 3617 3712 lamu-

2105 3760 2191 3815 lus
2230 3770 2416 3817 autem
2448 3760 2631 3815 fuerat
2654 3760 2939 3832 cujusdam
2974 3759 3234 3814 mensarii
3255 3753 3516 3815 Corinthii.
3548 3746 3617 3802 llic

2105 3862 2420 3924 contempla
2444 3853 2640 3924 gloria,
2667 3854 2955 3908 veritatem
2985 3868 3208 3923 semper
3230 3849 3461 3921 appetiit.

2176 3947 2269 4005 42.
2305 3946 2547 4002 Moschus
2586 3944 2987 4018 Syracusanus,
3023 3944 3402 4016 grammaticus
3428 3949 3473 3993 ct
3499 3941 3615 4003 pocla

2105 4038 2229 4106 luit,
2257 4038 2350 4108 qui
2380 4039 2549 4092 multa
2576 4036 2820 4107 scripsit,
2848 4051 3013 4107 queui
3039 4037 3240 4107 opinor
3259 4047 3310 4090 et
3338 4029 3615 4088 lloschiottcm

2107 4131 2462 4203 appellatum.

2178 4224 2267 4279 43.
2295 4222 2611 4296 Sosiphanes
2646 4220 3053 4293 Syracusanus,
3099 4229 3256 4292 poeta
3288 4216 3505 4275 comicus
3532 4209 3614 4263 sive

2107 4317 2370 4387 tragicus,
2422 4316 2771 4389 syuehronus
2841 4312 3140 4386 Euripidis,
3198 4326 3337 4368 unus
3400 4324 3427 4364 c
3468 4313 3614 4371 δερκπι

2107 4410 2325 4483 tragicis
2363 4418 2610 4479 tempore
2641 4407 2879 4479 Philippi
2907 4418 2963 4463 et
2987 4405 3303 4463 Alexandri.
3334 4404 3498 4459 Mimos
3523 4395 3614 4451 tiri-

410 4508 590 4555 stores
623 4499 728 4555 hoc
744 4500 1007 4555 carminis
1030 4516 1234 4572 genere
1264 4499 1561 4571 psallentes
1594 4488 1819 4557 Dianam
1848 4502 1997 4560 cele-
2029 4511 2077 4572 υ
2104 4502 2178 4558 les
2227 4519 2291 4557 ac
2322 4502 2625 4565 muliebres,
2674 4501 2962 4572 tragazdias
2999 4499 3069 4554 73
3115 4501 3341 4570 scripsit,
3384 4496 3433 4550 in
3474 4491 3613 4563 φάτναι

413 4592 666 4647 brarunt.

482 4685 572 4741 55.
626 4685 833 4742 Callias
893 4684 1295 4758 Syracusanus,
1350 4686 1668 4756 historicus,
1724 4682 1994 4744 Historias

412 4779 599 4848 plures
638 4778 878 4849 scripsit,
912 4790 969 4834 et
1001 4780 1056 4834 in
1090 4780 1180 4836 bis
1231 4781 1537 4852 Agathoclis
1573 4783 1741 4837 Siculi
1776 4784 1994 4856 tyranni

411 4881 580 4942 grata.

481 4963 574 5019 56.
611 4962 811 5027 Corax,
846 4962 962 5017 sive
991 4962 1193 5017 Corvus
1233 4962 1447 5027 Latine,
1480 4964 1884 5036 Syracusanus,
1909 4966 1995 5021 inc

412 5066 611 5112 venter
645 5066 702 5111 et
744 5057 1034 5112 ordinatur
1067 5057 1203 5111 artis
1235 5056 1524 5111 rhetoricae
1556 5059 1675 5111 sive
1720 5060 1992 5114 oratoriae.

412 5150 546 5206 Nam
577 5166 703 5205 cum
744 5148 1075 5222 Syracusani
1108 5165 1140 5203 a
1177 5147 1467 5220 tyrannide
1509 5148 1672 5203 liberi
1700 5166 1766 5205 ac
1806 5151 1988 5221 pacati

413 5246 555 5298 inter
598 5258 658 5298 se
697 5243 1089 5311 rempublicam
1147 5243 1515 5307 ordinassent,
1570 5243 1777 5314 primus
1818 5244 1995 5302 Corax

412 5338 618 5409 incepit
648 5352 705 5391 se
735 5352 995 5392 exercere
1036 5347 1093 5392 et
1138 5338 1190 5392 vi
1223 5337 1492 5393 orationis
1541 5340 1870 5407 persuadere
1930 5354 1997 5394 ac

409 5429 759 5497 dissuadere,
812 5444 1149 5500 monereque
1187 5442 1378 5486 omnes
1427 5429 1494 5483 ad
1539 5430 1679 5485 bene
1723 5443 1779 5486 et
1822 5429 1995 5487 libere

412 5523 728 5590 vivendum,
761 5532 818 5599 et
843 5524 916 5579 ob
947 5523 1000 5579 id
1052 5524 1323 5578 universis
1369 5523 1715 5594 gratissimus
1758 5525 1991 5579 exstitit.

413 5616 465 5671 Is
489 5617 796 5672 orationem
855 5618 912 5673 in
972 5618 1077 5673 tria
1116 5615 1325 5680 divisit,
1354 5616 1567 5671 scilicet
1599 5616 1653 5670 in
1682 5617 1992 5679 exordium,

414 5710 790 5763 narrationem
814 5719 867 5764 ct
901 5711 1178 5779 epilogum
1204 5726 1219 5774 ;
1248 5718 1580 5778 rogatusque
1602 5724 1630 5762 a
1650 5708 1989 5771 cottcivibus,

411 5813 589 5854 artem
610 5798 825 5866 pollice
844 5798 995 5866 legit,
1017 5808 1067 5852 ct
1092 5799 1293 5854 multos
1309 5798 1570 5873 erpdivit,
1597 5814 1831 5868 quorum
1854 5815 1997 5855 unus

2099 4595 2308 4665 septies
2351 4594 2587 4665 palmam
2618 4593 2847 4663 adeptus
2895 4602 3006 4647 est.
3048 4592 3183 4648 ltem
3212 4591 3314 4646 alia
3360 4596 3455 4641 tam
3480 4592 3612 4635 metro

2098 4704 2263 4759 quam
2307 4702 2491 4758 prosa.
2547 4683 2829 4740 Platonem
2879 4685 3046 4757 hujus
3098 4693 3342 4757 poemata
3374 4681 3608 4750 legentem.

2099 4798 2356 4840 somnum
2389 4781 2603 4851 cepisse
2631 4783 2811 4837 aiunt.

2168 4876 2261 4930 44.
2302 4860 2581 4930 Philemon
2627 4873 3030 4947 Syracusanus,
3061 4882 3220 4945 poeta
3244 4868 3478 4928 “comicus
3510 4872 3610 4916 tem-

2099 4982 2230 5036 pore
2280 4966 2600 5031 Alexandri,
2638 4980 2814 5029 annos
2846 4965 2983 5020 visit
3031 4964 3122 5031 90,
3149 4977 3204 5022 et
3233 4958 3438 5019 totidem
3478 4947 3609 5008 edidit

2097 5060 2409 5127 Comaadias,
2448 5061 2696 5129 obiitque
2727 5076 2795 5114 ex
2824 5059 3137 5115 vehementi
3166 5058 3297 5114 risu.

2171 5153 2264 5208 45.
2299 5150 2555 5207 Philistus
2584 5150 2963 5221 Syracusanus
3010 5149 3096 5205 vel
3132 5143 3447 5208 Nancratita,
3477 5137 3606 5193 histo-

2101 5246 2274 5309 ricus,
2304 5244 2460 5317 plura
2496 5242 2713 5313 scripsit
2744 5242 2809 5298 de
2840 5239 3046 5297 Sicilia.
3083 5242 3205 5298 Fuit
3226 5238 3389 5294 allinis
3421 5222 3604 5300 Dionysii

2100 5335 2337 5407 tyranni,
2389 5342 2447 5389 et
2499 5332 2637 5390 obiit
2682 5332 2736 5386 in
2801 5332 2944 5389 bello
2988 5347 3175 5390 contra
3219 5324 3604 5398 Cartltagineuses

2097 5436 2274 5498 gesto.

2169 5520 2257 5575 46.
2300 5517 2556 5575 Philistus
2578 5519 2719 5576 alius
2746 5519 3146 5593 Syracusanus,
3172 5507 3599 5580 historicusl‘lum

2099 5616 2204 5670 seri
2212 5615 2319 5685 psit
2337 5615 2409 5667 De
2424 5614 2575 5668 rebus
2607 5612 2962 5686 JEgyptiacis,
2984 5616 3129 5672 libris
3147 5614 3272 5680 XII;
3294 5612 3362 5667 De
3380 5598 3595 5663 Sicunicit.

2100 5707 2246 5761 libris
2279 5706 2373 5761 xz.
2427 5707 2559 5762 Item
2595 5708 2673 5761 De
2704 5706 2933 5773 Baccho,
2983 5710 3059 5762 De
3112 5706 3352 5775 theologia
3378 5690 3597 5787 τεςνριίξν

2102 5819 2215 5856 rum
2254 5800 2400 5854 libris
2452 5799 2534 5865 γι,
2588 5800 2664 5855 De
2716 5800 2872 5872 Syria
2904 5811 2951 5865 et
2992 5800 3172 5872 Libya.
3222 5797 3313 5852 llic
3342 5810 3367 5849 a
3394 5789 3595 5855 Dionis")
