3902 6208
251 305 350 370 99.1

1319 305 1424 368 ’οΕ
1465 304 2032 369 SCllIP‘l‘ORIBUS
2074 304 2252 366 SICU
2267 306 2406 368 LlS.

3406 306 3515 371 922

252 417 469 471 seniore
500 418 552 473 itt
580 418 836 475 exsilium
872 429 1051 489 actus,
1094 420 1166 475 ibi
1193 422 1390 476 bonam
1423 420 1676 475 Historiae
1711 433 1829 487 par-
1864 423 1908 478 A
1939 414 2195 469 manibus
2225 415 2470 478 laurum.
2500 414 2731 483 gloriam
2772 414 2861 470 dei
2913 418 3234 486 quaeritans
3282 417 3516 473 Αιῑιεηίο

255 519 362 563 lem
386 511 645 567 absolvit.

324 604 414 656 lt'l.
458 603 714 659 Phormus
757 605 1152 676 Syracusanus,
1189 617 1350 677 poeta
1389 605 1657 670 comicus,
1705 604 1833 675 Epi-

250 694 460 747 charmi
493 697 698 757 socius,
732 700 999 754 comoedia:
1039 700 1315 763 inventor,
1361 714 1486 753 eum
1539 714 1608 753 eo
1642 708 1834 767 gratus

249 786 443 839 Celmi
481 800 734 859 tyranno,
769 800 825 847 et
856 793 1095 847 ﬁliorum
1126 794 1246 864 ejus
1280 801 1608 866 praeceptor.
1641 792 1836 845 Plures

252 874 545 931 (Tantaulius
574 879 811 950 seripsit.
846 885 1063 939 Primus
1093 896 1242 939 veste
1275 884 1430 938 talari
1468 899 1601 938 usus
1628 892 1735 948 est,
1777 891 1835 938 et

251 980 418 1020 scena
452 985 519 1023 es
550 973 785 1040 pellibus
825 974 1029 1031 rubris.

321 1058 415 1114 48.
461 1060 741 1119 Philemon
804 1064 1203 1137 Syracusanus,
1264 1068 1380 1123 sive
1451 1067 1867 1131 Atheniensis,

250 1160 412 1217 poeta
445 1155 712 1219 comicus,
750 1158 920 1212 multa
954 1159 1146 1225 edidit,
1189 1176 1362 1215 unum
1409 1177 1575 1230 supra
1608 1170 1833 1216 centum

232 1254 427 1294 .annos
457 1242 610 1308 vixit,
633 1260 760 1300 cum
785 1247 1042 1304 sensibus
1063 1265 1285 1320 semper
1309 1252 1520 1308 solidis.
1547 1250 1835 1307 Postremo

253 1331 649 1391 subtlurmiens
703 1337 843 1394 vidit
875 1355 1072 1396 novem
1105 1343 1320 1412 puellas
1365 1343 1534 1399 domo
1581 1360 1682 1399 sua
1742 1360 1837 1399 es-

251 1436 471 1490 euutes,
488 1443 624 1497 quas
644 1445 769 1485 cum
801 1432 1192 1505 interrogasset
1216 1450 1318 1491 cur
1339 1437 1590 1491 exirent?
1613 1452 1836 1505 respon-

250 1516 472 1583 derunt,
509 1519 628 1577 Non
669 1522 798 1580 licet
830 1526 1067 1595 amplius
1102 1528 1244 1582 hanc
1282 1532 1507 1583 domum
1533 1529 1783 1585 habitare
1819 1546 1835 1585 :

249 1619 310 1663 et
367 1614 789 1683 expergefactus
847 1621 1092 1673 narravit
1152 1621 1264 1675 lilio
1318 1621 1607 1687 visionem,
1670 1624 1831 1691 perli-

250 1699 512 1770 eiensquc
540 1705 685 1773 quod
716 1708 1104 1777 camponebat,
1131 1709 1548 1767 obdormisceus
1581 1712 1834 1784 spiritum

251 1793 456 1848 emisit.

327 1886 419 1941 49.
468 1886 753 1945 Philemon
790 1892 955 1963 hujus
987 1893 1150 1960 illius,
1181 1899 1426 1952 comicus
1457 1898 1644 1955 itidem
1678 1908 1838 1970 poeta

254 1970 484 2047 quat-nor
511 1985 759 2047 exaravit
780 1982 1101 2041 Comoedias.

328 2074 417 2127 5t).
465 2075 687 2130 Nicetas
720 2077 1082 2148 philosophus
1128 2079 1526 2154 Syracusanus,
1563 2085 1841 2142 dixitom-

259 2168 351 2218 nia
387 2168 503 2219 licri
552 2168 838 2224 harmonia
872 2180 927 2226 ct
959 2175 1311 2243 necessitate,
1361 2187 1677 2249 terramque
1720 2196 1839 2235 mo-

261 2260 374 2312 vcri
403 2260 558 2328 juxta
586 2260 821 2328 primum
859 2264 1149 2330 circulum,
1179 2279 1237 2322 ut
1264 2267 1343 2326 ait
1372 2268 1653 2327 Laertius.

247 2346 258 2357 ’
334 2350 424 2405 51.
466 2349 705 2421 Orp'heus
758 2352 1193 2422 Camarinensis,
1224 2360 1437 2428 opicus,
1469 2362 1561 2431 qui
1600 2363 1843 2416 carmine

259 2442 574 2510 composuit
604 2443 911 2500 descensum
935 2448 1006 2499 ad
1033 2448 1256 2517 inferos,
1291 2460 1348 2505 et
1375 2450 1477 2504 alia
1507 2455 1699 2508 multa.

331 2533 421 2587 52.
464 2533 775 2606 Timagoras
822 2537 1093 2602 Gelensis,
1158 2540 1519 2611 phil050phus
1567 2560 1631 2600 ac
1679 2544 1840 2600 Theo-

258 2626 465 2693 pltrusll
511 2625 841 2696 discipulus,
892 2640 947 2684 et
994 2630 1120 2684 inde
1170 2630 1425 2707 Stilponis
1458 2638 1715 2706 superius
1748 2654 1846 2692 no-

259 2718 475 2773 minati.

336 2810 426 2865 55.
474 2809 720 2866 Euclides
777 2810 1052 2882 Gelcnsis,
1115 2818 1480 2888 philosophus
1531 2819 1849 2877 Platonicus

258 2923 326 2962 ac
358 2918 640 2978 geonmtra
680 2911 1188 2978 praestantissimus,
1217 2910 1363 2965 alius
1390 2910 1584 2966 fuitab
1622 2912 1716 2969 illo
1741 2913 1849 2969 Mc-

258 2999 502 3069 garensi,
538 2999 605 3054 de
632 3015 741 3069 quo
771 3000 1043 3067 Laertius,
1085 3008 1141 3055 et
1177 3001 1271 3070 qui
1322 3000 1568 3073 dialogos
1600 3006 1846 3076 scripsit,

262 3100 328 3145 ut
370 3093 445 3145 ait
504 3092 732 3148 Proclus
779 3092 834 3147 in
892 3092 1137 3148 secundo
1197 3109 1452 3149 sermone
1497 3095 1553 3151 in
1608 3098 1844 3168 primum

265 3184 532 3238 I-Zuclidis.
574 3184 753 3255 thue
786 3186 979 3240 scribit
1014 3184 1222 3249 lleron,
1260 3186 1397 3241 vixit
1426 3195 1674 3259 tempore
1716 3191 1846 3247 Pto-

257 3276 439 3330 lemzei
477 3276 662 3346 primi,
691 3278 881 3347 junior
910 3277 1159 3343 Platone,
1186 3278 1281 3333 sed
1313 3282 1587 3336 vetustior
1641 3282 1847 3338 Erato-

259 3370 464 3424 sthene
497 3380 553 3425 et
586 3370 942 3434 Archimede,
976 3370 1194 3445 fuitque
1225 3371 1451 3438 Gelous,
1478 3382 1538 3428 ttt
1569 3389 1638 3430 ex
1667 3377 1850 3433 verbis

256 3466 468 3522 Lacrtii
525 3466 822 3536 colligitur.
879 3467 1043 3522 Multa
1100 3468 1170 3523 ab
1210 3468 1436 3525 Eudoxo
1481 3477 1537 3523 et
1570 3468 1851 3526 Theaeteto

257 3570 486 3628 sumpta
531 3558 785 3631 perlerit,
838 3559 1173 3631 scripsitque
1227 3560 1629 3615 Elementorum
1689 3561 1851 3618 libros

256 3649 437 3717 XIII;
486 3666 608 3704 nam
642 3651 734 3704 alii
787 3652 898 3706 duo
929 3651 1103 3706 additi
1138 3652 1366 3721 [uerunt
1409 3653 1478 3707 ab
1519 3652 1766 3723 Hypsicle
1803 3663 1852 3708 et

257 3745 504 3799 Aristero
564 3743 639 3812 (Ι)
698 3743 826 3797 item
899 3742 1182 3807 Musicani,
1240 3741 1450 3813 Oplica.
1524 3742 1851 3814 Cataptrica,

262 3836 645 3900 I’hrruontena,
670 3830 991 3901 Por'ismata,
1018 3834 1338 3903 Dedomeua,
1358 3851 1477 3904 qua:
1496 3836 1680 3904 potius
1694 3836 1854 3891 Theo-

262 3930 355 3985 nis
412 3940 562 3982 sunt.
619 3928 737 3989 llic,
791 3937 850 3982 ιιι
893 3930 971 3983 ait
1022 3928 1267 3994 Proclus,
1319 3943 1347 3980 a
1386 3927 1680 3983 Ptolemaeo
1728 3944 1855 4001 rege
1886 3968 1903 3987 .

262 4024 667 4090 interrogatus,
719 4030 939 4076 essetne
975 4020 1083 4074 ulla
1118 4017 1184 4073 ad
1217 4018 1572 4089 geometriam
1604 4021 1691 4073 via
1726 4035 1858 4076 con-

262 4115 441 4167 eisior
476 4128 640 4182 quam
682 4112 1057 4176 elementaris,
1110 4111 1393 4180 reSpondit
1427 4128 1442 4164 :
1478 4127 1585 4165 non
1636 4127 1754 4167 esse
1786 4111 1854 4166 ad

260 4206 624 4278 geometriam
681 4205 1074 4276 capessendam
1130 4204 1347 4273 regiam
1403 4204 1544 4258 viam
1593 4205 1859 4260 calletnve

264 4298 468 4352 ullum.

344 4392 436 4445 Erl.
478 4391 792 4445 Aristoteles
824 4390 1045 4446 Siculus
1075 4401 1263 4445 orator
1317 4393 1473 4457 plura
1525 4391 1855 4463 composuit,

1937 508 2156 579 publice
2184 508 2340 577 legit,
2372 506 2596 576 scripsit
2624 507 2868 562 carmine
2904 505 2980 560 De
3010 497 3346 561 naturalibus
3379 519 3428 562 et
3453 510 3517 562 de
3610 518 3625 529 ί

1933 598 2391 668 puriﬁcationibus
2421 599 2592 655 libros
2628 599 2790 665 duos,
2840 601 3180 659 carminibus
3225 601 3521 672 quinquies

1937 692 2105 746 mille.
2141 693 2275 746 Item
2317 690 2396 745 De
2424 692 2707 758 medicina,
2747 700 2926 748 metro
2954 702 3011 748 et
3041 709 3224 764 prosa.
3260 694 3519 749 Nonnulli

1940 791 2071 836 tunc
2124 783 2365 846 primum
2430 793 2712 838 oratorem
2769 783 2940 840 fuisse
2994 787 3202 840 aiunt:
3250 785 3345 840 sed
3399 787 3522 856 ejus

1937 875 2104 929 vitam
2169 873 2424 931 Laertius
2481 876 2592 931 late
2652 876 2867 933 scribit.
2926 878 3101 932 Periit
3164 878 3218 932 in
3267 878 3524 934 incendio

1938 965 2154 1021 Etnteo
2187 984 2200 1021 :
2236 982 2361 1022 nam
2398 982 2505 1022 una
2555 983 2623 1023 es
2663 968 2784 1039 ejus
2828 968 3071 1039 crepidis
3118 969 3306 1035 aeneis,
3353 986 3523 1040 quam

1938 1058 2154 1113 llanmta
2199 1057 2499 1123 eructavit,
2540 1058 2690 1114 circa
2736 1057 2941 1115 montis
2973 1068 3245 1114 craterem
3298 1069 3517 1131 reperta

1935 1158 2042 1207 est.
2640 1134 2648 1141 ’

2011 1244 2103 1300 57.
2149 1243 2493 1314 Empedocles
2530 1243 2671 1306 alter
2697 1245 3107 1316 Agrigentinus,
3136 1244 3298 1315 primi
3330 1259 3522 1316 nepos,

1942 1342 2105 1403 poeta
2158 1335 2422 1406 tragicus,
2468 1334 2693 1406 scripsit
2729 1334 3031 1407 Tragoedias
3083 1344 3315 1406 quatuor
3357 1351 3526 1403 supra

1938 1428 2144 1499 viginti.

2014 1519 2105 1576 58.
2150 1518 2413 1575 Carciuus
2459 1520 2872 1592 Agrigentinus,
2930 1528 3088 1590 poeta
3125 1520 3362 1591 tragicus
3392 1518 3528 1575 Tra-

1941 1612 2139 1680 goedias
2174 1612 2239 1667 l6
2273 1611 2585 1682 composuit

2017 1705 2110 1770 59.,
2153 1704 2400 1758 Metellus
2432 1704 2849 1775 Agrigentinus,
2896 1702 2982 1758 vir
3013 1703 3211 1761 doctus
3247 1714 3306 1759 et
3353 1705 3527 1761 musi-

1876 1794 1916 1850 B
1945 1812 2043 1853 cus
2072 1797 2325 1862 eximius,
2357 1797 2621 1851 musicam
2651 1794 2931 1851 Plutonem
2958 1796 3168 1852 docuit.

2014 1888 2107 1944 60.
2149 1887 2317 1942 Polus
2372 1888 2786 1959 Agrigentinus,
2844 1899 3034 1944 Orator
3080 1898 3410 1961 etxmagnus
3438 1905 3527 1946 so-

1947 1981 2149 2051 phista,
2188 1979 2398 2050 Gorgia:
2451 1979 2711 2034 Leontini
2759 1979 3091 2050 discipulus.
3142 1977 3445 2034 Graecorum
3475 1990 3526 2035 et

1945 2074 2312 2138 barbarorum,
2344 2073 2432 2141 qui
2458 2073 2515 2126 in
2548 2070 2765 2142 Trojam
2799 2072 3014 2142 fuerant
3043 2075 3287 2142 profecti,
3320 2072 3529 2128 Getiea-

1943 2165 2142 2234 logiam
2168 2167 2457 2234 exposuit.-

2017 2254 2106 2309 (il.
2155 2255 2493 2327 Telemachus
2527 2258 3012 2329 Agrigentinorum
3042 2260 3298 2330 princeps
3330 2258 3532 2314 litteris
3604 2268 3607 2269 '

1947 2346 2168 2401 deditus
2219 2363 2234 2401 :
2290 2355 2340 2400 el
2387 2346 2761 2419 CalcyOpensis
2811 2366 2840 2402 a
2887 2365 2998 2418 quo
3048 2350 3365 2403 Eumenides
3445 2352 3532 2404 iu-

1948 2449 2214 2503 struCtus,
2270 2439 2427 2508 cujus
2469 2440 2612 2493 tilius
2657 2440 3037 2496 Cuessidamus
3068 2457 3223 2511 pater
3278 2441 3531 2501 Theronis

1951 2531 2168 2601 tyranni
2214 2531 2697 2601 Agrigentinorum
2730 2543 2786 2589 et
2815 2532 3128 2588 Xenocratis
3161 2549 3179 2588 :
3210 2535 3304 2605 qui
3337 2551 3531 2591 omnes

1949 2624 2205 2679 studiosi.

2017 2716 2109 2771 62.
2130 2716 2382 2771 Phalaris
2413 2716 2501 2773 As:
2514 2717 2813 2789 ypaleusis,
2868 2719 3040 2790 patria
3069 2731 3316 2791 privatus
3343 2721 3530 2794 suspi-

1948 2812 2107 2866 cione
2139 2810 2466 2882 tyrannidis,
2511 2812 2566 2865 in
2598 2809 2843 2867 Siciliam
2879 2813 3051 2879 venit,
3082 2829 3147 2870 ac
3178 2829 3344 2871 suasu
3388 2816 3529 2870 ami-

1949 2915 2142 2956 corum
2191 2900 2425 2956 allectus
2468 2911 2554 2957 est
2586 2902 3071 2973 Agrigentinorum
3116 2915 3400 2978 tyrannus.
3440 2910 3533 2965 Vir

1948 3008 2080 3048 sane
2125 2995 2394 3049 maximus
2422 2994 2663 3066 ingenio,
2709 2996 3015 3059 studiosus.
3059 3014 3123 3054 ac
3160 3015 3289 3071 erga
3329 3003 3532 3072 probos

1949 3096 2005 3141 et
2052 3085 2329 3142 litteratos
2376 3088 2823 3146 liberalissimus.
2879 3091 3052 3161 llujus
3104 3092 3271 3148 vitam
3316 3095 3533 3167 Jupiter

1952 3179 2360 3235 duobus-annis
2393 3183 2759 3253 prolongavit,
2795 3194 2853 3239 ut
2888 3185 2962 3240 ait
3005 3184 3338 3257 Stephanus,
3382 3196 3527 3263 quod

1954 3274 2270 3327 humaniter
2321 3284 2614 3330 tractasset
2665 3274 3013 3331 Charitouem
3062 3291 3110 3334 et
3144 3281 3530 3357 Menalippum.

1955 3363 2056 3418 llic
2081 3365 2135 3418 in
2153 3374 2310 3425 tauro
2328 3381 2481 3420 amco
2516 3366 2774 3422 Pcrillum
2813 3374 3069 3426 tormenti
3105 3374 3222 3439 ejus
3250 3389 3533 3435 auctorem

1954 3458 2192 3526 primum
2236 3459 2390 3511 exuri
2447 3461 2629 3528 jussit,
2679 3461 2838 3532 cujus
2891 3462 3149 3533 Epistula:
3197 3482 3328 3527 sunt
3360 3473 3535 3544 notis-

1954 3564 2128 3604 Stttttu.

2026 3643 2114 3698 65.
2167 3641 2465 3699 Demetrius
2545 3645 2766 3704 Siculus
2846 3648 3182 3718 Calactiuus,
3238 3654 3537 3718 historicus

1959 3738 2467 3805 prtestantissimus,
2513 3738 2581 3794 20
2609 3742 2771 3796 libros
2815 3742 2880 3796 de
2918 3744 3047 3798 Asia
3075 3754 3124 3801 et
3147 3744 3368 3820 Europa
3408 3766 3539 3808 con-

1956 3826 2196 3895 Scripsit.

2030 3919 2118 3974 σι.
2161 3919 2404 4011 cecilius
2432 3922 2524 3991 qui
2554 3932 2613 3980 cl.
2639 3925 3007 4000 Archagathum
3039 3938 3359 4011 vocabatur,
3384 3943 3542 4000 Sicu-

1962 4011 2142 4106 lus‘ex
2175 4010 2391 4066 Calaeta
2420 4015 2654 4095 eppido,
2695 4017 2920 4078 Graecus
2960 4028 3185 4083 natione
3231 4048 3295 4086 ac
3332 4035 3537 4106 lingua,

1959 4099 2182 4155 .lutltcus
2208 4111 2386 4157 tamen
2419 4107 2561 4174 lege,
2585 4119 2773 4165 orator
2801 4117 3311 4181 praestantissimus.
3351 4099 3472 4179 n6"
3494 4099 3541 4182 te

1965 4201 2212 4262 tempore
2236 4194 2466 4265 Augusti
2494 4199 2728 4258 Caesaris
2755 4204 2975 4272 publice
3007 4209 3160 4279 legit.
3199 4212 3364 4269 Multa
3392 4233 3542 4272 eom-

1964 4288 2166 4355 posttit,
2191 4287 2389 4345 Contra
2421 4292 2659 4364 Phrygas
2685 4297 2847 4353 libros
2871 4302 3024 4366 duos,
3059 4304 3374 4376 Elegantius
3403 4312 3542 4366 Alti-

1964 4396 2053 4433 cas
2083 4383 2385 4437 secundum
2411 4386 2709 4455 elementa,
2764 4408 2886 4460 qua:
2931 4396 3115 4452 adhuc
3147 4402 3290 4469 apud
3316 4401 3541 4459 Suidam

261 4497 325 4540 et
344 4482 652 4540 Orationem
679 4494 864 4538 contra
907 4485 1287 4555 panegyricum
1328 4483 1580 4539 Isocratis
1610 4486 1856 4539 oratoris.
1889 4485 1937 4544 ι)
1965 4476 2251 4546 leguntur:
2272 4478 2351 4532 De
2374 4484 2772 4550 comparatione
2802 4486 3158 4545 Demosthenis
3178 4505 3228 4545 et
3246 4493 3545 4564 .ls'schinis;

344 4574 433 4628 55.
478 4575 649 4627 Acron
692 4574 1105 4643 Agrigentinus,
1147 4574 1351 4629 nobilis
1400 4574 1759 4644 philosophus
1793 4590 1856 4630 ac

266 4668 543 4731 medicus.
579 4665 907 4736 Hippocrate
955 4667 1255 4736 antiquior,
1289 4667 1535 4723 Xenonis
1565 4667 1728 4723 ﬁlius.
1758 4665 1857 4721 llic

265 4760 503 4814 Athenis
540 4760 755 4827 publice
804 4758 1008 4828 legerat
1041 4776 1146 4813 una
1179 4776 1304 4816 cum
1337 4761 1648 4831 Empedocle
1679 4760 1856 4830 philo-

267 4852 472 4923 sopho,
502 4853 783 4920 multaque
820 4851 1012 4906 Dorice
1044 4853 1267 4923 scripsit
1288 4854 1373 4911 ille
1398 4855 1681 4908 medicina.
1718 4853 1856 4907 lluie

269 4945 525 4999 tribui-re
564 4943 909 5013 epitaphium
947 4943 1080 4997 illud
1117 4946 1261 5015 quod
1304 4946 1473 5002 refert
1518 4945 1769 5001 Laertius
1801 4945 1855 4999 in

272 5039 394 5093 Vlla
428 5037 773 5108 Etttpctloclis
807 5053 823 5090 :

268 5172 534 5246 Acroncm
564 5189 828 5246 summum
872 5176 1129 5227 medicum
1153 5190 1216 5227 ex
1241 5175 1542 5245 Acragunte
1566 5176 1857 5246 profectum

354 5243 566 5297 Verticis
594 5244 786 5298 excelsi
814 5246 955 5297 celso
982 5246 1227 5313 sepulcra
1264 5243 1463 5299 tenent.
1567 5243 1574 5246 ⁷
1666 5243 1671 5244 ⁷
1720 5248 1735 5261 ’

347 5398 436 5454 56.
482 5398 824 5469 Empedocles
865 5401 1254 5472 Agrigentinus
1307 5402 1505 5458 nobilis
1571 5419 1636 5459 ac
1676 5386 1859 5471 dives,

272 5491 645 5560 philosophos
692 5491 1112 5563 P31hagoricus,
1149 5508 1407 5549 coronam
1437 5509 1660 5551 auream
1685 5499 1743 5550 in
1770 5512 1861 5551 ra-

278 5580 398 5651 pite
435 5582 667 5648 fert-bat,
700 5585 840 5639 etin
894 5586 1127 5653 pedibus
1176 5600 1324 5641 antea
1374 5587 1660 5656 sutelarizt,
1712 5599 1766 5646 et
1806 5592 1862 5646 itt

351 5741 425 5810 (l)
468 5738 629 5811 Lege,
662 5740 905 5795 Arista‘o.

1967 4569 2095 4622 item
2131 4570 2493 4627 Demosthenis
2526 4584 2573 4627 et
2603 4573 2912 4643 Ciceronis;
2944 4583 3072 4635 item
3101 4563 3334 4656 Destglo
3369 4563 3541 4644 decem

1965 4670 2241 4716 oratorum
2273 4662 2511 4719 Crucia’.

2035 4754 2363 4810 65.'Tltales
2429 4758 2647 4818 Siculus
2698 4760 3030 4833 Calactiuus,
3081 4782 3292 4838 orator,
3345 4792 3547 4831 succes-

1964 4848 2138 4902 siones
2167 4849 2596 4920 philosOpharum
2629 4871 2693 4909 ac
2721 4867 2988 4913 sectarum
3019 4862 3330 4934 descripsit.

2039 4942 2127 4996 66.
2175 4941 2432 5012 Theoytis
2465 4946 2682 5004 siculus
2715 4949 3068 5020 Megarcusis.
3105 4973 3261 5025 poeta
3291 4963 3549 5018 moralis-

1967 5034 2140 5090 simus
2186 5048 2242 5090 et
2278 5038 2690 5106 admonitivus,
2745 5045 2931 5112 plures
2975 5048 3171 5118 elegias
3205 5056 3543 5122 composuit,

1968 5140 2202 5194 quarum
2234 5137 2451 5182 exstant
2497 5134 2776 5189 nonnullae
2806 5149 2858 5189 ea
2886 5138 3304 5196 admouitorium
3332 5160 3542 5211 poema.

2038 5217 2130 5272 67.
2170 5217 2370 5274 Probus
2395 5222 2481 5276 vir
2506 5222 2859 5281 doctissimus
2886 5245 2949 5282 ex
2983 5229 3240 5301 Lilybaeo,
3285 5237 3349 5289 ad
3385 5251 3548 5304 quem

1969 5309 2262 5365 videndum
2300 5323 2353 5366 et
2379 5314 2712 5370 audiendum
2744 5333 2967 5373 venerat
2995 5321 3326 5394 Porphyrius
3359 5328 3472 5383 illc.

2040 5402 2128 5457 68.
2173 5402 2507 5460 Stesichorus
2560 5396 2927 5473 "interemis,
2986 5426 3142 5483 poeta
3186 5418 3391 5487 lyricus
3450 5436 3546 5475 ex-
3594 5456 3603 5461 -

1971 5495 2398 5571 (cilcpliSsilmtS
2432 5515 2495 5556 ac
2522 5502 2906 5574 philosophus,
2945 5516 3191 5577 tempore
3219 5510 3549 5573 Phalaridis.

1974 5590 2071 5646 llic
2102 5592 2265 5647 Tisias
2294 5596 2615 5666 vocabatur,
2639 5600 2977 5670 etquoniam
3005 5604 3261 5660 choreum
3289 5608 3551 5679 instituit,
