3902 6208
455 301 560 365 923

1627 270 2138 350 CONSTANTINI
2178 284 2542 347 LASCARIS
3541 285 3616 347 εει

457 410 813 468 Stesichorus
869 407 1172 477 appellatus
1208 415 1315 472 est,
1348 402 1507 474 quasi
1563 410 1736 456 stator
1797 399 2035 454 choreae.
2068 404 2110 460 Α
2143 396 2328 465 potius
2359 393 2604 448 Milesius
2636 392 2760 456 fuit,
2793 390 3150 462 philosiiphus
3177 404 3238 444 ac
3265 398 3404 457 poeta
3435 392 3620 447 moralis-

456 506 682 558 I‘ratres
711 501 904 554 habuit
937 499 1203 552 Marinum
1227 505 1556 566 geometram
1583 504 1636 547 et
1662 490 2035 545 Halianactem

460 597 896 666 legumlatorem,
939 593 1188 660 filiasque
1218 588 1591 642 unctissimas.
1645 584 1804 638 Plura
1843 582 2037 637 Dorice

460 688 703 756 scripsit,
763 698 996 754 quorum
1055 679 1189 736 nihil
1237 687 1439 734 exstat.
1489 679 1636 733 Idem
1677 680 1801 731 cum
1852 681 2037 728 contra

464 780 721 836 Helenam
765 775 1090 844 scripsisset,
1125 772 1301 827 visum
1329 771 1535 825 allliall.
1574 768 1862 822 Palinodia
1891 781 2040 820 com-

467 876 640 942 posita
675 870 1041 937 recuperavit.
1079 851 1177 921 llic
1209 864 1354 918 illius
1380 863 1485 918 fuit
1512 861 1814 931 Eupliemii,
1846 868 1906 913 ut
1945 858 2037 911 alii

466 965 774 1032 Euphorbit',
799 971 858 1016 ut
887 961 978 1015 alii
1013 959 1267 1022 Euclidt's,
1297 967 1354 1012 ut
1375 957 1466 1010 alii
1491 955 1694 1024 Hyetis,
1719 962 1779 1006 ut
1807 951 1896 1005 alii
1935 949 2043 1003 Hc-

460 1058 617 1111 siedi.
646 1054 904 1110 Nonnulli
933 1051 1209 1106 Metauria:
1230 1060 1413 1104 ortum
1445 1055 1754 1102 memorant
1783 1045 1838 1099 in
1865 1043 2039 1105 Italia,

465 1149 710 1203 nonnulli
743 1148 796 1201 in
823 1146 1026 1216 oppido
1077 1144 1341 1197 Palautho
1393 1139 1663 1204 Arcadiae,
1711 1145 1876 1206 atque
1913 1135 2042 1189 inde

465 1239 758 1311 profugum
780 1237 1042 1292 Catauam
1062 1235 1299 1294 venisse,
1321 1233 1507 1302 ibique
1523 1230 1846 1284 defunctum
1873 1243 1886 1280 :
1915 1235 2044 1280 ante

465 1333 708 1388 civitatis
747 1342 960 1402 portam
987 1345 1110 1398 quae
1150 1329 1219 1383 ab
1257 1327 1429 1397 ipsius
1457 1324 1674 1380 nomine
1707 1319 2044 1378 Stesichoria

467 1427 608 1480 dicta
627 1433 732 1486 est,
761 1426 882 1495 ejus
901 1423 1214 1492 sepulcrum
1239 1431 1364 1474 octo
1391 1419 1676 1474 colunmas
1706 1414 2046 1482 totidemque

470 1518 674 1586 gratius
703 1525 758 1569 et
791 1515 1021 1583 angulos
1073 1511 1332 1573 habebat,
1376 1509 1446 1562 de
1485 1522 1595 1576 quo
1642 1504 1824 1558 adhuc
1865 1511 2047 1556 exstat
2095 1551 2100 1555 _

469 1609 862 1665 testudinatum
884 1613 1323 1668 monumentum,
1346 1615 1510 1672 quam
1535 1600 1596 1653 D.
1625 1596 1806 1651 Maria:
1829 1593 2047 1650 Bethle-

465 1704 700 1759 emiticte
727 1701 898 1756 a-dem
942 1706 1162 1752 vocant.

538 1796 626 1851 69.
673 1792 980 1864 Pltorylides
1041 1789 1262 1844 Siculus
1313 1802 1378 1842 ex
1434 1786 1636 1858 Oppido
1697 1784 1877 1855 Mylis,
1939 1781 2042 1836 nisi

2139 491 2312 542 simus
2363 495 2420 540 et
2476 484 2872 545 admonitivus,
2929 483 3267 553 synchronus
3340 481 3619 550 'l‘heognidis,

2141 597 2265 635 nam
2298 589 2528 649 uterque
2555 577 2762 632 claruit
2793 585 2913 644 post
2960 575 3162 629 bellum
3203 573 3471 642 Trojanum
3507 573 3623 627 annis

2143 673 2270 727 5H.
2323 671 2422 726 llic
2475 668 2642 723 multa
2679 669 2920 720 carmina
2963 675 3011 718 ct
3045 665 3210 733 elegos
3247 662 3461 731 scripsit.
3493 661 3625 716 Exstat

2142 767 2259 833 ejus
2308 764 2725 818 admonitorium
2784 777 2968 831 poema
3027 759 3246 812 heroico
3301 764 3458 810 metro
3501 757 3626 810 utilis-

2143 857 2362 910 simum.

2219 950 2306 1003 70.
2340 945 2562 1018 Pythias
2590 952 2646 1000 et
2675 943 2884 998 Damon
2913 940 3106 1004 Siculi,
3131 931 3476 1010 Pythagorica:
3495 949 3626 995 secta.

2147 1039 2380 1094 maxima
2442 1036 2673 1092 invicem
2757 1035 2992 1091 amicitia
3076 1033 3365 1103 conjuncti.
3450 1031 3628 1095 Quorum

2149 1133 2382 1187 alterum
2439 1145 2565 1185 cum
2623 1130 2916 1201 Dionysius
2969 1123 3340 1198 Syracusanus
3387 1125 3628 1178 interimere

2147 1224 2505 1289 decrevisset,
2529 1221 2693 1292 eique
2717 1231 2935 1289 tempus
2953 1217 3381 1277 determinasset,
3401 1215 3629 1268 utdonmm

2149 1316 2432 1387 profectus
2478 1332 2568 1370 res
2614 1330 2743 1369 suas
2777 1314 3086 1376 ordinaret,
3133 1311 3268 1364 alter
3304 1309 3474 1360 vadem
3501 1321 3548 1360 se
3578 1314 3634 1374 ty-

2148 1427 2320 1465 ranno
2366 1425 2468 1479 pro
2498 1407 2660 1462 amici
2717 1406 2893 1462 reditu
2949 1404 3170 1466 obtulit,
3221 1409 3395 1457 certus
3437 1400 3494 1453 de
3520 1399 3634 1452 amici

2147 1505 2477 1558 constantia.
2517 1502 2630 1556 Nec
2671 1515 2799 1555 eum
2834 1499 3026 1567 opinio
3079 1495 3298 1562 fefellit;
3345 1508 3454 1547 nam
3495 1493 3566 1546 ille
3592 1489 3634 1542 ad

2149 1594 2339 1649 horam
2371 1593 2726 1649 constitutam
2773 1591 3176 1660 superveniens
3202 1586 3384 1642 vadem
3427 1583 3635 1638 liberavit.

2151 1690 2394 1754 Quorum
2429 1685 2722 1758 Dionysius
2743 1683 2904 1737 fidem
2931 1683 3256 1744 admiratus,
3287 1694 3424 1732 reum
3450 1673 3636 1733 absolvit.

2153 1791 2356 1846 eosque
2378 1776 2575 1842 oravit,
2601 1785 2659 1830 ut
2679 1789 2738 1830 se
2763 1775 2984 1830 tertium
3014 1773 3068 1828 in
3093 1771 3368 1828 sodalitate
3386 1768 3638 1835 reciperent.

538 1976 3586 2003 ____________________________________________________.__._

951 2218 2244 2379 CONSTANTINI
2356 2208 3277 2371 LASCARIS
3411 2315 3427 2329 ο

1903 2495 2267 2552 ΒΥΖΑΝτιΝΙ

1090 2673 1271 2786 DE
1366 2669 1522 2782 SC
1549 2669 2398 2784 RIPTORIBUS
2477 2661 3091 2786 GRAZCIS.

1777 2893 2033 2952 PATRIA
2069 2890 2433 2948 CALABRIS.

1375 3037 1589 3102 (Fabric.
1617 3034 1919 3087 Bibliotheca
1953 3036 2137 3090 Grrca.
2163 3032 2243 3081 ed.
2276 3030 2323 3089 l,
2351 3035 2465 3080 tom.
2491 3027 2612 3088 XIV,
2641 3044 2688 3094 p.
2721 3027 2824 3091 22.)

557 3381 950 3437 Constantinus
979 3379 1233 3435 Lascaris
1266 3377 1549 3433 ALenoaso
1579 3373 1878 3444 Aragonio,
1909 3371 2064 3428 Cala-
2095 3377 2136 3435 Β
2173 3372 2516 3443 I’Iterecydem
2579 3367 2964 3440 philosophum
3017 3365 3254 3430 audivit,
3317 3377 3418 3433 quo
3469 3356 3651 3412 defuncto

490 3475 623 3530 briae
645 3475 795 3541 duci,
828 3475 1080 3529 salutem.

562 3569 616 3623 1.
647 3567 784 3623 Cum
803 3569 900 3620 diu
933 3575 1114 3619 mente
1138 3563 1496 3626 revolverem,
1524 3559 1900 3615 illustriSsime
1920 3558 2071 3628 prin-

492 3675 641 3728 ceps,
676 3667 943 3728 quantum
982 3665 1073 3709 tua
1110 3667 1160 3710 te
1197 3653 1612 3724 opulentissima
1643 3651 1894 3706 Calabria
1922 3651 2072 3705 dele-

493 3761 628 3817 ctet,
653 3763 767 3806 tum
808 3760 1033 3820 propter
1066 3745 1314 3802 diversas
1357 3747 1409 3800 in
1439 3761 1499 3799 ea
1546 3745 1822 3810 civitates,
1850 3743 2071 3813 oppida,

495 3845 666 3903 vicos,
719 3853 831 3895 tum
862 3850 1086 3911 propter
1135 3837 1564 3910 iucundissimos
1613 3847 1844 3899 montes,
1886 3835 2073 3896 colles,

2170 3463 2453 3535 Egyptios
2485 3478 2549 3517 ac
2597 3461 2925 3533 Babylonios
2967 3459 3156 3528 Magos
3194 3457 3344 3522 adiit,
3378 3451 3502 3506 unde
3537 3443 3651 3535 phile

2173 3534 2424 3626 sophiam
2455 3570 2518 3608 ac
2560 3555 2694 3608 alias
2743 3553 3003 3608 scientias
3032 3552 3259 3606 Samum
3293 3545 3474 3601 attulit.
3502 3537 3576 3597 Ubi
3593 3534 3650 3586 de-

2175 3649 2383 3703 functis
2417 3647 2766 3718 parentibus,
2794 3644 3094 3716 Polydeuei
3128 3643 3338 3713 fugiens
3369 3631 3650 3709 tyrannidem.

2175 3757 2298 3796 cum
2353 3740 2636 3810 discipulis
2671 3739 2787 3793 fere
2833 3737 3090 3792 ducentis
3141 3737 3418 3793 Crotonem
3455 3741 3508 3781 ac
3542 3723 3651 3777 lien-

2178 3843 2404 3902 pontum
2449 3807 2718 3885 Ciilabriae
2759 3815 3339 3898 civitates‘profectus
3379 3807 3649 3876 ἰηεοιηίι.11ιὶ

495 3950 707 4005 magna,
743 3933 987 3996 lluinina,
1017 3947 1117 3985 nec
1148 3945 1257 3984 non
1292 3939 1350 3983 ct
1405 3928 1510 3983 alia
1561 3936 1666 3981 tam
1709 3925 2075 3981 admiratione
2113 3945 2146 3972 ο
2177 3923 2430 3994 discipuli
2451 3923 2519 3976 ab
2535 3921 2793 3978 eoedocti
2815 3923 3276 3976 amicorumhona
3296 3909 3651 3972 commuuinesse

497 4043 662 4098 quam
698 4025 860 4080 laude
889 4025 1075 4096 digna,
1135 4032 1198 4077 ut
1242 4020 1562 4077 venationes
1593 4029 1649 4074 et
1687 4017 2075 4073 honestissima

497 4117 748 4190 corporis
774 4117 1038 4170 exercitia
1073 4113 1324 4170 omittam
1355 4127 1370 4166 :
1411 4111 1627 4166 decrevi
1659 4100 1911 4190 illustres
1931 4109 2079 4160 viros

504 4231 567 4266 ac.
597 4209 952 4281 philosophos
981 4206 1101 4274 ejus
1119 4203 1416 4273 provincia:
1444 4201 1683 4255 breviter
1715 4200 1811 4254 tibi
1843 4181 2078 4254 cdiume-

511 4319 748 4360 morare.
786 4299 1049 4354 Existimo
1078 4297 1226 4351 enim
1266 4295 1316 4348 id
1348 4308 1454 4347 non
1491 4307 1670 4361 parva:
1713 4291 1809 4345 tibi
1839 4291 2077 4344 delecta-

508 4396 644 4450 tioni
683 4396 953 4454 futurum,
1007 4406 1129 4443 eum
1166 4388 1241 4442 sis
1273 4384 1707 4456 speculationum
1756 4392 1810 4438 et
1841 4383 2080 4452 antiqui-

509 4499 681 4544 tatum
757 4483 1220 4540 studiosissimus.
1297 4478 1510 4544 Quibus
1585 4477 1752 4530 rebus
1811 4485 2077 4544 quantum

506 4578 758 4635 Calabria
788 4555 1084 4636 redundet,
1118 4575 1161 4626 si
1193 4571 1470 4639 esplieare
1504 4568 1724 4627 vellem,
1766 4580 1906 4635 opus
1937 4573 2083 4618 esset

508 4673 716 4741 ingenti
749 4666 1051 4721 volumine.
1087 4664 1258 4718 Video
1298 4660 1447 4715 enim
1480 4675 1578 4730 per
1611 4657 1875 4713 Calabros
1903 4655 2085 4725 philo-

2179 4016 2403 4078 debere,
2421 4013 2769 4070 concordiam
2789 4024 2845 4068 et
2873 4013 3266 4083 rempublicam
3295 4010 3424 4064 inter
3447 4019 3496 4057 se
3525 4008 3656 4066 quam'

2181 4110 2304 4165 dam
2330 4107 2748 4165 conStituentes.
2780 4105 3152 4161 communiter
3179 4104 3440 4157 vixerunt.
3461 4091 3654 4163 Pythago-

2184 4220 2270 4259 ras
2317 4203 2517 4258 multos
2560 4199 2840 4263 Calabros,
2881 4196 3099 4252 Graecos
3133 4205 3190 4250 et
3231 4194 3360 4248 alios
3392 4188 3507 4243 ultra
3547 4177 3654 4247 τιυῑη·

2184 4305 2374 4366 gentos
2451 4292 2690 4347 reddidit
2738 4274 3109 4343 (lectissimos.
3167 4286 3332 4354 Leges
3377 4274 3544 4333 Graecis
3587 4263 3653 4362 ηυξ

2187 4363 2396 4441 italiam
2435 4383 2755 4438 habitabant
2798 4381 3108 4436 constituit.
3163 4380 3292 4432 Dum
3331 4374 3571 4428 Crotonem
3592 4363 3653 4412 lia-

2188 4478 2406 4536 hilaret.
2445 4490 2668 4528 uxorem
2709 4471 3129 4532 duxit'l‘heano,
3153 4467 3386 4523 Bronlini
3413 4452 3656 4516 Crotonialil!

2190 4569 2371 4630 tiliam,
2411 4582 2528 4635 qua:
2561 4581 2590 4619 a
2621 4565 2741 4618 viro
2774 4564 3069 4627 instructa,
3104 4562 3267 4616 multa
3297 4557 3469 4613 Dorice
3486 4542 3654 4612 scripsit,

2193 4663 2265 4716 De
2292 4664 2396 4715 vita
2424 4662 2520 4714 viri
2550 4661 2632 4712 sui
2661 4669 2717 4712 et
2743 4656 3008 4727 Epistolas
3037 4657 3280 4710 ’ποι-αἴθε.
3311 4652 3382 4706 Ex
3411 4649 3495 4699 hac
3517 4635 3655 4708 Pytho

507 4763 714 4833 sophos
756 4760 986 4820 Italiam,
1032 4755 1275 4810 Siciliam
1306 4769 1368 4808 ac
1400 4764 1609 4822 partem
1635 4749 1857 4804 Graeciae
1884 4757 2081 4800 llOSll‘iL‘
2110 4731 2152 4785 (ἶ
2191 4769 2351 4822 gopas
2405 4750 2648 4819 suscepit
2704 4749 2978 4817 Telaugen
3033 4745 3290 4818 gymnasii
3339 4739 3652 4796 successorem.

514 4855 815 4908 illustratas
843 4850 1034 4905 fuisse.
1071 4845 1272 4902 Verum
1309 4859 1410 4914 ego
1446 4844 1498 4897 in
1535 4841 2090 4911 compcndiumviros

511 4946 714 5001 litteris
736 4959 800 4998 ac
825 4943 1027 4996 virtute
1060 4940 1323 5009 insignes,
1359 4951 1497 5008 quos
1527 4933 1780 4990 Calabria
1807 4933 1936 4986 olim
1963 4946 2089 5000 pro-

521 5037 669 5101 tulit,
711 5045 1029 5103 congeram,
1067 5029 1338 5098 incipiens
1383 5042 1411 5079 a
1453 5020 1816 5093 philosophia:
1861 5026 2088 5089 parente

512 5146 578 5186 ac
605 5127 886 5184 uberrimo
913 5124 1064 5178 fonte
1093 5122 1420 5191 Pythagora.

581 5221 636 5276 2.
690 5219 1022 5290 Pythagoras
1076 5215 1259 5282 itaque
1309 5220 1519 5280 patrem
1573 5205 1767 5274 habuit
1818 5201 2092 5257 Timesar-

512 5315 704 5378 chum,
734 5309 1015 5364 aurilicem
1048 5305 1215 5358 Italia:
1235 5302 1506 5365 ereum,
1530 5299 1624 5368 qui
1655 5297 1722 5351 ab
1755 5295 1946 5349 insulis
1964 5292 2093 5361 Tyr-

516 5405 707 5461 r'..euis
739 5405 898 5472 (quas
929 5397 1292 5452 Athenienses
1327 5391 1627 5463 Tyrrhenis
1660 5385 1906 5455 expulsis
1941 5383 2093 5436 habi-

519 5495 728 5568 tarunt)
764 5496 816 5548 in
841 5491 1079 5546 Samiam
1110 5489 1342 5541 insulam
1367 5482 1664 5552 profectus,
1692 5490 1916 5530 uxorein
1939 5472 2092 5527 duxit

517 5591 779 5652 Samiam,
816 5600 938 5654 quae
990 5582 1353 5652 Pythagoram
1401 5575 1647 5630 Samium
1699 5574 2086 5639 cognomento,

519 5679 752 5751 peperit.
799 5677 896 5730 llic
949 5673 1300 5744 Pythagoras,
1359 5669 1412 5720 iu
1473 5666 1643 5735 Scyro
1688 5659 1864 5716 insula
1914 5655 2094 5711 vicina

2193 4857 2356 4911 quem
2411 4839 2567 4893 multi
2621 4850 2674 4894 et
2705 4838 3065 4906 Empedocles
3120 4838 3212 4891 ille
3239 4827 3570 4903 Agrigentinus
3591 4832 3652 4868 au-

2194 4934 2368 4988 diere.
2403 4932 2503 4987 Hic
2523 4941 2760 5003 quatuor
2788 4931 2962 4986 libros
2982 4930 3283 5000 composuit
3309 4925 3375 4980 De
3401 4914 3654 4976 ιειταάενρτο

2195 5041 2304 5098 ίίιιο
2327 5024 2567 5096 Ᾱῖεγριὶί
2616 5025 2797 5094 ipsum
2825 5021 2986 5078 deum
3022 5021 3310 5078 habebant.
3346 5016 3487 5072 Filias
3532 5008 3652 5057 autem

2203 5128 2314 5171 tres
2339 5115 2557 5180 habuit,
2593 5115 2731 5170 duas
2759 5098 2947 5186 Alyam
2987 5125 3042 5170 et
3063 5113 3342 5184 Erigonam
3370 5101 3654 5177 peritasiqm‘

2204 5225 2323 5263 rum
2349 5219 2567 5263 exstant
2588 5208 2842 5276 Epistula
2874 5227 2888 5262 :
2913 5216 2964 5262 et
2990 5208 3200 5262 tertiam
3226 5206 3379 5259 Damo
3394 5191 3654 5276 ditissiEﬁ-‘g'

2209 5283 2296 5333 cui
2325 5280 2567 5334 moriens
2599 5257 2708 5332 tres
2731 5257 3484 5346 lini-ovs,-qu'osicoitiposuerat.
3506 5257 3652 5346 legat”.

2205 5373 2526 5442 przecipieus
2559 5382 2617 5426 ut
2647 5372 2772 5426 illos
2793 5387 3075 5440 antiquam
3098 5343 3249 5424 extra
3271 5367 3402 5420 fores
3419 5353 3574 5442 adiuta
3588 5343 3655 5442 ill-

2203 5473 2306 5518 ret.
2355 5463 2487 5530 Quae
2532 5463 2704 5516 libros
2738 5464 2872 5517 tanti
2929 5437 3078 5528 fecit,
3111 5472 3170 5515 ut
3206 5474 3270 5513 ne
3300 5452 3456 5521 inopia
3501 5437 3654 5511 qui"?m

2201 5567 2385 5610 coacta
2427 5573 2522 5612 eos
2566 5557 2904 5627 produxerit,
2967 5571 3092 5610 cum
3139 5563 3322 5620 magno
3353 5540 3543 5598 vendere
3571 5533 3652 5594 Ρ⁰³”

2204 5663 2307 5708 set.
2344 5651 2468 5707 llmc
2496 5653 2737 5707 moriens
2759 5652 2931 5707 libros
2974 5649 3192 5706 Biscalze
3217 5645 3330 5700 lilia:
3351 5633 3510 5693 eadem
3536 5629 3610 5689 qui
3630 5623 3649 5659 ³
