3902 6208
314 273 414 335 925

1329 277 1428 336 DE
1468 277 2028 339 SCRIPTOSHBUS
2067 279 2459 341 CALABRIS.

3450 283 3555 346 926

316 397 467 456 patre
499 398 782 457 acceperat
809 389 1120 444 cooditione
1144 391 1382 458 reliquit.
1413 392 1520 445 Hac
1549 408 1677 445 vero
1699 391 1895 444 defun-
1925 397 1968 450 Δ
1999 409 2105 448 non
2162 397 2280 450 sine
2316 397 2528 450 Archize.
2559 435 2570 458 ,
2614 397 2707 466 qui
2761 408 2890 454 tunc
2929 400 3228 472 Syracusas
3266 405 3557 470 condebat,

315 481 400 533 cla
457 480 582 533 libri
621 480 686 532 ad
746 480 1046 534 Philolaum
1097 480 1518 550 Pythagoricum
1571 490 1890 550 pervenere.

393 573 444 625 5.
479 571 746 625 Zamolxis
777 571 1003 643 Scytha,
1035 572 1354 643 Pythagora:
1394 589 1609 634 servus.
1642 574 1890 645 philoso-

323 663 465 732 phus
497 663 764 717 maximus
797 665 917 718 fuit.
950 665 1028 718 Ad
1051 667 1196 718 hunc
1222 666 1469 733 aliosque
1504 665 1894 732 Pythagoricos

319 754 587 806 videndos
638 754 968 810 Anacharsis
1020 755 1218 828 Scytha
1269 755 1634 825 philosophus
1675 757 1744 809 ab
1785 754 1894 825 lly-

321 846 598 912 perbmeis
631 845 854 916 Scythis
886 849 939 901 in
967 848 1274 904 Calabriam
1317 848 1466 902 venit
1493 857 1738 916 tempore
1758 846 1894 899 Pha-

323 936 533 1001 laridis,
558 939 714 1008 cujus
735 937 990 1006 Epistolte
1019 939 1200 991 adhuc
1232 946 1471 992 exstant.
1498 935 1652 990 Hunc
1677 935 1894 989 Zamol-

324 1025 414 1077 sio
449 1036 502 1078 et
530 1026 759 1080 latorem
794 1029 972 1097 legum
1002 1027 1215 1099 Scythae
1239 1029 1322 1082 sui
1349 1027 1686 1082 habuerunt.

394 1118 446 1170 4.
472 1106 749 1170 Philolaus
769 1119 1104 1179 Crotoniata,
1126 1119 1516 1190 Pythagoricus
1533 1115 1894 1187 philosophus

327 1209 538 1276 primus
588 1208 903 1279 Pythagora:
946 1223 1158 1264 secreta
1207 1207 1398 1273 edidit,
1445 1225 1472 1262 a
1513 1224 1622 1279 quo
1651 1207 1895 1277 pecuniae

326 1301 686 1371 cupidissimo
720 1302 872 1357 Plato
923 1302 1015 1356 ille
1064 1301 1412 1356 Atheniensis
1455 1302 1507 1354 in
1560 1301 1762 1354 Italiam
1799 1284 1884 1354 ve-

328 1391 484 1444 Itietzs
522 1392 586 1443 ad
637 1392 1024 1462 Pythagoricos
1069 1393 1346 1452 visendos.
1392 1403 1503 1446 tres
1547 1392 1720 1446 libros
1773 1391 1894 1446 illos

329 1477 642 1548 l’ytlittgnm:
674 1475 895 1533 ‘dudum
941 1490 1272 1534 memoratos
1306 1479 1439 1534 emit
1491 1489 1557 1532 st.
1582 1479 1744 1532 minis
1775 1479 1895 1532 Ale-

329 1566 630 1626 xandrinis,
672 1582 810 1635 quas
861 1567 1147 1636 Dionysius
1203 1567 1481 1621 secundus
1533 1567 1896 1636 Syracusano-

332 1673 450 1708 rum
486 1666 750 1726 tyrannus
780 1657 964 1712 solvit.
997 1657 1071 1710 Ex
1090 1655 1293 1726 quibus
1322 1642 1652 1708 libris'leetis
1675 1654 1895 1708 tradunt

329 1746 608 1801 Platonem
636 1748 1011 1818 composuisse
1051 1747 1431 1817 gravissimum
1463 1745 1594 1800 illud
1639 1761 1776 1816 opus
1817 1745 1893 1799 De

328 1851 519 1894 natura
560 1843 761 1904 mundi,
809 1840 863 1894 in
902 1855 1012 1910 quo
1067 1842 1316 1893 Tima’um
1368 1839 1518 1893 illum
1564 1837 1889 1895 Locrensem

329 1933 520 1986 Dorice
561 1932 870 2001 loquentem
905 1931 1138 1985 inducit.

399 2022 455 2074 5.
490 2020 755 2074 dicina-on
797 2019 1165 2086 Crotoniates,
1223 2020 1620 2091 Pythagoricus
1651 2019 1897 2090 philoso-

331 2114 471 2181 phus
501 2129 562 2166 ac
599 2114 846 2168 medicus
877 2113 1362 2188 prmstantissimus
1391 2113 1513 2177 fuit,
1550 2113 1646 2182 qui
1678 2113 1744 2167 de
1771 2112 1892 2182 phi-

332 2205 574 2272 losophia
630 2220 691 2257 ac
733 2204 1002 2259 medicina
1057 2206 1338 2274 complura
1382 2204 1620 2272 scripsit,
1663 2205 1897 2258 animam

333 2297 692 2348 immortalem
719 2295 877 2357 dixit,
901 2309 965 2349 ae
995 2305 1259 2363 perpetuo
1302 2295 1510 2348 moveri
1539 2294 1712 2348 instar
1744 2295 1892 2349 sol’s.

402 2383 435 2434 6
491 2382 655 2435 Milon
698 2383 1034 2446 Crotoniata,
1073 2383 1466 2454 Pythagoricus
1485 2383 1896 2446 celeberrimus,

331 2489 358 2524 a
390 2473 552 2539 cujus
587 2473 752 2525 domo
802 2473 1024 2526 incensa
1061 2474 1190 2526 dum
1218 2474 1356 2541 fugit
1389 2472 1745 2544 Pythagoras,
1775 2487 1898 2527 cum

331 2563 580 2632 pluribus
609 2563 892 2632 discipulis
919 2579 947 2618 a
982 2563 1422 2633 persecutoribus
1459 2572 1776 2634 peremptus
1794 2573 1896 2619 est.

404 2654 456 2704 7.
491 2651 794 2706 Democides
833 2653 1178 2714 Crotoniata,
1213 2653 1294 2712 vir
1325 2658 1520 2708 doctus
1552 2669 1617 2708 ac
1657 2655 1902 2711 medicus

331 2745 626 2806 excellens,
667 2754 908 2815 tempore
937 2744 1083 2799 Darii
1121 2745 1328 2798 floruit’.

405 2837 458 2891 8.
493 2836 730 2905 Orpheus
780 2837 1095 2891 Crotoniata
1142 2853 1171 2890 a
1221 2837 1596 2907 Pythagoricis
1637 2838 1902 2901 eruditus,

336 2930 635 2998 Epicureus
667 2928 742 2996 (l)
773 2929 896 2992 fuit,
922 2927 1210 2983 Pisistrato
1229 2928 1646 2984 Atheniensium
1677 2941 1905 3002 tyranno

333 3023 580 3082 adhaesit,
640 3022 732 3076 ubi
789 3037 914 3076 cum
963 3021 1226 3092 degeret,
1272 3021 1628 3092 Argonautica
1681 3023 1903 3079 heroico

333 3117 572 3167 carmine
601 3114 751 3177 lusit,
778 3122 836 3168 et
861 3113 986 3166 alia.

400 3205 454 3259 9.
491 3207 659 3260 Ascon
711 3205 1047 3270 Crotoniala,
1100 3204 1495 3276 Pythagoricus
1543 3205 1902 3276 philosophus

332 3295 436 3350 fuit
463 3306 517 3350 et
546 3297 714 3350 multa
746 3296 1072 3366 composuit.
1115 3295 1220 3352 Sed
1249 3312 1372 3350 cum
1396 3311 1574 3351 sermo
1596 3297 1659 3350 de
1679 3297 1904 3352 Crotone

332 3385 704 3452 praecesserit,
731 3397 1104 3453 opportunum
1138 3385 1316 3439 visum
1333 3393 1417 3440 est
1450 3385 1655 3454 aliquid
1681 3385 1748 3439 de
1773 3386 1904 3440 civi-

331 3475 458 3529 tatis
481 3475 690 3543 origine
723 3475 930 3530 dicere.
959 3474 1186 3537 Croton,
1219 3475 1490 3531 Strabone
1521 3485 1682 3539 teste,
1711 3477 1904 3532 civitas

332 3567 460 3620 olim
478 3565 662 3621 Grmca
684 3566 806 3628 fuit.
833 3581 890 3623 re
925 3566 1120 3621 bellica
1147 3565 1455 3635 litterisque
1491 3564 1901 3626 florentissima.

335 3668 508 3712 mater
539 3659 868 3713 athletarum
892 3657 1148 3724 celebris,
1169 3672 1404 3726 quorum
1429 3667 1638 3726 septem
1672 3657 1728 3711 in
1759 3657 1903 3712 ludis

337 3752 501 3807 unius
533 3751 868 3822 Olympiadis
895 3761 1124 3808 caeteros
1155 3766 1347 3806 omnes
1369 3758 1732 3819 superarunt:
1757 3751 1902 3804 unde

335 3841 532 3895 merito
563 3850 619 3896 et
650 3841 754 3896 hoc
774 3851 905 3895 tunc
933 3840 1216 3897 ferebatur
1249 3857 1264 3894 :
1290 3839 1592 3894 Postremus
1624 3837 1904 3893 Crotonia-

333 3941 508 3985 tarum
554 3933 600 3985 is
627 3932 830 4001 primus
869 3940 986 3996 est;
1033 3939 1301 4000 vetusque
1330 3939 1415 3985 est
1459 3927 1602 3998 apud
1648 3943 1748 3983 nos
1783 3942 1904 3996 pro-

332 4023 608 4088 verbium,
655 4020 791 4087 Quid
833 4021 1062 4077 Crotone
1107 4021 1414 4076 salubrius?
1461 4020 1634 4090 llujus
1665 4019 1903 4074 civitatis

331 4112 541 4180 primus
577 4111 826 4167 conditor
859 4112 961 4166 fuit
997 4111 1304 4184 hlystellus,
1338 4111 1578 4166 Achivus
1619 4109 1900 4164 nobilissi-

331 4219 474 4272 mus,
499 4203 590 4274 qui
614 4203 681 4259 de
707 4202 998 4257 habitanda
1022 4201 1237 4258 colonia
1264 4201 1540 4258 consuluit
1561 4201 1899 4271 Apollinem,

329 4310 441 4365 quo
468 4305 712 4365 tempore
743 4294 979 4349 Archias
1008 4293 1329 4349 Corinthius
1359 4293 1427 4350 de
1457 4293 1760 4348 condendis
1801 4293 1902 4364 Sy-

1997 488 2287 557 adjutorio.
2321 488 2467 541 Idem
2499 488 2782 558 Mystellus
2851 490 3000 543 aliud
3038 506 3262 560 quoque
3293 493 3427 547 satis
3449 510 3561 546 ato-

1999 579 2222 648 biguum
2273 581 2558 634 oraculum
2587 581 2863 650 accepisse
2903 581 3099 645 fertur,
3151 583 3204 636 id
3242 593 3425 638 autem
3457 587 3563 639 tale

1998 671 2148 724 fuit:
2189 670 2283 725 Ubi
2331 674 2394 724 ab
2446 674 2633 726 (etin-ia
2682 674 2919 741 pluviam
2976 676 3240 736 invenies.
3298 677 3558 730 civitatein

1995 763 2215 830 a‘diﬁca.
2274 763 2378 819 Sed
2425 780 2548 818 cum
2585 764 2800 819 IEthria
2859 767 3210 821 serenitatem
3262 771 3552 838 siguiliect,

1994 854 2254 910 confusus
2296 855 2385 910 ille
2430 857 2592 911 deum
2635 873 2741 910 non
2794 857 3138 927 intelligebat
3165 877 3177 911 :
3203 876 3392 914 verum
3435 880 3559 916 eum

1996 948 2165 1000 multa
2194 957 2248 1001 et
2275 948 2481 1016 Apulia:
2508 957 2563 1000 et
2589 947 2855 1003 Calabria:
2889 949 3011 1004 loca
3045 964 3412 1020 peragrasset,
3442 967 3560 1019 per-

1995 1039 2147 1092 venit
2203 1039 2422 1094 tandem
2469 1039 2534 1093 ad
2584 1039 2760 1094 lrcum
2809 1043 3013 1110 ipsum,
3051 1040 3143 1094 ubi
3179 1056 3302 1096 cum
3344 1040 3562 1095 [Ethria

1997 1130 2170 1200 ipsius
2212 1131 2519 1186 concubina
2549 1130 2694 1200 longi
2732 1130 2953 1186 itineris
2981 1130 3170 1186 labore
3206 1129 3345 1185 fessa
3383 1132 3561 1200 lacry-

1997 1241 2113 1279 mas
2161 1225 2363 1278 affatim
2415 1225 2712 1291 emisisset,
2763 1223 2900 1279 adeo
2944 1236 3001 1278 ut
3035 1233 3176 1278 terra
3227 1226 3561 1290 madetierct,

1997 1318 2264 1372 intellexit
2325 1316 2606 1387 Mystcllus
2659 1317 2981 1378 oraculum,
3039 1317 3226 1386 ibique
3284 1317 3505 1370 civitate
3530 1335 3560 1368 u

1995 1410 2266 1471 condidit,
2311 1411 2559 1479 undique
2584 1409 2650 1464 ad
2685 1426 2882 1464 novam
2907 1411 3174 1482 coloniam
3209 1409 3402 1463 incolis
3435 1425 3562 1464 con-

1994 1501 2370 1564 currentibus,
2405 1501 2592 1555 multis
2628 1511 2812 1555 tamen
2858 1510 2985 1555 ante
3009 1501 3325 1571 Pythagorze
3357 1501 3560 1554 adven.

1999 1601 2112 1644 tum
2151 1593 2329 1646 anuis.
2374 1591 2497 1646 Fuit
2539 1593 2706 1662 igitur
2755 1592 2960 1648 Croton
3002 1593 3194 1647 civitas
3250 1592 3476 1661 privatis
3511 1602 3563 1647 et

1998 1685 2231 1754 publicis
2265 1685 2432 1756 gestis
2455 1687 2737 1755 prmelara.
2765 1686 2896 1739 Nam
2929 1701 3035 1738 una
3069 1702 3192 1740 cum
3213 1685 3415 1741 Graecis
3443 1686 3564 1739 aliis

1995 1776 2262 1832 adversus
2326 1778 2540 1832 vicinos
2586 1777 2852 1832 barbaros
2895 1777 3213 1840 dimicavit,
3273 1778 3564 1846 pluresque

1996 1869 2144 1922 viros
2179 1869 2554 1938 magnanimos
2578 1867 2856 1936 produxit,
2885 1867 2937 1920 in
2967 1867 3167 1936 quibus
3196 1878 3251 1922 et
3281 1869 3562 1936 Phayllunt

1998 1961 2149 2017 illum
2178 1962 2459 2022 athletam.
2493 1961 2805 2016 saltatorem
2851 1960 3375 2014 excellentissimum
3413 1978 3425 2011 :
3470 1961 3562 2029 qui

2002 2054 2224 2107 trireme
2283 2066 2381 2108 sua
2417 2050 2705 2105 vectus'in
2766 2049 3032 2103 auxilium
3077 2047 3391 2103 Graecorum
3439 2064 3562 2102 cum

1998 2141 2432 2198 Atheniensibus
2453 2153 2509 2198 et
2535 2141 2967 2197 Lacedaemoniis
2997 2151 3186 2198 contra
3207 2137 3440 2196 Xerxem
3469 2159 3567 2212 pu-

1999 2237 2205 2304 gnavit.
2234 2233 2406 2305 Cujus
2437 2235 2687 2288 beneficii
2712 2245 2833 2304 post
2860 2235 3062 2289 multos
3099 2251 3274 2290 annos
3313 2236 3566 2291 recorda~

2005 2335 2090 2380 tus
2114 2327 2443 2390 Alexander,
2473 2326 2540 2380 ab
2566 2325 2691 2379 Asia
2739 2308 2864 2379 cum
2902 2326 3022 2379 aliis
3051 2324 3251 2381 Graecis
3281 2335 3335 2380 et
3376 2327 3567 2380 Croto-

2003 2416 2166 2470 niatis
2247 2415 2418 2484 spolia
2493 2415 2852 2468 barbarorum
2923 2414 3096 2466 misit.
3166 2413 3269 2469 Sed
3349 2414 3569 2468 omissis

2001 2509 2334 2566 Crotoniatis
2361 2507 2425 2560 ad
2463 2505 2763 2562 Locrenses
2793 2516 2955 2576 atque
2985 2507 3122 2560 alios
3151 2507 3457 2561 veniamus.

2077 2601 2162 2655 10.
2207 2600 2432 2654 Timmus
2486 2599 2776 2652 Locrensis
2833 2595 3244 2669 Pythagoricus,
3298 2598 3568 2654 maximus

2005 2691 2388 2762 philosolihus,
2408 2689 2473 2743 ad
2499 2705 2660 2758 quem
2683 2689 2980 2743 videndum
3003 2689 3148 2743 venit
3170 2687 3259 2743 ille
3284 2691 3568 2757 sapientis-

2005 2784 2176 2836 simus
2209 2782 2375 2845 Plato,
2403 2781 2494 2851 qui
2525 2795 2651 2835 eum
2682 2780 2734 2834 in
2762 2780 3022 2847 operibus
3059 2779 3131 2834 De
3161 2791 3358 2839 nalura
3390 2785 3569 2836 mundi

2007 2874 2329 2938 introduxit,
2363 2877 2414 2928 in
2444 2873 2658 2944 dialogo
2690 2873 2900 2928 scilicet
2935 2868 3146 2926 Timaro.

2082 2965 2164 3017 ll.
2199 2964 2432 3034 Eurytus
2467 2939 2777 3026 Locrensis,
2824 2963 2938 3018 sive
2972 2962 3325 3026 Tarentinus.
3363 2966 3568 3034 utqui-

1929 3067 1972 3125 (ζ
2005 3056 2127 3110 dam
2143 3057 2459 3124 opinantur,
2481 3054 2869 3126 Pythagoricus
2886 3054 3241 3124 philosolihus
3263 3055 3384 3125 fuit,
3403 3072 3564 3128 quem

2003 3150 2165 3204 etiam
2189 3151 2322 3203 vidit
2352 3149 2523 3204 Plato.

2080 3242 2164 3296 1‘2.
2191 3241 2450 3294 Zulcucus
2469 3242 2782 3302 Locrensis.
2801 3241 3196 3312 Pythagoricus
3213 3242 3568 3314 philosOphus

2003 3345 2057 3388 et
2087 3334 2432 3403 legumlator,
2463 3333 2788 3389 concivibus
2813 3334 2930 3390 suis
2959 3333 3131 3404 legem
3163 3335 3334 3395 dedit,
3367 3350 3567 3390 consu-

2003 3422 2148 3478 lente
2171 3421 2432 3477 Minerva.

2078 3517 2164 3570 15.
2212 3515 2421 3572 Theano
2460 3517 2748 3573 Locrensis
2779 3517 2998 3583 mulier,
3040 3525 3193 3572 vates
3235 3517 3403 3589 lyrica
3439 3516 3564 3581 fuit,

2002 3622 2125 3677 qua:
2168 3608 2357 3680 lyricis
2412 3610 2664 3666 versibus
2684 3611 2752 3665 de
2798 3611 2968 3682 patria
3013 3626 3110 3668 sua
3143 3611 3313 3665 multa
3347 3624 3567 3678 compo-

2002 3703 2135 3786 suit.

2073 3813 2161 3868 14.
2189 3811 2511 3868 Xenocrates
2544 3813 2853 3880 Locrensis,
2896 3822 3053 3884 poeta
3085 3813 3342 3869 heroicus
3365 3829 3428 3870 ac
3447 3829 3564 3869 mu-

2003 3906 2150 3958 sicus
2177 3905 2671 3961 excellentissimus
2703 3905 2826 3960 fuit.

2076 3995 2162 4049 15.
2205 3995 2578 4066 Eurgphonius
2608 3995 2904 4052 Loi-rensis
2939 3998 3022 4050 vir
3061 3998 3256 4053 doctus
3285 4013 3349 4052 ac
3393 3997 3565 4052 citha-

2003 4088 2188 4144 rmdus
2220 4090 2454 4142 eximius
2509 4089 2633 4144 fuit.
2691 4087 2862 4158 Hujus
2891 4089 3020 4142 olim
3068 4098 3246 4143 statua
3298 4089 3560 4142 citharam

2005 4185 2198 4232 tenens
2233 4177 2376 4247 apud
2406 4177 2608 4232 Locros
2641 4178 2762 4232 fuit.
2795 4177 3146 4233 Locrensium
3177 4179 3324 4232 enim
3375 4177 3564 4231 civitas

2003 4267 2132 4320 olim
2161 4266 2390 4337 insignis
2422 4268 2546 4329 fuit,
2579 4268 2672 4337 qui
2694 4267 2873 4322 euloni
2907 4267 3132 4335 profecti
3165 4275 3292 4320 sunt
3319 4282 3347 4319 a
3374 4265 3564 4319 Locris

332 4358 538 4442 ,ἱππεὶς
581 4358 874 4440 ξοηείηυηι
920 4385 1160 4454 petebat.
1207 4384 1456 4454 Cumque
1505 4383 1668 4438 ambo
1713 4400 1742 4438 a
1795 4358 1900 4440 déo
1932 4393 1978 4450 ο
2002 4358 2222 4413 Cretum
2254 4359 2389 4414 fines
2426 4359 2820 4422 habitantibus,
2856 4359 3109 4414 Evandro
3140 4361 3384 4420 ductore,
3405 4358 3565 4426 paulo

331 4481 807 4548 interrogarentur
826 4478 957 4546 quid
989 4477 1041 4530 in
1065 4475 1366 4532 condendis
1379 4476 1606 4530 urbibus
1621 4485 1896 4544 optarent.

332 4567 561 4623 Archias
621 4567 884 4634 divitias,
944 4568 1317 4622 salubritatem
1374 4565 1654 4636 Mystellus
1715 4565 1896 4635 elegit.

333 4658 488 4714 Unde
529 4658 734 4712 factum
775 4667 860 4712 est
908 4666 971 4711 ut
1005 4656 1288 4728 Syracusae
1311 4657 1539 4720 divitiis,
1573 4657 1776 4712 Croton
1813 4673 1896 4711 sa-

327 4749 589 4804 lubritate
614 4748 895 4818 gauderet.
938 4747 1217 4818 Mystcllus
1251 4748 1418 4817 igitur
1438 4747 1528 4803 ubi
1563 4749 1798 4818 primum
1829 4748 1898 4802 ad

329 4841 785 4896 considerandum
809 4839 986 4896 locum
1025 4841 1196 4905 venit,
1225 4855 1350 4895 cum
1392 4841 1897 4911 vidisset'Syharim

329 4934 670 4993 aedificatam.
724 4933 796 4986 ita
834 4942 956 5002 post
994 4949 1022 4987 a
1068 4932 1234 4988 ﬂuvio
1281 4934 1712 4997 deuominatam,
1761 4933 1900 4988 hanc

322 5023 765 5092 pra-stautiorem
801 5023 1166 5085 existimavit,
1205 5037 1568 5090 reversusque
1597 5021 1666 5075 ad
1713 5020 1898 5085 deum,

329 5113 574 5184 Sybarim
613 5112 848 5182 petebat.
881 5112 1155 5166 Turbatus
1197 5127 1328 5166 vero
1371 5113 1505 5166 deus
1535 5113 1635 5167 hos
1674 5111 1900 5181 protulit

327 5222 520 5260 versus
551 5225 566 5260 ἶ

326 5295 492 5366 Terga
525 5299 712 5362 breuis,
753 5296 1010 5366 Mystelle,
1046 5305 1136 5348 tuo
1167 5295 1231 5348 de
1250 5305 1459 5363 pectore
1494 5297 1676 5348 omitte
1712 5312 1725 5325 ’

325 5371 528 5419 tmera
561 5370 885 5437 perquirens,
922 5368 1125 5437 frustra
1158 5380 1220 5416 en
1258 5366 1469 5437 venaris
1501 5366 1706 5433 iniqua,

325 5441 388 5489 At
422 5433 616 5490 rectum
647 5433 988 5506 quodcunque
1025 5435 1208 5493 datur,
1239 5441 1292 5485 tu
1324 5433 1481 5486 laude
1511 5437 1757 5502 probato.

325 5554 455 5620 Qua:
523 5569 646 5608 cum
707 5552 987 5616 audiissct,
1035 5565 1288 5605 reversus
1349 5551 1538 5605 urbem
1586 5551 1890 5617 conStitutt,

393 5689 467 5758 (l)
497 5686 800 5757 Epicureus
835 5696 957 5740 ante
995 5686 1312 5756 Epicurum.

2006 4456 2126 4516 post
2157 4451 2430 4504 eunditatn
2453 4452 2744 4505 Crotonem
2773 4466 2836 4504 ac
2863 4451 3183 4522 Syracusas.
3205 4449 3355 4504 Nunc
3379 4460 3561 4504 autem

2004 4539 2069 4592 de
2103 4541 2424 4608 quibusdam
2457 4541 2715 4610 Rhegiuis
2741 4542 3050 4598 dicendum.

2075 4633 2160 4686 lG.
2195 4633 2424 4688 Glaucus
2463 4635 2850 4704 Pythagoricus
2870 4645 2922 4688 et
2959 4637 3198 4688 musicus
3224 4636 3562 4690 excellentis-

2003 4725 2194 4790 simus,
2224 4726 2523 4796 Rhcgintis,
2567 4728 2888 4789 Democrito,
2933 4742 3091 4794 quem
3147 4729 3259 4796 ipse
3297 4727 3564 4797 Pythago—

2002 4833 2154 4872 reum
2183 4819 2350 4872 fuisse
2374 4819 2594 4882 asserit,
2626 4829 3140 4888 contetnporaueus.

2074 4909 2166 4962 17.
2200 4909 2572 4964 Androntadas
2622 4907 3015 4980 Pythagoricus
3044 4908 3399 4978 philosophus
3427 4922 3564 4977 quo-

2000 5017 2107 5071 que
2138 5000 2419 5072 Rheginus
2439 5010 2500 5068 et
2534 5001 2861 5069 legumlator
2897 4999 3019 5064 fuit,
3056 5000 3149 5070 qui
3189 4998 3564 5055 Chalcidensi-

2001 5093 2102 5148 bus
2130 5091 2419 5145 Thraciam
2447 5091 2824 5145 habitantibus
2850 5091 2996 5161 leges
3022 5092 3191 5146 dedit.

2073 5185 2162 5240 l8.
2199 5183 2529 5254 Pythagoras
2579 5184 2716 5238 alter
2763 5183 3065 5254 lthegiuus,
3119 5185 3200 5238 vir
3228 5185 3476 5241 eruditus
3506 5194 3564 5240 et

1998 5277 2298 5330 statuarius
2328 5274 2843 5339 excellentissimus,
2877 5276 3080 5344 primus
3101 5284 3402 5330 statuarum
3435 5291 3562 5346 pro-
3621 5340 3628 5347 ο

2001 5366 2304 5436 portionem
2349 5366 2743 5428 consideravit,
2779 5367 3078 5434 distipulus
3133 5368 3374 5422 Clearchi
3410 5368 3560 5423 Rhe-

1997 5460 2130 5529 gini,
2173 5474 2335 5529 quem
2377 5459 2664 5514 Eucherius
2705 5461 3023 5517 Corinthius
3078 5462 3360 5525 docuerat,
3398 5473 3454 5515 ut
3485 5466 3560 5517 ait

2001 5551 2316 5607 Pausanias.
