3902 6208
353 298 455 359 927

1487 297 2004 357 CONS’I‘ANTINI
2059 297 2428 358 LASCARIS

3521 302 3628 362 928

424 411 513 464 19.
570 409 790 479 Hippias
845 409 1126 478 Illtegiuus
1172 420 1356 463 orator
1395 421 1450 463 et
1483 411 1779 464 historicus
1814 411 1937 469 fuit.
1969 414 2014 468 Α
2119 410 2210 463 99.
2249 409 2555 463 lict-aclides
2592 409 2927 464 'I'arentinus
2962 408 3044 462 \ir
3071 407 3348 470 eruditus.
3383 410 3630 465 medicus

352 503 444 572 qui
503 505 711 571 primus
769 503 932 556 Italia:
999 487 1090 554 ac-
1131 502 1331 556 Sicilia:
1383 518 1568 556 rerum
1639 502 1930 557 Historiam

352 595 592 663 scripsit.
1364 601 1370 606 ’

419 701 510 753 ‘20.
555 701 740 769 Ibycus
793 709 950 769 poeta
998 702 1200 772 lyricus
1238 717 1381 756 unus
1417 718 1446 753 e
1479 716 1673 755 novem
1713 703 1931 758 vatibus

349 793 542 855 lyricis
577 793 873 860 prazclaris.
915 793 1175 847 Messanm
1232 805 1392 847 natus
1437 806 1520 848 est
1563 795 1815 866 Rhegion
1864 811 1930 849 ex

353 895 529 949 patre.
566 883 661 936 llis
710 885 920 952 primus
947 886 1267 938 sambucam
1316 885 1745 939 instrumentum
1773 885 1930 940 Cala-

349 977 572 1030 brorum
612 977 840 1039 invenit,
881 978 1160 1046 multaque
1196 979 1927 1051 composuitlyricometro.

346 1069 597 1138 Cumque
635 1085 728 1137 per
766 1069 1077 1125 Calabriam
1111 1072 1219 1125 iter
1245 1072 1470 1136 faceret,
1521 1072 1574 1126 in
1617 1073 1752 1126 silva
1789 1090 1930 1143 qua-

347 1166 470 1220 dam
513 1167 565 1219 in
611 1167 853 1222 latrones
888 1168 1102 1230 incidit,
1141 1185 1167 1222 a
1199 1169 1400 1237 quibus
1430 1185 1555 1222 cum
1602 1185 1660 1223 se
1699 1168 1930 1221 omnino

347 1257 578 1312 sentiret
641 1261 1112 1319 interﬁciendum.
1153 1263 1384 1330 gruibus
1416 1261 1557 1316 forte
1617 1263 1931 1317 volantibus

344 1357 409 1402 ad
442 1367 536 1403 cas
567 1353 705 1404 dixit
734 1395 743 1406 .
791 1353 898 1406 Vos
937 1356 1125 1409 saltent
1157 1357 1350 1409 mortis
1390 1372 1522 1409 mea—3
1554 1365 1721 1409 testes
1750 1356 1928 1418 eritis,

344 1459 509 1510 quem
546 1443 618 1496 illi
673 1445 704 1496 d
747 1445 990 1500 ridentes
1043 1447 1394 1500 iuzerfccere.
1453 1445 1558 1499 Sed
1604 1431 1927 1516 przesagiunt

347 1538 481 1589 lides
511 1552 718 1593 secuta.
759 1539 890 1592 Nam
920 1541 1042 1592 cuni
1078 1542 1319 1594 latrones
1355 1541 1407 1595 in
1443 1541 1658 1594 theatro
1691 1540 1927 1609 quodam

346 1631 410 1682 ad
470 1647 575 1696 spe.
605 1635 829 1684 tandum
874 1633 1151 1694 sederent,
1199 1643 1364 1702 atque
1405 1649 1569 1702 grues
1611 1649 1738 1687 casu
1802 1633 1931 1686 illuc

351 1724 674 1786 transirent,
706 1727 844 1777 alter
880 1727 1037 1778 alteri
1079 1727 1269 1780 dixere
1307 1745 1318 1778 :
1361 1726 1498 1779 Ecce
1552 1741 1714 1794 gru's
1757 1725 1925 1794 Ibyci.

348 1818 503 1881 Quod
535 1833 657 1869 cunt
699 1819 917 1885 quidam
955 1818 1318 1880 audivissent,
1357 1818 1572 1885 idquoal
1610 1829 1730 1871 crat
1761 1818 1910 1885 suspi

349 1923 537 1962 cantes
572 1911 715 1977 (nam
746 1911 962 1972 vulgata
985 1915 1160 1963 luerat
1184 1911 1464 1965 homicidii
1496 1910 1658 1980 fama)
1696 1910 1930 1964 retulere.

353 2001 592 2052 civitatis
622 2001 951 2059 rectoribus.
978 2016 1209 2070 qtnrum
1247 2002 1503 2055 mandato
1525 2003 1766 2056 latrones
1788 2003 1930 2070 capti

351 2109 414 2145 ac
458 2093 754 2161 diligenter
809 2097 1106 2147 exainiuati
1153 2095 1365 2147 facinus
1416 2095 1652 2150 confessi
1701 2111 1764 2150 ac
1809 2111 1930 2148 mox

354 2185 842 2251 sIISpendiocuct-ti
869 2194 1014 2239 sunt.
1041 2183 1178 2239 Ilinc
1211 2186 1561 2255 proverbium
1586 2196 1764 2238 ortum
1789 2187 1932 2254 apud

352 2275 570 2330 Graecos
589 2277 927 2346 Latinosque
951 2279 1365 2346 iureconsultus
1394 2297 1406 2333 :
1434 2278 1611 2336 Grues
1636 2280 1806 2351 Ibyci,
1830 2282 1933 2334 hoc

352 2378 433 2421 est
471 2385 556 2421 res
587 2382 734 2422 certa
773 2372 1048 2441 certisque
1084 2373 1302 2426 indiciis
1337 2373 1647 2428 manifesta.

422 2476 510 2528 2t.
550 2477 816 2548 Rhegium
850 2479 1067 2540 civitas.
1121 2490 1179 2532 ut
1220 2479 1295 2533 ait
1333 2478 1552 2542 Strabo,
1577 2496 1605 2533 a
1632 2482 1935 2549 rumpendo

351 2570 518 2633 dicta,
552 2571 700 2634 quod
743 2571 817 2624 ibi
853 2571 1040 2625 Sicilia
1081 2571 1249 2624 utaris
1297 2582 1432 2625 testu
1475 2581 1566 2625 aut
1605 2581 1932 2632 tercentqu

349 2663 421 2715 ab
456 2663 604 2715 Italia
632 2665 702 2716 sit
742 2665 997 2732 abrupta.
1033 2664 1271 2734 Rhegini
1299 2675 1482 2719 autem
1513 2665 1685 2718 Graeci
1715 2667 1937 2719 luerunt

353 2754 531 2807 coloni
569 2753 1045 2821 Chalcidensium,
1079 2774 1202 2811 cum
1254 2767 1309 2810 et
1352 2758 1755 2813 Lacedaemonii
1798 2777 1937 2814 non-

354 2846 494 2900 nulli
539 2848 592 2901 in
628 2846 940 2903 Calabriam
977 2853 1468 2918 transniigrarunt.

423 2953 512 3006 22.
548 2954 769 3008 Alcman
829 2967 985 3024 poeta
1042 2956 1245 3025 lyricus
1276 2974 1339 3012 es
1376 2957 1621 3012 Messana
1657 2960 1758 3012 fuit.
1802 2960 1937 3014 civi-

357 3054 467 3099 tate
499 3047 898 3104 vetustissima.
940 3050 1150 3119 Iliicgio
1177 3050 1380 3104 vicina.

430 3152 517 3206 :23.
551 3151 916 3222 anomaclms
945 3153 1247 3238 Thurinus,
1277 3155 1371 3225 qui
1391 3155 1460 3210 de
1487 3157 1937 3226 philosOphorum
1977 3151 2016 3204 C

355 3243 721 3311 opinionibus
760 3245 983 3313 scripsit
1024 3245 1260 3314 primus.

424 3349 516 3401 25.
555 3349 736 3404 Alexis
765 3367 829 3404 ex
853 3351 1045 3404 eadem
1074 3352 1287 3406 Titurio
1321 3354 1456 3408 urbe
1486 3365 1643 3424 poeta
1668 3357 1934 3421 comicus,

352 3440 446 3509 qui
480 3439 752 3495 ducentas
770 3451 825 3494 et
852 3443 1213 3510 quadraginta
1249 3446 1550 3500 comoedias
1576 3448 1769 3502 edidit.

422 3545 494 3600 ‘25
546 3545 815 3614 Hippasus
863 3547 1290 3616 Metapontinus,
1329 3552 1692 3622 philosophus
1737 3556 1941 3626 Pytha-

352 3639 599 3707 goricus.
633 3641 725 3708 qui
781 3641 1069 3695 delinitum
1122 3655 1246 3698 esse
1310 3654 1528 3714 tempus
1565 3645 1700 3699 dixit
1747 3647 1935 3701 nmndi

355 3733 708 3786 mutationes.
738 3732 1084 3801 Metapontus
1110 3751 1237 3790 vero
1273 3718 1377 3789 t’uit
1408 3735 1672 3806 Oppidum
1713 3754 1741 3790 a
1776 3740 1941 3809 Pyliis

353 3825 660 3888 cotulitum,
709 3829 802 3894 qui
855 3825 1016 3896 'I‘roia
1052 3835 1208 3898 capta
1265 3843 1389 3883 cum
1441 3829 1674 3884 Ncstore
1724 3833 1941 3901 naviga-

357 3930 508 3972 l‘llltl.

421 4023 514 4078 26.
553 4025 814 4094 Archytas
839 4024 1192 4095 Mnesagorae,
1226 4025 1309 4079 Vel
1336 4036 1394 4078 ut
1419 4026 1508 4080 alii
1541 4026 1739 4081 rEstici
1770 4029 1936 4089 filius,

351 4115 711 4180 'I‘arentinus,
740 4117 976 4172 eximius
1003 4118 1396 4188 Pythagoricus
1431 4121 1792 4189 philosOphtts
1815 4121 1937 4181 fuit.

355 4221 418 4258 ac
452 4217 730 4276 geometra
768 4209 1019 4278 insignis.
1060 4210 1158 4262 llic
1198 4211 1481 4265 Platonem
1515 4213 1568 4266 in
1606 4211 1940 4267 Siciliatuuc

353 4285 478 4351 c’um
526 4299 785 4370 Dionysio
818 4310 1123 4355 morantem
1149 4318 1247 4370 per
1274 4302 1488 4356 litteras
1515 4305 1728 4358 monuit
1764 4317 1821 4358 ut
1856 4315 1932 4375 ty-

354 4407 588 4444 ranutuu
632 4402 874 4445 caveret.
908 4392 991 4446 Ab
1024 4394 1128 4447 hoc
1169 4392 1432 4447 Eudoxus
1463 4393 1696 4448 Cnidius
1719 4395 1939 4449 JEschi-

2042 505 2460 558 celeberrimus.

2113 597 2200 650 50.
2243 597 2432 651 Rhinto
2455 597 2813 659 Tarentinus,
2849 597 3306 667 poeta-comicus.

2112 689 2201 742 5|.
2232 689 2580 744 Parmenides
2613 691 3004 761 Pythagoricus
3029 690 3395 760 pItIIOSOpIIUS
3421 691 3632 756 Eleata,

2040 783 2109 837 ab
2185 783 2308 838 Elea
2367 784 2590 839 civitate
2656 783 3023 838 Phoecnsiutn
3088 792 3321 846 vetusta,
3363 799 3552 853 quam
3608 802 3636 838 a

2040 876 2188 930 finite
2237 877 2472 943 quodam
2529 876 2718 930 Helatn
2778 875 3070 941 vocabant,
3095 877 3221 930 inde
3264 877 3638 930 verollelian:

2039 981 2095 1024 et
2117 969 2345 1024 Veliam.
2384 969 2483 1023 llic
2512 970 2771 1023 inventor
2802 967 3130 1027 dialecticae.
3159 970 3394 1022 mundos
3441 969 3640 1037 plures

2039 1077 2164 1116 esse
2199 1062 2359 1117 dixit.
2401 1063 2607 1116 Contra
2653 1061 2966 1116 Nearchum
3021 1063 3138 1117 sive
3187 1062 3616 1116 Diomedontem

2043 1157 2217 1210 armis
2245 1157 2300 1209 in
2333 1155 2530 1225 Lipara
2559 1156 2766 1226 paratis
2797 1156 3140 1225 conspiravit
3184 1173 3198 1208 :
3231 1165 3287 1210 et
3324 1155 3616 1224 interroga

2042 1259 2149 1310 tus,
2171 1250 2386 1319 tyranni
2410 1263 2601 1302 aurem
2627 1248 2742 1303 sive
2767 1263 2959 1301 nasum
2993 1246 3276 1300 mordicus
3294 1247 3637 1316 przccidiss-v,

2037 1354 2093 1396 et
2118 1343 2415 1396 abscissam
2435 1342 2539 1395 sibi
2571 1343 2808 1412 linguam
2843 1342 2895 1394 in
2926 1356 3018 1393 ora
3043 1341 3256 1409 tyranni
3283 1342 3641 1409 conSpuisse,

2047 1447 2319 1508 tyrannus
2346 1447 2527 1490 autem
2561 1453 2588 1488 a
2632 1437 2836 1506 pepulo
2867 1435 3146 1504 lapidibus
3171 1421 3406 1488 Iobrutus
3444 1435 3640 1504 perbi-

2041 1529 2222 1582 betttr.
2717 1597 2722 1600 η

2109 1620 2200 1675 '59..
2251 1618 2586 1673 Pltavorimts
2626 1619 2693 1673 ab
2743 1619 2846 1674 hac
2904 1619 3079 1682 Velia,
3119 1630 3176 1671 ut
3229 1620 3510 1681 nonnulli,
3555 1620 3627 1670 ri-

2040 1714 2421 1776 doctissimus,
2452 1715 2545 1783 qui
2572 1715 2640 1766 de
2681 1713 3051 1783 philosophia,
3082 1715 3352 1766 rhetorice
3375 1724 3432 1767 et
3459 1713 3640 1767 histo-

2043 1810 2121 1862 ria
2160 1808 2331 1863 ntulta
2371 1817 2428 1860 et
2478 1809 2736 1872 prses-lam
2782 1808 3046 1876 scripsit:
3089 1807 3388 1860 Plutarcho
3417 1809 3632 1868 secius,

2041 1917 2162 1955 cum
2192 1917 2300 1970 quo
2331 1903 2432 1953 sub
2470 1901 2705 1969 Trajmo
2746 1902 2952 1954 ﬂoruit.

2113 1994 2198 2047 55.
2227 1991 2561 2063 Empedoclea
2580 1994 2825 2056 Siculus.
2849 1993 3247 2064 Pythagoricus
3267 1993 3632 2062 philosophus

2042 2099 2095 2140 et
2125 2098 2338 2148 orator.
2371 2104 2398 2139 a
2447 2103 2556 2155 quo
2591 2085 2817 2156 Cot'gius
2865 2087 3166 2140 Leontinus
3203 2087 3413 2155 aliique
3456 2085 3629 2141 Siculi

2043 2189 2098 2234 ct
2129 2180 2532 2248 philosophiam
2566 2190 2622 2234 ct
2661 2181 2961 2234 oratoriam
2995 2181 3277 2235 audivere.

2116 2274 2207 2326 54.
2242 2274 2560 2327 Charondas
2586 2271 2934 2332 Catanensis,
2965 2273 3360 2343 Pythagoricus
3386 2272 3630 2344 philoso-

2046 2369 2209 2437 phus.
2245 2369 2392 2436 leges
2414 2367 2560 2421 dedit
2588 2367 3045 2424 Chalcidensilms
3075 2367 3397 2422 Siciliamet
3422 2368 3628 2422 Italiam

2047 2461 2452 2516 habitantibus.

2117 2552 2207 2607 55:
2248 2552 2465 2622 Pythias
2489 2563 2537 2607 et
2585 2553 2814 2615 Damon,
2841 2553 3203 2624 Syracusani,
3225 2552 3509 2618 singulare
3535 2566 3628 2620 par

2045 2650 2376 2713 amicorum,
2429 2665 2670 2719 quorum
2715 2651 2858 2703 alter
2915 2665 3016 2718 pro
3061 2650 3238 2703 altero
3281 2662 3409 2703 sese
3463 2650 3626 2702 morti

2044 2739 2256 2791 addixit
2288 2755 2302 2805 ;
2345 2737 2413 2792 de
2451 2740 2654 2808 quibus
2686 2739 3037 2794 Plutarchus.

2120 2831 2209 2885 56.
2243 2831 2282 2884 S
2303 2831 2349 2884 -d
2378 2841 2648 2900 pra-terea
2682 2833 2824 2885 alios
2857 2841 3078 2885 nostros
3114 2830 3338 2886 Grmcos
3362 2829 3630 2900 Pythago-

2048 2922 2190 2977 ricos
2208 2923 2462 2984 Asianos.
2489 2922 2790 2987 Eudoxum,
2815 2922 3629 2994 XmmphancmColophonium.

2047 3015 2367 3086 Leucippum
2440 3016 2708 3080 Eleatem,
2759 3016 3052 3078 Melinum.
3091 3018 3475 3079 Democritum,
3529 3014 3634 3069 ηε.

2055 3112 2326 3172 molitum,
2357 3106 2757 3180 Nausiphanem
2791 3120 2848 3172 et.
2881 3109 3198 3170 Naucidem,
3231 3125 3471 3178 quorum
3510 3108 3636 3177 Epi-

2050 3220 2206 3257 curus
2242 3205 2552 3272 discipulus
2589 3204 2716 3258 fuit.
2766 3203 2975 3258 Omitto
3027 3204 3316 3257 civitatum
3365 3204 3634 3271 origines,

2045 3307 2198 3366 gesta
2223 3306 2278 3350 ct
2309 3298 2696 3366 antiquitates,
2717 3308 2773 3351 et
2799 3298 2904 3352 alia
2929 3314 3054 3366 qua:
3079 3310 3130 3351 te
3159 3297 3632 3350 studiosissimmn

2045 3406 2109 3444 ac
2135 3389 2429 3444 Strabonis
2456 3392 2760 3460 geographi
2794 3391 3283 3445 familiarissimum
3320 3391 3494 3443 latere
3526 3404 3634 3441 non

2046 3489 2297 3547 possunt.
2359 3480 2556 3534 Verum
2597 3481 2733 3534 illud
2787 3482 2986 3536 iterum
3020 3483 3226 3550 absque
3258 3483 3468 3532 rubore
3523 3495 3638 3531 ue-

2047 3572 2298 3634 morabo,
2327 3571 2562 3637 Italiam,
2600 3571 2846 3626 Siciliam
2881 3589 2945 3626 ac
2983 3587 3229 3640 magnam
3264 3570 3494 3624 Gracia:
3539 3584 3634 3623 no-

2045 3670 2172 3717 stra:
2216 3674 2428 3733 partem
2464 3665 2708 3734 primum
2737 3663 3012 3719 Calabriae
3045 3674 3150 3718 tua:
3191 3663 3397 3724 altrici,
3432 3663 3634 3717 deinde

2046 3755 2370 3826 Pythagorae
2414 3757 2645 3827 suisque
2695 3757 3079 3827 Pythagoricis
3109 3757 3350 3812 maxime
3403 3754 3630 3808 debere.

2045 3847 2180 3902 Nam
2199 3863 2294 3919 per
2318 3863 2492 3903 annos
2512 3860 2838 3918 nongentos,
2860 3851 2927 3903 ab
2952 3851 3069 3918 ipso
3092 3849 3303 3902 scilicet
3324 3848 3632 3918 Pythagora

2047 3955 2222 4009 usque
2253 3941 2318 3994 ad
2347 3939 2776 3994 Constantinum
2821 3942 3217 4010 it’nperatorem
3261 3951 3631 4010 cognomento

2047 4034 2324 4102 Magnum,
2365 4033 2619 4088 doctrina
2658 4034 2774 4104 ipsa
2825 4042 2882 4089 et
2931 4044 3077 4089 secta
3131 4034 3490 4105 Pythagorica
3537 4049 3630 4103 per

2045 4125 2222 4180 dictas
2255 4126 2506 4191 regiones
2534 4125 2723 4179 ﬂoruit
2771 4124 2879 4180 Sed
2905 4141 3007 4180 cur
3044 4125 3158 4178 ha-c
3178 4124 3244 4178 ad
3279 4140 3369 4178 me
3397 4125 3628 4178 scribis?

2047 4218 2283 4287 inquies.
2311 4218 2378 4274 Ut
2410 4220 2511 4280 sic,
2555 4219 2598 4272 si
2629 4217 2742 4271 sint
2777 4217 2872 4271 tibi
2907 4229 3054 4277 nota.
3085 4219 3334 4286 gratuler
3383 4219 3578 4272 scienti
3608 4233 3620 4268 :

2045 4309 2131 4365 sin
2170 4325 2324 4374 vero,
2378 4318 2438 4364 ut
2473 4319 2599 4363 uota
2632 4308 2856 4372 faciam,
2894 4320 3055 4377 teque
3083 4309 3281 4363 ducem
3313 4308 3622 4362 illustrissi-

2046 4416 2218 4467 mum,
2256 4417 2483 4455 summte
2515 4403 2628 4471 spei
2662 4402 3090 4464 adolescentem,
3121 4404 3379 4471 exemplo
3408 4412 3488 4455 tot
3513 4410 3621 4454 tan-

355 4485 440 4538 nis
464 4483 609 4538 Illius
629 4487 988 4554 geon‘ietriam
1016 4487 1226 4542 didicit.
1259 4488 1357 4542 llic
1379 4487 1581 4542 cubum
1613 4489 1824 4558 pritnus
1858 4491 1936 4543 in-
1973 4499 2014 4553 ι)
2048 4501 2344 4560 torumque
2377 4493 2863 4563 philosophorum,
2885 4511 3025 4563 quos
3051 4506 3140 4547 tua
3164 4495 3422 4548 Calabria
3441 4493 3621 4564 genuit

354 4577 526 4638 venit,
562 4587 614 4629 et
650 4594 745 4645 per
778 4589 985 4632 motum
1034 4580 1371 4634 semicirculi
1420 4581 1472 4634 in
1512 4582 1762 4650 cylindro
1794 4583 1932 4634 duas

357 4668 564 4721 medias
588 4671 1037 4737 proportionalcs
1072 4689 1085 4726 :
1119 4671 1334 4742 fuitque
1360 4673 1734 4735 mechanicus,
1770 4684 1823 4725 et
1845 4691 1936 4725 co-

354 4761 593 4812 lumbam
624 4762 860 4831 ligm-am
903 4780 999 4832 per
1031 4779 1089 4818 se
1123 4765 1399 4819 volantem
1435 4766 1764 4819 construxit.

421 4854 512 4906 F27.
550 4852 762 4925 Lysiiles
786 4854 1122 4910 Tarentinus
1154 4858 1549 4927 Pythagoricus
1577 4859 1935 4929 philosophus

353 4946 476 5008 fuit,
509 4950 668 5014 cujus
704 4949 960 5017 Epistulae
984 4949 1165 5002 adhuc
1195 4959 1431 5005 exstant.

424 5042 514 5093 28.
546 5042 874 5098 Aristonicus
896 5043 1250 5109 Tarentinus,
1297 5045 1685 5114 philosophus.

2047 4586 2421 4656 erudiritque,
2455 4591 2521 4640 ad
2580 4589 2795 4642 culmen
2854 4590 3117 4642 virtutum
3153 4603 3218 4642 ac
3263 4590 3616 4641 maximarum

2047 4681 2566 4735 rerumaviditatem
2597 4683 2875 4736 cohortor.
2898 4682 3042 4735 Bene
3078 4682 3258 4734 valcas
3290 4696 3354 4735 ac
3376 4682 3469 4734 diu
3499 4680 3613 4734 felix

2045 4779 2102 4824 et
2133 4771 2340 4823 dudum
2395 4771 2684 4825 memorati
2721 4769 3074 4825 Consmntini
3115 4771 3311 4825 similis
3356 4773 3523 4832 vivas,
3570 4777 3618 4821 ct

2046 4861 2581 4930 Constantinopolim
2615 4863 2751 4916 tnihi
2793 4865 3025 4932 patriam
3063 4863 3336 4932 infelicem
3369 4878 3397 4914 a
3433 4863 3615 4915 barba-

2050 4968 2238 5008 rorum
2280 4962 2550 5021 potestate
2599 4954 2871 5018 vindices,
2911 4970 3107 5024 meque
3141 4964 3244 5008 tua:
3281 4952 3614 5008 celsitudinis

2050 5047 2319 5116 obsequio
2350 5058 2599 5117 paratum
2635 5048 2904 5118 recipias!

2779 5186 2794 5212 Ι
