3902 6208
233 328 322 393 933
373 371 378 375 ς

1289 308 1683 382 EPISTOLE
1733 316 1830 377 ET
1871 315 2358 376 FRAGMENTA.
2415 321 2426 328 ’

3367 305 3475 372 934

243 437 458 508 ἔγραψαν
483 453 498 468 ο
540 435 628 489 ἴνα
661 435 738 505 (l)
777 434 876 505 μιᾷ
925 432 1093 504 βίϐλῳ
1138 433 1199 485 τὺ
1249 432 1358 485 πᾶν
1399 429 1570 499 αὐτῆς
1603 443 1815 498 παρα-,

1923 425 2027 480 deo
2059 435 2118 480 ut
2147 425 2331 479 omnia
2367 423 2432 478 ad
2468 437 2587 477 eam
2639 421 2976 492 pertinentia
3009 436 3117 476 non
3158 437 3267 476 uno
3320 423 3476 477 voln-

238 530 374 584 δοῖεν.
404 529 581 596 Σαφὲς
607 527 662 580 δὲ
690 527 750 579 τὸ
776 526 1075 596 λεγόμενον
1111 522 1218 576 ἀπό
1246 539 1305 575 τε
1354 521 1466 576 τῶν
1499 521 1782 574 Διονυσίου

237 619 314 673 τοῦ
339 619 562 690 Θρακὸς,
609 619 969 687 ’Δριστὰρχου
997 633 1056 668 τε
1099 613 1193 666 καὶ
1227 612 1547 684 Τρύφωνος,
1595 609 1788 664 Ἀπολ-

237 711 400 764 λωνίου
432 728 489 762 τε
533 712 628 763 καὶ
670 707 999 778 Ἡρωδιανοῦ
1046 705 1424 778 ἐρωτημάτων
1448 721 1462 735 ο
1507 705 1565 756 ὲν
1594 698 1676 766 οἷς
1709 702 1790 756 δεῖ

238 803 317 857 καὶ
351 804 565 874 μνήμης
592 802 685 856 καὶ
721 803 930 870 χρόνων
961 800 1057 853 καὶ
1092 798 1347 852 πλούτου.
1398 795 1468 851 Οἱ
1517 796 1576 849 δὲ
1608 793 1788 864 πολλῷ

1898 517 2044 582 mine
2097 518 2399 572 traderent.
2453 515 2609 581 Quod
2675 523 2857 569 autem
2914 514 3187 581 dicimus,
3225 523 3375 584 patet
3411 531 3479 570 ex

1900 611 2141 681 Dionysii
2188 610 2440 674 Thracis,
2472 608 2801 673 Aristarchi,
2829 609 3165 679 Tryplionis,
3201 608 3479 678 Apollonii

1897 713 1950 759 et
1983 702 2275 757 Hcrodiani
2326 703 2668 766 crotematis,
2697 702 2752 772 in
2797 700 3001 769 quibus
3040 710 3091 753 ct
3113 699 3401 761 memoria,
3431 709 3488 754 ct

1903 806 2192 865 tempore,
2238 807 2298 850 et
2341 810 2449 849 acre
2495 809 2632 863 opus
2664 801 2771 848 est.
2803 794 2905 858 Qui
2958 808 3089 847 vero
3137 793 3260 847 illos
3312 793 3485 847 multo

239 895 342 964 μετ’
365 893 556 954 αὐτοὺς
573 892 642 946 τὰ
669 893 898 944 ἐκείνων
925 890 1286 959 συντεμόντες
1312 889 1439 956 (leg.
1469 886 1624 940 συντέ
1635 903 1804 954 μνον-γ

1922 897 2026 942 iost
2056 888 2339 944 consecuti
2388 900 2558 950 sunt,
2601 887 2816 941 illorum
2872 888 3072 956 scripta
3133 896 3491 957 amputarunt

237 986 334 1055 τες)
358 984 721 1048 συνέστειλαν,
752 977 839 1036 οἷα
871 982 1153 1044 Θεοδόσιος
1176 980 1272 1035 καὶ
1294 978 1658 1050 Χοιροσοσκδς
1689 977 1787 1031 καὶ

237 1076 403 1132 ἄλλοι·
437 1071 512 1130 ῶν
560 1077 631 1130 τὰ
685 1077 1020 1148 ἐρωτήματα
1076 1073 1470 1144 Μοτχόπουλος
1502 1071 1594 1124 καὶ
1622 1070 1672 1124 οί
1707 1067 1793 1120 ἐπ’

236 1167 380 1223 αὐτοῦ
411 1166 782 1238 βριχύναντες
811 1168 900 1220 διὰ
927 1151 1028 1238 τὴν
1053 1165 1352 1235 δυστυχίαν
1379 1162 1476 1214 τοῦ
1504 1161 1698 1230 γένους
1727 1157 1795 1211 τὰ

240 1261 420 1315 παλαιὰ
449 1260 822 1331 ἐπεκάλυψαν·
865 1261 958 1313 καὶ
1003 1259 1189 1331 σχεδὸν
1225 1259 1384 1328 μόνος
1411 1252 1797 1325 Μοσχόπουλος

239 1354 617 1422 ἐμονὰρχησεν,
648 1353 711 1405 οὗ
739 1354 801 1406 τὸ
829 1353 992 1423 ἔργον
1019 1355 1070 1406 εί
1103 1352 1199 1404 καὶ
1231 1351 1406 1422 βραχὺ
1435 1350 1548 1412 τοῖς
1577 1348 1697 1399 τότε
1723 1344 1798 1407 ὡς

239 1445 359 1514 πρὸς
379 1445 444 1497 τὰ
477 1446 709 1499 ἐκείνων
741 1445 945 1512 ἔδοξεν,
991 1446 1129 1500 ἀλλὰ
1161 1446 1277 1508 τοῖς
1326 1439 1644 1512 μεταταῦτα
1689 1454 1798 1508 μα-

240 1537 356 1609 κρὸν
401 1537 496 1590 καὶ
545 1538 772 1608 ἀνιαρὸν
811 1538 907 1592 καὶ
944 1538 1112 1591 πᾶσιν
1163 1536 1462 1604 ἀκροαταῖς
1495 1533 1597 1586 οὐκ
1632 1531 1802 1600 ἐφάρ-

238 1645 444 1699 μοστον.
478 1630 644 1684 Ὅθεν
672 1630 850 1698 ὀλίγοι
896 1646 955 1683 τε
999 1631 1058 1682 ὲν
1093 1627 1305 1682 Ἐλλάδι
1345 1625 1475 1694 περὶ
1535 1639 1801 1695 γραμμα-

243 1729 383 1798 τικῆς
433 1725 766 1788 ἐσπούδαζον
815 1721 1109 1788 ὀκνοῦντες
1159 1721 1220 1774 τὸ
1279 1720 1475 1789 μῆκος,
1523 1715 1698 1777 οὐδείς
1741 1729 1802 1766 τε

1904 991 2446 1050 contraxeruntque,
2484 991 2544 1037 ut
2603 978 2987 1044 Theodosius,
3047 979 3490 1034 Climrolioschus

1899 1083 1960 1128 et
1994 1074 2108 1136 alii,
2162 1089 2397 1143 quorum
2459 1084 2762 1130 erolemata
2815 1074 3202 1143 Moscliopulus
3257 1073 3491 1144 ejusque

1904 1163 2083 1218 artatis
2139 1165 2402 1234 aequales,
2442 1175 2668 1236 propter
2709 1165 2889 1234 gentis
2945 1165 3318 1218 infelicitatem
3370 1166 3492 1220 bre-

1907 1256 2142 1322 viantes,
2183 1258 2406 1328 antiqua
2441 1257 2828 1325 occultarunt;
2863 1267 2917 1313 et
2960 1255 3351 1328 Moscliopulus
3381 1258 3494 1312 fere

1908 1348 2060 1403 solus
2101 1349 2364 1418 regnavit,
2403 1352 2561 1419 cujus
2609 1365 2767 1420 opus,
2807 1353 2909 1404 etsi
2947 1349 3113 1403 breve
3154 1349 3221 1403 ad
3275 1350 3494 1404 illorum

1910 1455 2075 1509 Opera
2144 1441 2392 1511 ejusdem
2462 1442 2728 1512 temporis
2789 1441 3108 1496 hominibus
3171 1442 3495 1506 videbatur,

1912 1544 2100 1603 pristea
2139 1543 2318 1589 tamen
2375 1535 2621 1605 longum,
2661 1551 2845 1606 grave,
2901 1536 3273 1604 omnibusque
3328 1533 3497 1590 disci—

1914 1624 2058 1692 pulis
2108 1625 2290 1682 minus
2339 1628 2812 1683 accommodatum
2855 1630 3035 1683 visum
3070 1637 3178 1683 est.
3234 1627 3390 1683 Unde
3442 1627 3496 1681 in

1909 1713 2118 1770 Cra-cia
2154 1719 2312 1787 pauci
2351 1721 2722 1788 grammaticae
2772 1720 3091 1775 diuturnam
3129 1735 3354 1789 cperam
3400 1719 3497 1774 de-

241 1823 450 1883 Λατίνος
500 1821 558 1872 ὲν
600 1818 792 1889 ἡλικία
823 1815 900 1870 ῶν
936 1815 1130 1887 μαθεῖν
1181 1807 1292 1877 οἷός
1336 1813 1382 1865 τ’
1415 1811 1656 1879 ἐγένετο.
1689 1807 1808 1861 Μα-

1922 1807 2042 1864 clere
2065 1825 2084 1876 .;
2122 1809 2460 1881 Latinosque
2498 1827 2663 1866 nemo
2705 1821 2864 1868 aetate
2897 1814 3102 1868 ﬂorens
3149 1813 3216 1868 ad
3252 1829 3372 1867 eam
3404 1811 3501 1868 ad-

242 1912 445 1981 νουῇλος
469 1911 528 1966 δὲ
559 1914 586 1964 ό
617 1910 1014 1981 Χρυσολωρᾶς,
1044 1907 1184 1978 ἀνὴρ
1226 1907 1335 1958 τῶν
1375 1901 1684 1958 σπουδαίων
1711 1900 1810 1970 τὴν

243 2005 467 2075 πατρίδα
505 2000 815 2073 προλιπὼν,
845 2001 925 2063 είς
969 1999 1202 2053 Ἰταλίαν
1243 1996 1465 2065 ἀφῖκτο,
1503 1993 1719 2066 πρῶτός
1749 2007 1811 2044 τε

240 2097 302 2150 τὰ
326 2089 822 2164 ἡμὺεραΊταλοὺς
846 2089 1131 2142 διδάσκειν
1163 2085 1496 2155 ἀρξάμενος,
1533 2080 1803 2150 ἐπιτομὴν

240 2185 610 2255 μετριωτέραν
691 2181 947 2248 συνέταξε
1009 2179 1130 2232 καθ’
1187 2178 1252 2250 ἢν
1296 2179 1398 2231 οὐκ
1451 2175 1662 2243 ὀλίγους
1704 2172 1814 2226 τῶν

255 2275 459 2330 Ἰταλῶν
480 2276 538 2326 ὲν
563 2272 878 2344 Φλωρεντία
912 2270 1226 2338 ἐπαίδευσε,
1259 2266 1580 2338 Λεωνὰρδον
1603 2267 1813 2317 ἐκεῖνον

240 2370 330 2422 καὶ
368 2366 613 2438 Κάρολον
656 2366 1005 2435 ’Δρετίνουςο
1058 2362 1150 2416 τὸν
1203 2360 1406 2428 εὗσεδῆ
1463 2357 1810 2428 ’Δμσρόσιονο

240 2460 571 2528 ῡύγαρῐνον,
603 2457 866 2527 Φιλέλφον
889 2457 984 2509 καὶ
1003 2455 1196 2516 ἄλλους
1219 2455 1526 2514 πλείστους,
1556 2449 1605 2504 οἳ
1630 2447 1818 2501 τοσοῦ-

247 2545 331 2603 τ’όν
364 2550 650 2603 ἁπώναντο
683 2549 792 2602 τῶν
834 2547 1190 2617 Ἑλληνικῶν,
1218 2544 1360 2601 ὥστε
1403 2544 1480 2616 μη
1511 2542 1676 2613 μόνον
1710 2559 1818 2612 μα-

234 2642 350 2696 ιοείν
375 2646 465 2695 καὶ
491 2641 724 2706 διδάξαι,
753 2639 890 2695 ἀλλὰ
919 2640 1016 2694 καὶ
1057 2639 1230 2692 πολλὰ
1260 2637 1371 2690 τῶν
1400 2637 1691 2708 ἡμετέρων
1737 2635 1818 2698 είς

238 2735 334 2806 τὴν
369 2733 662 2803 Ῥωμαίων
722 2734 1076 2803 μετενεγκεῖν
1129 2731 1342 2800 φωνήν.
1393 2730 1530 2798 Ἔτη
1585 2728 1632 2780 δ’
1677 2726 1818 2780 εἰσὶν

241 2830 369 2900 περὶ
401 2827 739 2896 ὀγδοήκοντα
767 2825 827 2891 εξ
857 2825 984 2878 ὅτου
1029 2823 1226 2876 Ἰταλοὶ
1271 2821 1446 2889 λόγων
1489 2819 1818 2891 Ἑλληνικῶν

239 2921 588 2991 γευσάμενοι,
641 2920 742 2971 οὒκ
789 2917 1104 2968 ἱπαύσαντο
1139 2913 1438 2983 ἑλληνίζειν
1463 2952 1478 2977 ,
1533 2912 1732 2982 μᾶλλον
1763 2909 1818 2962 δὲ

244 3014 334 3066 καὶ
371 3011 616 3082 ἀκριϐῶς
659 3008 976 3074 λατινίζειν.
1023 3006 1158 3060 Ἀπὸ
1200 3006 1312 3076 γὰρ
1343 3010 1452 3059 τῶν
1483 3003 1818 3074 Ἑλληνικῶν

238 3105 538 3172 λόγωνκαὶ
590 3104 691 3173 τὴν
764 3102 932 3156 πάλαι
1002 3097 1583 3172 κατεῤῥαουμημέδην
1634 3097 1818 3151 αδτῶν

243 3198 429 3268 φωνὴν
463 3196 866 3259 ἁνανεώσαντο,
917 3195 1015 3257 τὰς
1066 3194 1378 3264 χρησίμους
1427 3190 1651 3261 βίσλους
1697 3191 1816 3242 ἑπιο

232 3284 657 3358 ιδιορθὼσαντες.
681 3283 993 3353 Φλωρεντία
1017 3282 1072 3335 δὲ
1105 3286 1134 3354 ἡ
1165 3282 1462 3352 θαυμαστὴ
1495 3279 1686 3350 ὥσπερ
1719 3297 1824 3350 μη-

239 3379 494 3452 τρόπολις
540 3378 718 3448 ἐφάνη
767 3376 827 3443 ἐξ
860 3377 984 3430 ὅτου
1024 3379 1057 3445 ὴ
1108 3377 1165 3429 ὲν
1211 3376 1350 3446 αὐτῇ
1399 3372 1618 3437 σύνοδος
1661 3375 1822 3444 συνή-

235 3472 482 3544 θροιστο·
512 3469 870 3542 βιϐλιοθήκας
906 3467 1230 3539 Ἑλληνικὰς
1261 3464 1672 3536 συστησαμένη,
1698 3464 1822 3518 Ἕλ-

236 3566 410 3636 ληνας
445 3562 844 3634 μισθωσαμένη
871 3561 1071 3630 σοφοὺς
1118 3561 1377 3632 γραφείς,
1410 3558 1476 3630 ἣν
1505 3557 1697 3610 πολλαὶ
1715 3558 1824 3610 τῶν

249 3655 534 3710 Ἰταλικῶν
568 3653 902 3724 μιμηθείσαι
926 3651 1166 3714 πόλεων,
1203 3649 1524 3718 Ἑλληνικῆς
1559 3651 1822 3719 μετέσχον

237 3747 454 3818 φωνῆς,
482 3745 696 3800 πολλῶν
735 3746 831 3798 καὶ
852 3744 1048 3811 λογίων
1089 3742 1359 3813 Ἑλλήνων
1394 3742 1484 3794 διὰ
1513 3743 1608 3803 τὰς
1631 3741 1822 3793 δυστυρ

235 3843 366 3912 χίας
399 3840 831 3911 προσφυγόντων
869 3838 961 3892 καὶ
995 3837 1346 3904 διδαξάντων.
1384 3835 1558 3912 Τοῦτο
1599 3835 1697 3905 μὲν
1729 3833 1823 3887 τοῦ

239 3932 412 3999 σοςοῦ
454 3931 705 3985 Ἰωάννου
740 3929 833 3983 τοῦ
870 3928 1310 4000 ’Λργυροπούλου
1346 3927 1438 3981 τοῦ
1476 3927 1610 3996 ἐμοῦ
1651 3926 1824 3997 καθη-

235 4025 412 4098 γητοῦ
452 4025 666 4096 πρῶτον
697 4025 755 4078 ἐν
802 4023 1101 4093 Παταϐίῳο
1150 4024 1246 4076 καὶ
1302 4023 1441 4092 μετὰ
1489 4023 1586 4092 τὴν
1624 4019 1825 4076 ἅλωσιν

233 4121 335 4189 τῇ,
395 4116 650 4188 πατρίδος
707 4117 765 4167 ὲν
821 4115 1134 4185 Φλωρεντία
1186 4114 1281 4169 ἐπὶ
1339 4113 1436 4168 τοῦ
1485 4113 1825 4185 περιφανοῦς

234 4211 444 4278 Κοσμᾶ
477 4210 586 4262 τῶν
638 4207 914 4273 Μεδικῶν,
969 4207 1177 4276 Πέτρου
1221 4223 1282 4259 τε
1327 4207 1421 4259 καὶ
1465 4206 1824 4276 Δαυρεντίου.

233 4303 421 4359 Τοῦτο
453 4304 510 4356 δὲ
556 4301 652 4359 τοῦ
701 4301 928 4369 ἀρίστου
964 4299 1246 4368 Θεοδώρου
1285 4298 1381 4353 τοῦ
1409 4299 1562 4368 Γαζῆ
1598 4301 1654 4355 ὲν
1699 4297 1827 4353 πολ-

231 4404 364 4464 λαῖς
389 4402 501 4455 τῶν
530 4400 809 4455 Ἰταλικῶν
831 4397 1069 4450 πόλεων⁴
1101 4396 1197 4451 καὶ
1217 4396 1528 4451 τελευταῖον
1547 4399 1607 4450 ἐν
1640 4396 1826 4468 Ῥώμῃ

1912 1900 2234 1957 discendam
2282 1912 2574 1975 promptus
2603 1907 2800 1960 evasit.
2839 1905 3056 1961 Manuel
3089 1921 3218 1959 \cro
3255 1904 3500 1977 Chryso-

1911 1994 2080 2063 loras,
2109 1996 2192 2050 vir
2220 1996 2525 2065 studiosus,
2555 1997 2746 2054 relicta
2775 1998 2968 2067 patria,
3007 1998 3060 2053 in
3093 1998 3301 2053 italiam
3325 1999 3499 2062 venit;

1913 2087 2237 2158 primusque
2287 2088 2452 2144 italos
2482 2100 2670 2144 nostra
2707 2091 2939 2146 edocere
2975 2105 3283 2161 aggressus,
3327 2091 3503 2160 epito-

1917 2197 2042 2235 nien
2079 2181 2443 2251 amplitudine
2498 2183 2734 2237 mediam
2783 2185 3136 2257 composuit,
3179 2200 3287 2254 qua
3341 2185 3504 2239 Italos

1915 2285 2026 2324 non
2061 2287 2267 2340 paucos
2300 2273 2594 2328 Florentia:
2623 2274 2884 2342 instituit,
2925 2277 3274 2331 Leonardum
3303 2291 3503 2346 nempe

1916 2361 2072 2417 illum
2111 2372 2167 2417 et
2218 2363 2474 2418 Carolum
2529 2365 2836 2433 Aretinos,
2893 2367 3046 2436 pium
3099 2368 3454 2430 Ambmsiuin
3485 2410 3501 2431 ,

1918 2452 2263 2526 Ugarinum,
2316 2456 2668 2526 Pliilelpbum
2728 2448 2979 2527 aliosque
3040 2458 3346 2528 plurimos,
3409 2462 3502 2530 qui

1921 2553 2132 2600 tantum
2170 2561 2200 2601 c
2232 2546 2436 2602 Graecis
2462 2548 2665 2603 litteris
2727 2547 2970 2604 fructum
3001 2560 3399 2619 perceperunt,
3449 2561 3506 2607 ut

1918 2648 2032 2689 non
2097 2636 2260 2691 modo
2315 2635 2617 2692 didicerint
2675 2639 3116 2710 docuerintque,
3179 2641 3276 2695 sed
3337 2642 3508 2697 etiam

1920 2727 2092 2786 multa
2138 2737 2322 2783 nostra
2371 2729 2428 2784 in
2468 2728 2774 2784 Romanam
2822 2729 3062 2800 linguam
3104 2732 3504 2790 converterint.

1920 2823 2065 2880 Anni
2105 2836 2284 2879 autem
2342 2823 2564 2879 circiter
2621 2824 2901 2895 octoginta
2957 2835 3124 2895 sunt,
3179 2842 3304 2882 cum
3363 2827 3505 2894 itali,

1921 2913 2114 2969 Graeco
2145 2928 2398 2968 sermone
2440 2911 2998 2984 degustato,'Graacis
3038 2916 3260 2982 litteris,
3309 2929 3365 2972 et
3395 2933 3510 2972 am~

1921 3005 2067 3076 plius
2123 3021 2189 3061 ac
2241 3004 2565 3075 diligentius
2599 3005 2813 3063 Latinis
2873 3023 3098 3077 cperam
3150 3027 3352 3066 navare
3399 3028 3510 3068 non

1923 3095 2220 3153 desistunt.
2271 3097 2406 3153 Nam
2458 3108 2586 3170 post
2634 3099 2883 3156 Graecum
2944 3118 3295 3171 sermonem,
3353 3121 3510 3161 suam

1926 3189 2031 3260 ipsi
2060 3190 2307 3261 linguam
2338 3192 2452 3261 jam
2483 3192 2613 3248 olim
2666 3193 2882 3249 incuria
2928 3194 3308 3266 deperditam,
3356 3197 3512 3252 utili-

1925 3283 2032 3340 bus
2061 3285 2218 3340 libris
2249 3287 2432 3340 denuo
2474 3286 2804 3354 emendatis,
2834 3288 3235 3346 instaurarunt.
3280 3290 3512 3349 Miriﬁco

1925 3391 2058 3432 vero
2098 3376 2396 3443 Florentia,
2434 3387 2692 3460 tanquam
2738 3381 3081 3450 metrOpolis,
3121 3398 3185 3455 ex
3218 3399 3329 3453 quo
3358 3385 3514 3438 babi-

1923 3477 2044 3523 tum
2077 3470 2152 3525 ibi
2180 3470 2502 3538 concilium,
2545 3472 2718 3528 eluxit
2758 3487 2884 3528 cum
2925 3472 3131 3530 Gra:cis
3162 3474 3513 3531 bibliothecis

1927 3562 2375 3630 constituendis,
2452 3574 2570 3620 tum
2635 3565 2814 3621 doctis
2882 3564 3090 3622 Grauis
3148 3567 3514 3638 scriptoribus

1929 3665 2087 3724 pacta
2120 3658 2378 3711 mercede
2417 3659 2741 3715 alliciendis.
2775 3661 2946 3728 Quam
2979 3661 3229 3730 plurima:
3253 3661 3511 3718 Italorum

1928 3745 2098 3800 urbes
2152 3745 2419 3812 imitata,
2474 3749 2646 3805 ϐτί(ιεί
2706 3751 2980 3806 sermonis
3026 3753 3322 3824 participes
3357 3737 3516 3809 facta)

1927 3845 2104 3890 sunt:
2158 3837 2409 3906 pluribus
2457 3840 2625 3894 ctiam
2673 3841 2879 3897 Grzecis
2929 3843 3247 3900 hominibus
3294 3845 3518 3902 disertis

1926 3937 2153 4000 propter
2189 3928 2533 3985 calamitates
2585 3947 2653 3988 eo
2703 3934 3148 4005 profugientibus
3194 3937 3520 4011 litterasque

1929 4021 2004 4076 ibi
2044 4021 2399 4087 docentibus,
2436 4026 2690 4090 sapiente
2721 4025 2977 4082 videlicet
3015 4029 3226 4086 Joanne
3276 4030 3519 4099 Argyra-

1929 4117 2082 4186 pulo,
2123 4115 2388 4186 magistro
2427 4132 2568 4184 meo,
2602 4119 2810 4173 Patavii
2847 4122 3108 4190 primum,
3147 4122 3350 4180 deinde
3395 4137 3519 4196 post

1932 4210 2122 4280 patriae
2165 4211 2632 4282 expugnationem
2660 4252 2676 4277 ,
2731 4211 3026 4271 Florentiae,
3075 4218 3178 4275 sub
3209 4219 3517 4275 clarissimo

1933 4301 2129 4355 Cosma
2159 4301 2387 4364 Mcdice,
2421 4302 2550 4357 item
2576 4305 2679 4358 sub
2715 4305 2879 4361 Petro
2933 4304 3369 4380 Laurentioque;
3403 4321 3516 4368 tum

1933 4393 2141 4464 Optimo
2170 4395 2464 4451 Theodoro
2504 4395 2650 4452 Gaza
2689 4399 2742 4452 in
2780 4401 2966 4457 multis
3017 4402 3278 4459 Italorum
3323 4385 3552 4462 civita-i

230 4495 336 4550 ἐπὶ
388 4493 484 4547 τοῦ
537 4489 706 4563 σοφοῦ
758 4487 1142 4559 Βησσαρίωνος
1193 4487 1599 4558 καρδηνάλεως.
1651 4487 1815 4540 "Orici.

1935 4487 2105 4548 tibus,
2142 4502 2206 4540 ac
2241 4487 2463 4541 demum
2513 4489 2699 4543 Romae
2742 4499 2986 4561 tempore
3019 4494 3288 4565 sapientis
3327 4495 3522 4552 Bessa-

231 4585 512 4640 κὰλλιστα
545 4586 644 4655 τὴν
672 4580 1072 4652 γραμματικὴν
1104 4580 1450 4634 συνέστειλεν
1477 4580 1556 4642 είς
1586 4579 1830 4650 τέσσαρα

229 4677 461 4731 διελών.
485 4674 864 4748 Φραγκουλίου
914 4673 970 4726 δὲ
1003 4676 1063 4729 ὲν
1116 4673 1348 4744 Ἐνετίᾳ·
1391 4671 1734 4744 ’Δνδρονίκου
1771 4688 1831 4724 τε

230 4768 556 4823 Καλλίστου
591 4771 647 4820 ὲν
685 4767 906 4829 πολλαῖς
931 4769 1027 4820 καὶ
1052 4767 1110 4820 ὲν
1130 4765 1393 4836 Βονωνίᾳ·
1427 4765 1742 4835 Δημητρίου
1771 4781 1831 4817 τε

224 4861 331 4914 τοῦ
376 4859 703 4932 Καστρηνοῦ
739 4861 795 4913 ἐν
825 4859 1127 4933 Φερραρίᾳ·
1163 4857 1652 4921 Χαλκοκονδύλεὼς
1684 4875 1743 4910 τε
1774 4857 1832 4910 ὲν

221 4955 510 5021 Παταϐίῳ
542 4955 636 5007 καὶ
683 4952 1021 5023 Φλωρεντίᾳ,
1065 4951 1160 5006 καὶ
1206 4952 1382 5005 ἄλλων
1412 4951 1578 5014 ἄλλας
1621 4951 1834 5006 οἰκούν-

225 5066 382 5114 των,
411 5049 441 5104 δ
463 5045 781 5118 Ἐλληνικὸς
811 5045 1017 5116 ἡνθησε
1046 5044 1230 5112 λόγος,
1259 5044 1319 5097 οὐ
1342 5045 1503 5113 μόνον
1538 5044 1832 5114 Ἑλλήνων,

219 5143 384 5200 ἀλλὰ
423 5141 520 5196 καὶ
579 5139 798 5194 Ἰταλῶν
834 5137 1218 5203 διδασκόντων,
1254 5138 1486 5210 αἰσχύνῃ
1513 5139 1572 5191 τδ
1597 5139 1664 5191 τὰ
1701 5139 1837 5210 ἠμέ-

309 5297 400 5367 (1)
445 5298 543 5354 llic
568 5299 789 5355 videtur
822 5297 1136 5354 necessario
1161 5295 1452 5352 inserenda
1489 5296 1707 5366 negatio
1734 5297 1834 5368 μὴ,

221 5377 296 5423 ut
355 5372 632 5424 orationis
663 5370 825 5439 hujus
861 5367 1318 5439 sententiabeiie
1370 5369 1664 5439 conveniat
1711 5382 1837 5422 cum

215 5440 537 5508 sequentis
570 5432 787 5510 periodi
833 5439 1019 5493 verbis
1046 5455 1062 5510 _:
1086 5438 1195 5510 ,Ἐν
1241 5432 1331 5510 οἷς
1376 5437 1457 5490 δεῖ
1491 5439 1583 5510 καὶ
1612 5439 1838 5507 μνήμης

216 5506 340 5562 καὶ
372 5506 586 5579 χρόνων
615 5513 708 5562 καὶ
736 5509 996 5573 πλούτου,
1041 5507 1096 5562 id
1132 5517 1217 5562 est
1255 5523 1270 5561 :
1303 5506 1367 5561 In
1400 5507 1587 5577 quibus
1639 5517 1688 5560 et
1731 5506 1840 5562 mc-

215 5582 449 5642 maria,
478 5592 523 5633 ct
558 5589 811 5648 tempore,
843 5587 892 5632 et
927 5595 1029 5634 tere
1051 5595 1182 5649 apu:
1211 5588 1309 5645 est;
1345 5587 1608 5647 praeterea
1636 5593 1703 5633 ne
1737 5579 1838 5633 ad-

208 5663 408 5703 Versa
475 5650 657 5704 fronte
733 5659 942 5720 pugnet
1004 5665 1128 5720 cum
1199 5655 1538 5720 ιιυιυιιιοειξ⁸
1581 5657 1836 5704 veterum

206 5717 749 5790 grammaticorum
791 5717 1011 5790 scriptis
1039 5762 1053 5784 ,
1105 5719 1251 5774 inter
1307 5733 1448 5790 quos
1494 5717 1840 5774 Herodianus

213 5794 321 5845 vel
371 5789 442 5847 de
489 5789 791 5861 Proaodia,
852 5789 966 5848 sive
1021 5791 1353 5864 Accentibus,
1385 5789 1558 5847 libros
1611 5804 1840 5861 compo-

1935 4577 2111 4631 rionis
2165 4578 2496 4645 cardinalis,
2537 4581 2631 4635 ubi
2679 4585 3091 4651 grammaticam
3132 4587 3186 4640 in
3240 4588 3304 4642 ιν
3349 4589 3522 4645 libros

1934 4669 2285 4725 distriliutam
2340 4672 2547 4741 optime
2596 4676 2996 4746 concinnavit;
3050 4676 3343 4736 Franculio
3395 4698 3522 4737 vero

1934 4762 2206 4832 Yenctiis;
2237 4766 2555 4823 Andronico
2577 4766 2805 4824 Callisto
2831 4771 2884 4824 in
2922 4772 3129 4840 multis,
3162 4785 3330 4846 atque
3353 4776 3518 4831 etiam

1933 4858 2230 4926 Bononiae;
2264 4859 2540 4914 Demetrio
2578 4863 2843 4917 Castrcno
2877 4862 3164 4932 Ferrarius,
3196 4875 3253 4920 et
3288 4868 3522 4922 Clialco-

1935 4949 2165 5020 condyla
2198 4949 2408 5007 Patavii
2441 4967 2504 5005 ac
2535 4949 2829 5007 Florentia:
2856 4971 2871 5020 ;
2909 4953 3143 5024 aliisque
3189 4957 3326 5012 alias
3357 4957 3524 5011 urbes

1937 5043 2334 5111 incolentibus,
2363 5043 2586 5100 Grzncus
2620 5045 2860 5101 efﬂoruit
2912 5064 3116 5114 sermo,
3159 5065 3268 5104 non
3318 5050 3524 5105 Graecis
3609 5087 3618 5102 ε

1940 5140 2125 5216 moto,
2151 5137 2246 5192 sed
2278 5138 2425 5192 Italis
2453 5154 2579 5194 eum
2619 5139 2986 5195 cdocentibus
3017 5158 3032 5196 :
3071 5143 3210 5197 adeo
3249 5153 3306 5198 ut
3339 5151 3523 5198 nostra

1939 5297 2049 5353 suit
2081 5296 2203 5363 XX,
2244 5299 2714 5366 quemadmodum
2752 5299 3004 5356 Lascaris
3042 5303 3158 5365 ipse
3196 5312 3432 5359 testatur
3467 5307 3522 5360 in

1940 5369 2180 5439 Epistola
2224 5371 2290 5422 ad
2323 5367 2603 5439 Iacobum
2653 5369 2966 5426 Ximeniuin
3028 5373 3396 5439 Muriellium,
3457 5379 3524 5429 de

1940 5437 2259 5512 quainfra.
2315 5438 2392 5512 Ea
2441 5442 2796 5512 verovocula
2851 5443 2925 5512 μὴ
2975 5447 3048 5498 ob
3098 5437 3518 5500 similitudinem

1941 5509 2209 5581 contigua:
2260 5509 2359 5578 μιᾷ
2415 5511 2622 5564 excidit
2669 5509 2861 5581 procul
2912 5509 3082 5568 dubio
3115 5512 3336 5570 Lascari
3381 5516 3522 5570 cele-

1943 5580 2185 5656 riuscule
2225 5581 2527 5656 scribenti,
2570 5589 2632 5634 ut
2659 5580 2774 5656 _al_.a
2829 5584 2986 5653 plura
3019 5585 3366 5653 exciderunt,
3399 5601 3522 5656 qua)

1943 5651 2144 5724 partim
2211 5650 2864 5724 ascripsitmarginibus.
2918 5657 3115 5724 partim
3152 5650 3522 5712 versibus-in-

1947 5717 2274 5799 terseripsit.
2308 5717 2438 5799 Eam
2468 5717 2652 5799 itaque
2696 5724 2750 5778 in
2783 5717 3074 5799 subiuncta
3107 5726 3304 5799 Latina
3352 5730 3524 5786 inter-

1945 5793 2250 5863 pretaiione
2283 5793 2697 5863 exprimendam
2732 5793 2959 5852 omnino
2988 5797 3271 5855 duximus.
3487 5814 3493 5817 ‘
