3902 6208
387 385 491 445 ῖ73
1433 386 1793 446 THEODOR
1807 352 1916 449 usi

2095 390 2154 448 Α.
2193 413 2261 424 -
2304 385 2639 447 norma.
3061 417 3064 420 ~
3533 339 3636 446 sit

383 495 647 550 Ferrar'ne
670 495 986 566 principem
1009 497 1202 554 scribit
1231 501 1380 554 inter
1405 511 1602 554 cetera
1631 519 1642 554 :
1683 500 1866 555 Dicam
1891 501 2127 571 equidem
2159 510 2358 570 quanto
2389 501 2577 570 dignus
2614 501 2910 554 Theodorus
2936 500 3151 560 honore,
3179 507 3327 568 quem
3361 497 3639 566 plusquam

389 583 880 638 dimidiumaanimte
917 603 1046 640 mete
1076 604 1282 655 semper
1311 587 1555 657 diligam,
1595 591 1746 660 cujus
1775 588 2086 652 versiculos,
2117 604 2245 658 quos
2277 588 2342 642 de
2369 589 2530 642 musis
2558 589 2662 642 tuis
2695 584 3088 656 “elegantissime
3110 586 3292 648 edidit,
3325 587 3380 640 in
3405 587 3641 638 sacrario

389 672 486 726 illo
517 672 874 743 pulcherrimo
907 675 1074 729 incidi
1107 677 1303 746 jubeas
1326 718 1342 740 .
1373 677 1536 730 etiam
1573 685 1728 746 atque
1757 679 1918 731 etiam
1952 693 2078 749 rogo
2108 685 2158 730 et
2190 677 2422 730 obsecro.
2469 675 2609 741 Quid
2661 676 2799 728 enim
2846 675 3058 744 gravius
3099 671 3492 728 Callimachus?
3519 674 3645 743 quid

390 763 604 814 suauius
635 759 942 831 Pmpertius
960 764 1139 834 ?'quitl
1160 764 1433 835 pulchrius
1465 762 1706 818 Tibullus
1736 764 1911 819 dicere
1935 781 2171 835 unquam
2193 765 2446 835 potuisset
2471 763 2495 816 ?
2535 765 2675 818 Nam
2701 769 2751 816 et
2778 776 2968 816 nomen
3001 769 3050 814 et
3101 761 3323 830 oﬂiciam
3371 775 3645 814 musarum

393 850 647 902 concinne
670 851 1001 919 exprimunt,
1036 858 1087 904 et
1114 861 1300 905 earum
1333 851 1644 906 laudemad
1675 853 1940 920 picturam
1969 853 2270 908 alludentes
2296 852 2504 908 breuius
2535 851 2844 906 concinnat.
2876 846 3070 903 Nobile
3099 848 3324 901 hominis
3353 849 3643 918 ingenium,

395 936 996 1006 tantumphilbsophum
1029 939 1084 992 in
1119 939 1423 1008 hujusmodi
1454 939 1660 994 deliciis
1705 941 2008 1011 prtestare!
3541 948 3543 950 ’

464 1022 545 1078 lix-
571 1025 765 1080 ‘Gra-co
796 1027 960 1099 abeo
993 1023 1049 1078 in
1081 1024 1334 1080 Latinum
1367 1042 1676 1082 sermonem
1707 1044 1860 1082 versa
1895 1036 2026 1083 sunt
2054 1045 2067 1080 :
2112 1027 2317 1092 ﬁliani
2348 1029 2412 1081 de
2443 1026 2768 1081 instruendis
2813 1025 3023 1081 aciebus
3049 1023 3198 1089 liber,
3252 1023 3647 1079 Culmina-mnu

394 1113 516 1168 aliis
545 1113 903 1182 quibusdam,
925 1122 979 1167 et
1003 1109 1247 1169 Vene'tiis
1279 1113 1335 1167 in
1386 1116 1440 1169 κί’.
1477 1109 1712 1186 Dionysii
1747 1111 2146 1169 llaliccrnassei
2165 1116 2229 1168 de
2249 1115 2627 1186 compositione
2651 1114 2928 1167 orationis.
2955 1112 3298 1178 Theophrasti
3319 1112 3386 1164 de
3403 1111 3655 1174 historia,

395 1203 645 1257 escensis
675 1201 986 1270 plantarum
1015 1202 1105 1256 lib.
1138 1200 1270 1256 XV.
1301 1203 1602 1258 Aristotelis
1644 1203 1711 1257 de
1760 1206 1984 1259 historia
2015 1206 2338 1259 animalium
2372 1203 2497 1258 libri
2523 1201 2616 1257 IX.
2652 1201 2726 1257 De
2753 1200 2992 1270 partibus
3020 1200 3356 1260 animalium,
3389 1206 3654 1252 et'earum

397 1291 571 1343 causis
601 1289 722 1343 libri
756 1287 782 1342 l
797 1289 854 1343 V.
888 1289 962 1343 De
984 1291 1325 1360 generatione
1357 1291 1677 1346 animalium
1701 1291 1825 1346 libri
1872 1291 1933 1346 V.
1963 1291 2359 1349 Problematum
2381 1294 2636 1348 sectioaes
2667 1289 2882 1346 XXXI.
2909 1290 3043 1358 Qus
3071 1289 3255 1345 omnia
3279 1304 3413 1344 cum
3439 1290 3657 1344 caeteris

398 1375 1001 1446 Aristotelis‘operiluts
1033 1375 1331 1433 Latinitate
1369 1375 1587 1433 donatis
1635 1379 1838 1448 saepius
1870 1379 2139 1451 impressa
2177 1390 2330 1438 sunt.
2384 1382 2682 1436 Alexandri
2715 1380 3103 1451 problematum
3131 1379 3291 1434 libros
3323 1378 3409 1433 ll'
3434 1377 3662 1434 excudit

401 1464 620 1519 Basiliam
651 1465 960 1520 Gratander
986 1475 1134 1519 anno
1163 1465 1296 1520 l55‘l
1329 1482 1454 1520 cum
1504 1467 1956 1523 Problematibus
1989 1468 2308 1525 Aristotelis
2343 1471 2413 1526 ab
2448 1469 2646 1524 eodem
2692 1467 2890 1523 versis.
2939 1467 3017 1522 De
3053 1467 3158 1522 hac
3187 1466 3438 1522 versicue
3472 1463 3655 1520 Theo-

400 1553 518 1607 dori
551 1553 879 1607 Frauciscus
917 1548 1185 1610 Patricius
1221 1552 1459 1608 Discuss.
1500 1554 1838 1624 peripatetic.
1869 1556 1968 1611 lib.
2000 1556 2045 1612 ll
2083 1574 2096 1611 :
2138 1556 2478 1610 Leonardum
2513 1554 2754 1610 Brunum
2799 1563 3009 1610 secutus
3048 1553 3345 1610 Theodorus
3376 1551 3525 1611 Gaza
3558 1553 3659 1607 cir-

397 1657 459 1692 ca
492 1655 691 1694 annum
722 1634 881 1701 ΗΞὶᾶ
908 1637 1204 1693 Aristotelis
1240 1637 1398 1693 libros
1425 1657 1604 1718 omnes
1637 1635 1712 1694 De
1760 1643 2116 1708 animalibus,
2152 1653 2200 1698 et
2230 1643 2575 1699 Problemata
2619 1659 2636 1697 :
2674 1659 2767 1698 nec
2824 1659 2928 1698 non
2984 1633 3332 1708 Theophrasti
3389 1640 3546 1696 libros
3584 1635 3657 1694 De

401 1727 621 1819 plantis,
658 1737 733 1819 et_
745 1727 1043 1819 Alexandri
1073 1727 1406 1819 prgblfemata
1443 1727 1634 1819 Latina
1669 1729 1809 1799 fecit.
1847 1728 2013 1796 Quem
2043 1732 2207 1785 secuti
2231 1741 2352 1786 sunt
2381 1733 2436 1784 in
2481 1745 2543 1784 eo
2573 1745 2792 1784 manus
2825 1740 2931 1819 ηρ
2965 1729 3061 1782 alii
3109 1728 3397 1782 doctissimi
3445 1723 3657 1790 Cra-ci,

400 1816 654 1883 tieorgius
691 1816 1102 1880 Trapezuntius,
1133 1807 1412 1871 Bessarion
1435 1855 1449 1880 ,
1509 1826 1558 1870 et
1592 1807 1830 1871 Joannes
1861 1819 2243 1888 Agrgmpulus,
2284 1819 2377 1883 qui
2422 1820 2598 1871 varios
2643 1807 2944 1870 Aristotelis
2974 1815 3136 1869 libros
3169 1813 3467 1868 Latinitate
3487 1813 3661 1866 dona-

409 1914 552 1957 mmt.
582 1903 780 1958 Petrus
811 1898 1081 1957 Paulinus
1115 1902 1169 1956 in
1199 1895 1434 1974 epistola
1474 1903 1540 1958 ad
1567 1904 1861 1965 lectorem.
1896 1921 2060 1974 quam
2098 1905 2333 1975 pra-ﬁxit
2357 1904 2640 1960 Michaelis
2690 1902 2958 1972 Apostolii
2992 1895 3317 1972 parmmiis,
3350 1901 3497 1955 inter
3523 1899 3661 1954 alios

405 1993 623 2044 Cra:th
655 1993 746 2056 qni
781 2007 904 2044 cum
936 1988 1261 2044 Bessarioue
1287 1992 1341 2045 in
1375 1987 1584 2046 Italiam
1622 2003 1925 2057 venerunt,
1955 2009 2248 2050 recensens
2279 1993 2636 2048 Theodorum
2665 1992 2868 2048 Casam
2888 2031 2904 2056 ,
2938 1990 3131 2046 scribit
3158 2007 3171 2046 :
3211 1988 3518 2044 Aristotelei
3544 1999 3664 2042 vero
3711 1977 3722 1982 ’

381 2072 701 2133 Theodorus
731 2078 898 2137 Gaza.
929 2075 1160 2132 Joannes
1188 2077 1574 2148 Argyropulus,
1607 2091 1658 2134 et
1685 2080 1938 2150 Georgius
1974 2074 2357 2150 Trapezuntius
2381 2082 2584 2146 rhetor,
2624 2079 2765 2134 breui
2789 2094 2972 2134 omnes
3001 2076 3260 2134 Latinum
3289 2077 3562 2132 scribendo
3588 2076 3666 2129 sic

404 2169 697 2231 exercitati,
726 2176 784 2220 ut
820 2176 869 2220 et
909 2166 1056 2221 Gaza
1089 2166 1314 2223 Romani
1336 2172 1592 2223 sermonis
1626 2172 1864 2240 pomeria
1897 2172 1952 2224 in
1979 2170 2294 2224 animalium
2341 2169 2644 2225 Aristotelis
2693 2170 2920 2225 historia
2968 2171 3042 2224 sic
3068 2167 3382 2240 protulerit,
3413 2179 3473 2222 ut
3510 2182 3665 2236 quem

406 2257 487 2308 illi
518 2271 815 2326 cmuparem
845 2257 930 2309 ria:
956 2255 1200 2321 habeam,
1239 2258 1522 2328 praeferam
1573 2274 1696 2312 vero
1729 2257 2012 2312 neminem.
2057 2257 2170 2312 Nec
2203 2259 2417 2312 alienus
2447 2269 2532 2313 est
2565 2258 2635 2312 ab
2661 2258 2766 2312 hac
2793 2265 2981 2312 mente
3032 2257 3360 2312 Franciscus
3411 2254 3666 2310 Floridus
3758 2243 3762 2254 ’

408 2341 553 2397 beet.
588 2344 963 2397 succisivarum
988 2343 1087 2398 lib.
1121 2341 1209 2409 IV,
1242 2359 1366 2414 cap.
1401 2344 1488 2411 12,
1526 2344 1619 2413 qui
1654 2344 1711 2398 in
1737 2343 1941 2399 Gmcis
1965 2346 2286 2399 auctoribus
2315 2345 2512 2400 Latine
2545 2344 2844 2400 reddendis
2873 2344 3153 2400 Theodori
3179 2342 3553 2413 praestantiam
3576 2341 3664 2396 in-

411 2442 492 2484 ter
523 2446 768 2484 summos
801 2431 946 2485 illius
972 2431 1185 2486 ordinis
1221 2441 1492 2499 proceres
1509 2431 1766 2492 collocat.
1795 2431 1926 2486 licet
1958 2431 2014 2487 in
2045 2419 2354 2488 levissimis
2374 2431 2608 2488 vocibus
2632 2430 2822 2502 lapsus
2843 2472 2864 2498 ,
2891 2432 3158 2487 maximas
3211 2429 3543 2500 quandoque
3599 2430 3666 2485 de

337 2507 352 2522 ’
409 2518 529 2572 lana
560 2517 782 2587 caprina
817 2517 960 2572 rixas
983 2517 1183 2586 linguae
1204 2515 1698 2586 Grata-imperitis
1734 2512 2044 2586 reliquerit.
2162 2535 2168 2542 ·
2323 2577 2344 2582 φ

481 2607 540 2660 1η
580 2606 1127 2676 interpretationibus
1157 2603 1316 2661 Gazae
1350 2604 1770 2678 Problematum-
1795 2607 2124 2670 Aristotelis.
2150 2616 2205 2662 et
2229 2597 2403 2664 libelli
2433 2608 2720 2664 Ciceronis
2752 2610 2829 2664 De
2859 2617 3170 2675 senectute,
3189 2609 3405 2664 invenit
3430 2607 3668 2678 Angelus

411 2695 718 2750 Politianus
746 2709 930 2749 meros
955 2691 1224 2764 quosdam
1250 2736 1266 2760 ,
1300 2710 1441 2764 quos
1488 2710 1589 2750 sua
1625 2695 2087 2765 interpretatione
2117 2694 2463 2767 abstergeret
2485 2737 2502 2762 ,
2537 2696 2844 2754 Miscellan.
2871 2714 2990 2768 cap.
3030 2698 3099 2754 90
3127 2707 3183 2754 et
3215 2698 3306 2754 9|.
3351 2696 3417 2751 Et
3442 2697 3670 2766 insuper

409 2783 740 2838 criminatur
774 2781 1154 2848 Theodorum,
1185 2783 1332 2852 quod
1375 2783 1829 2848 dissimulaverit,
1869 2799 1965 2854 per
1997 2798 2161 2852 quem
2195 2785 2434 2839 maxime
2459 2785 2755 2853 profecerit
2780 2823 2795 2850 ,
2838 2786 3206 2857 habueritque
3231 2793 3373 2854 pene
3423 2794 3669 2840 conte-i-

413 2872 527 2940 ptui
561 2878 616 2926 et
647 2869 912 2935 ludibrio,
943 2869 1105 2940 cujus
1134 2872 1490 2942 potissimum
1525 2871 1816 2926 laboribus
1844 2871 2227 2926 insidiabatur.
2262 2873 2362 2928 Cui
2397 2874 2558 2943 plane
2615 2875 2954 2945 respondere
2991 2883 3206 2945 poterat
3233 2873 3579 2935 Theodorus,
3613 2887 3670 2927 se

414 2959 690 3015 hominem
725 2973 847 3014 esse
876 2976 890 3013 :
918 2972 1038 3013 non.
1062 2958 1273 3014 mirum
1304 2972 1459 3030 ergo,
1489 2959 1535 3012 si
1568 2959 1622 3013 in
1656 2959 1942 3028 aliquibus
1972 2959 2268 3024 erraverit,
2312 2977 2408 3031 qui
2455 2961 2509 3015 in
2543 2969 2624 3018 tot
2653 2962 2779 3016 aliis
2814 2971 3054 3017 mentem
3086 2961 3328 3016 auctoris
3355 2958 3669 3030 expressit:

413 3058 466 3101 et
494 3048 644 3103 aliud
681 3061 803 3102 esse
836 3061 1006 3100 unum
1037 3053 1130 3100 aut
1163 3046 1332 3100 alium
1368 3046 1552 3101 locum
1585 3049 1848 3111 auctoris.
1880 3045 2025 3101 aliud
2057 3057 2230 3102 totum
2259 3063 2401 3118 Opus
2433 3061 2732 3121 excutere,
2757 3061 2813 3106 et
2843 3049 3157 3106 examinare
3184 3064 3198 3103 :
3226 3047 3674 3117 'stomacliarique

416 3149 473 3189 se
507 3144 617 3189 tam
646 3141 838 3204 parum
868 3147 1003 3188 sano
1027 3131 1240 3204 judicio
1268 3131 1550 3196 Politiani.
1579 3136 1672 3218 qui
1709 3151 1807 3190 sua
1840 3138 1922 3191 vel
1952 3137 2136 3194 Graeca
2170 3143 2254 3198 vel
2288 3141 2482 3199 Latina
2510 3158 2636 3198 cum
2674 3133 3029 3212 Trapezuntii
3067 3141 3335 3203 conferat,
3357 3138 3674 3210 quem‘viu-

417 3239 543 3280 uere
575 3220 786 3279 nullum
829 3223 1112 3294 negotium
1149 3221 1275 3287 fuit,
1308 3223 1523 3278 etiamsi
1559 3221 1790 3277 multum
1821 3225 1923 3279 sibi
1973 3225 2182 3296 placeat
2211 3229 2265 3283 in
2305 3246 2373 3285 eo
2398 3245 2565 3300 opere
2601 3228 3044 3299 Trapezuntins,
3075 3240 3132 3284 et
3161 3229 3322 3299 plane
3354 3227 3670 3290 insolescat,

416 3313 509 3386 qui
543 3313 724 3368 credit
757 3328 818 3367 se
847 3327 944 3367 eos
987 3310 1157 3366 libros
1184 3319 1291 3364 non
1343 3311 1525 3364 minus
1551 3308 1860 3380 elegantius
1888 3311 2322 3386 emendatosque
2356 3317 2510 3382 dare,
2544 3333 2708 3389 quam
2738 3318 2881 3388 apud
2923 3317 3141 3372 Graecos
3190 3317 3518 3372 habeantur.
3572 3314 3674 3368 Ita-

421 3417 487 3458 ne
515 3417 746 3456 aureum
785 3400 919 3455 illud
949 3398 1283 3468 eloquentiae
1314 3398 1516 3453 numen
1547 3399 1860 3456 Aristowlis
1897 3400 2168 3457 Politiano
2195 3403 2394 3469 Valuil,
2427 3413 2486 3459 ut
2512 3409 2640 3459 cum
2690 3420 2755 3459 eo
2787 3420 2908 3475 quae
2939 3403 3298 3473 Trapezuntii
3341 3412 3491 3466 sunt,
3536 3417 3679 3456 exae-

418 3488 700 3559 qnentur?
730 3488 952 3544 Poterat
985 3487 1158 3540 tutius
1205 3485 1323 3540 hinc
1371 3485 1598 3540 silentio
1631 3485 2001 3549 dissimulare,
2048 3503 2212 3558 quam
2243 3492 2424 3561 palam
2456 3485 2762 3556 aﬂ‘erendo,
2827 3491 2938 3546 risu
2975 3508 3002 3546 a
3065 3490 3374 3561 legentibus
3433 3488 3676 3558 explodi.

417 3583 559 3651 Quid
585 3582 633 3638 si
662 3594 788 3637 cum
822 3577 1108 3632 Maussaco
1139 3577 1196 3630 in
1227 3575 1732 3645 prole’gomenisad
1762 3575 2075 3633 Aristotelis
2102 3579 2388 3634 historiam
2418 3579 2498 3636 D’e
2534 3579 2870 3636 animalibus
2899 3577 3128 3644 diceret,
3158 3593 3283 3633 ante
3321 3573 3676 3632 Theodorum

419 3674 646 3736 Gazam,
681 3668 958 3724 neminem
1001 3666 1290 3722 historiam
1319 3665 1461 3720 hanc
1498 3665 1578 3720 de-
1612 3664 1948 3720 animalibus
1981 3666 2212 3720 vertisse
2236 3706 2252 3729 .
2294 3677 2497 3736 pratter
2532 3676 2773 3723 veterem
2807 3663 2960 3723 illum
3008 3668 3368 3736 interpretem
3402 3663 3676 3735 ignotum.

420 3761 512 3828 qui
541 3757 851 3828 philosoiihi
884 3770 1053 3826 opera
1106 3754 1277 3810 verbo
1313 3753 1380 3809 ad
1410 3753 1641 3810 verbum
1667 3754 1860 3808 Latine
1890 3754 2163 3810 reddidit?
2198 3753 2432 3820 Quidam
2464 3753 2692 3810 Baethio
2721 3757 3002 3824 antiquam
3039 3754 3185 3808 illam
3222 3752 3535 3808 versionem
3581 3740 3678 3805 tri:

363 3878 366 3879 ν
420 3851 620 3912 buunt,
650 3846 747 3901 sed
780 3844 933 3909 falso,
970 3853 1028 3896 ut
1057 3843 1255 3912 opinor
1287 3860 1300 3897 :
1331 3857 1454 3896 nam
1481 3842 1650 3898 verbo
1681 3850 1842 3897 tenus
1897 3841 2177 3897 transtulit
2211 3851 2424 3897 textum
2471 3839 2832 3911 Philosophi,
2891 3841 3140 3911 quisquis
3203 3841 3295 3896 ille
3348 3841 3533 3905 fuerit,
3583 3838 3675 3907 qui

425 3935 656 4008 primum
685 3933 840 4004 Operi
873 3929 1118 3985 admovit
1152 3947 1397 3986 manum.
1426 3933 1495 3986 At
1517 3945 1641 4002 quae
1674 3930 1839 3986 hodie
1883 3930 2153 3986 habemus
2185 3945 2215 3984 a
2243 3927 2496 3995 Boethio,
2539 3929 2602 3982 οὐ
2636 3929 2778 3984 κατὰ
2808 3929 2943 3981 n65:
2968 3971 2984 3996 ,
3035 3929 3128 3985 sed
3179 3929 3465 4000 eleganter
3519 3939 3684 3981 versa

423 4035 572 4081 sunt.

496 4139 605 4194 Nec
635 4141 817 4193 minor
850 4138 1142 4195 Theodoro
1174 4140 1243 4193 lis
1275 4137 1528 4192 luitcum
1558 4135 1704 4191 Iulio
1730 4134 2029 4205 Scaligero,
2052 4134 2150 4204 qui
2181 4138 2295 4190 non
2333 4141 2546 4188 tantum
2578 4131 2862 4188 historiam
2895 4133 2962 4188 tle
2990 4130 3322 4186 animalibus
3342 4127 3677 4193 Aristotelis,

426 4227 520 4278 scd
559 4226 848 4296 Htslt'l'laltl
881 4237 938 4281 ct
976 4229 1047 4280 De
1079 4226 1262 4280 causis
1297 4224 1608 4294 plantarum
1644 4221 2014 4292 Theophrasti
2064 4237 2206 4279 nova
2237 4221 2694 4292 interpretatione
2726 4232 2784 4276 et
2830 4220 3247 4276 cutiimentarlis
3280 4210 3590 4282 adornavit,
3622 4216 3677 4270 in

427 4315 628 4382 quibus
655 4315 726 4368 ob
757 4330 864 4368 non
897 4314 1228 4368 intellectam
1262 4313 1502 4382 linguam
1533 4310 1802 4376 Graecam,
1839 4325 2020 4380 neque
2044 4309 2318 4377 Latinam,
2347 4319 2542 4366 etnon
2578 4307 2754 4378 probe
2778 4308 3047 4363 redditam
3089 4307 3441 4371 sententiam,
3493 4305 3680 4374 serpis-

430 4405 568 4458 sime
599 4402 650 4456 et
689 4401 888 4456 acriter
919 4393 1245 4455 Theodorus
1271 4400 1514 4470 vapulat,
1543 4399 1624 4454 sic
1652 4407 1714 4453 ut
1759 4399 2015 4457 videatur
2047 4397 2204 4452 labor
2232 4398 2324 4452 ille
2357 4406 2674 4466 assumptus
2708 4411 2738 4450 a
2787 4395 3065 4466 Scaligero
3110 4410 3219 4450 non
3248 4394 3356 4448 alia
3401 4393 3472 4448 de
3515 4407 3680 4447 causa

428 4507 592 4562 quam
621 4500 699 4554 ut,
724 4489 938 4556 deiecto
965 4486 1276 4552 Theodoto,
1310 4487 1677 4559 palmamisibi
1725 4486 1777 4541 in
1807 4483 2014 4542 Graecis
2048 4494 2211 4556 atque
2239 4483 2450 4540 Latinis
2475 4483 2662 4554 gloria
2693 4483 3109 4554 adipisceretur.
3150 4481 3476 4538 Unotamen
3513 4479 3696 4535 verba.

430 4579 717 4636 sciendum
753 4585 855 4643 est,
892 4591 1002 4631 non
1037 4587 1162 4632 esse
1218 4579 1455 4640 minora,
1487 4592 1610 4646 qua:
1637 4579 1690 4630 in
1722 4570 1988 4646 Scaligeri
2019 4571 2476 4643 interpretatione
2502 4581 2558 4627 et
2583 4571 2997 4626 commentariis
3030 4569 3178 4624 docti
3211 4577 3440 4634 notant,
3469 4567 3539 4623 iis
3561 4581 3686 4636 qua

431 4671 486 4725 in
517 4667 810 4722 Theodoro
851 4665 1095 4734 Scaliger
1127 4668 1451 4720 notaverat:
1484 4664 1597 4719 imo
1641 4661 1898 4718 eumdem
1935 4673 2042 4716 non
2078 4651 2439 4730 intelligentia
2489 4667 2702 4713 tantum
2748 4653 3042 4712 verborum
3068 4698 3082 4720 ,
3113 4659 3208 4712 sed
3245 4655 3301 4710 in
3343 4670 3534 4710 eorum
3559 4669 3686 4709 sen-

434 4759 602 4815 tentia
636 4759 803 4814 etiam
833 4756 1025 4812 Latine
1049 4754 1407 4826 exprimenda
1436 4754 1738 4824 saepissime
1767 4752 1898 4807 labi.
1930 4745 2166 4803 Peracre
2194 4747 2325 4802 item
2360 4753 2447 4800 est
2472 4744 2540 4800 de
2571 4734 3028 4816 interpretatione
3057 4745 3326 4798 librorum
3360 4741 3683 4812 Theophra-

434 4851 527 4915 sti,
557 4863 722 4920 quam
765 4848 990 4904 molitus
1021 4856 1109 4902 est
1145 4845 1316 4911 Gaza,
1349 4845 1579 4900 Joannis
1612 4841 1851 4913 Crispini
1888 4839 2196 4911 judicium:
2223 4833 2480 4920 (laterum
2509 4832 2649 4903 quod
2678 4834 2907 4887 muttinis
2939 4842 3055 4886 erat
3083 4833 3399 4902 optandum.
3436 4831 3686 4901 eloquen-

437 4917 642 4992 tissimo
668 4938 783 4990 viro
813 4936 1149 4989 doctissimus
1172 4934 1360 5002 obtigit
1393 4934 1676 4996 interpres,
1706 4928 1947 5000 Scaliger
1971 4924 2062 4982 ille
2097 4924 2346 4979 nimirum
2370 4917 2558 4977 Latine
2581 4928 2630 4976 et
2669 4922 2880 4993 praprie
2915 4921 3206 4992 explicans,
3239 4937 3353 4990 qua:
3382 4919 3684 4989 Theophra-

435 5033 547 5082 stus
585 5025 801 5082 Gracia
833 5023 1097 5095 quondam
1131 5021 1445 5075 tradiderat.
1482 5019 1595 5075 Hoc
1625 5020 1838 5090 quidem
1871 5014 2124 5087 permulti
2151 5013 2332 5069 conati
2373 5025 2500 5070 sunt
2537 5011 2819 5083 per/icere,
2849 5011 2990 5064 inter
3023 5027 3152 5081 quos
3185 5009 3479 5064 Theodorus
3513 5009 3686 5070 Gaza.

437 5119 517 5171 air
552 5115 936 5171 eruditissimus
977 5122 1026 5166 et
1059 5127 1188 5176 suat,
1219 5113 1275 5164 id
1306 5119 1381 5164 est
1413 5108 1630 5175 Graecae,
1665 5109 1861 5178 lingula
1886 5102 2264 5178 peritissimus,
2291 5101 2452 5171 cujus
2480 5113 2608 5153 sane
2642 5098 2942 5152 laudandus
2967 5108 3040 5152 est
3069 5106 3286 5152 conatus
3310 5136 3337 5162 ,.
3376 5097 3466 5152 sed
3512 5106 3686 5150 tamen

439 5206 691 5258 hactenus
724 5211 780 5257 ut
811 5215 1164 5272 agnoscamus
1193 5197 1346 5252 illum
1396 5198 1500 5252 sive
1533 5197 1721 5259 (ἓν-ατί,
1756 5203 1849 5249 aut
1884 5192 2064 5246 Latini
2091 5193 2348 5246 sermonis
2379 5203 2480 5244 non
2503 5191 2580 5243 ita
2611 5189 2860 5242 distincta
2907 5188 3204 5258 cognitione
3229 5228 3242 5250 ,
3276 5189 3381 5242 sive
3427 5185 3523 5251 rei,
3552 5185 3690 5258 quod

441 5292 778 5348 verisimilius
809 5299 904 5355 est,
931 5288 1278 5360 ignoratione,
1311 5286 1531 5354 inﬁnitis
1572 5284 1948 5355 propemodum
1979 5285 2031 5337 in
2066 5281 2192 5335 locis
2226 5281 2390 5351 [tisse
2415 5278 2827 5340 hallucinatutn,
2855 5287 2911 5330 ut
2950 5275 3094 5331 Julia
3126 5274 3398 5347 Scaligero
3439 5277 3686 5346 ἁρμοστῇ

444 5391 493 5435 et
523 5383 860 5435 emendatore
887 5393 1014 5448 Opus
1045 5375 1309 5430 habuerit.
1343 5372 1620 5442 Quidquid
1650 5378 1720 5425 sit
1754 5371 1821 5426 de
1848 5368 2372 5426 hatlucinationibus
2402 5369 2580 5434 Gazae,
2629 5382 2772 5423 anne
2815 5367 3068 5435 Crispino
3116 5364 3528 5420 eruditissimus
3581 5371 3686 5448 est,

447 5471 688 5541 itemque
720 5470 917 5538 linguae
943 5467 1144 5522 Graecae
1175 5464 1540 5535 peritissimus
1560 5503 1574 5529 ,
1604 5463 1698 5532 qui
1727 5461 1907 5518 Graeci
1930 5459 2204 5514 sermonis
2253 5456 2663 5514 distinctionem
2699 5456 2906 5511 nullam
2942 5455 3129 5520 habet,
3159 5461 3216 5508 et
3246 5462 3428 5508 rerum
3466 5452 3688 5522 ignora-

449 5533 615 5619 tione:
642 5533 870 5612 inﬁnitis
901 5533 1295 5624 propemodum
1329 5554 1382 5606 in
1417 5550 1552 5606 locis
1587 5548 1996 5604 ballucinatur?
2023 5546 2321 5616 Scaligero,
2353 5559 2460 5613 quo
2490 5545 2638 5598 viro!
2673 5533 3495 5612 apud-Crispimtm'asserente,
3525 5539 3686 5591 innu-

448 5645 618 5700 meris
647 5659 818 5714 prope
851 5658 1076 5699 suorum
1109 5638 1636 5696 commentariorum
1667 5637 1720 5690 in
1747 5636 2191 5706 Theophrastum
2222 5633 2378 5698 locis,
2403 5631 2757 5687 Theodorum
2793 5632 3065 5686 imitatum
3089 5643 3316 5684 suorum
3347 5627 3687 5698 popularium

449 5733 859 5803 negligentiam,
895 5731 1166 5799 ambiguis
1199 5729 1380 5782 verbis
1411 5726 1509 5788 uti,
1539 5726 1704 5779 nimis
1734 5739 1915 5778 rerum
1959 5738 2094 5792 quas
2147 5730 2345 5778 tractat
2369 5720 2620 5776 ordinem
2655 5729 2994 5790 pervertere.
3033 5728 3089 5772 et
3117 5716 3350 5786 pessime
3385 5726 3441 5771 et
3471 5716 3689 5770 semilaJ

452 5821 562 5878 line
593 5815 908 5887 transferre,
943 5820 1008 5875 de
1042 5831 1248 5887 suoque
1279 5814 1484 5871 addere
1514 5823 1709 5870 contra
1746 5812 1906 5868 (idem
1962 5812 2328 5883 interpretum
2360 5848 2380 5876 ,λ
2425 5825 2547 5881 qua:
2576 5817 2660 5865 cst
2691 5817 2750 5865 ut
2789 5808 2903 5879 ipse
2950 5808 3192 5878 explicet
3241 5821 3350 5863 non
3389 5806 3520 5876 quid
3574 5805 3688 5870 ipse
