3902 6208
278 340 383 401 975
1577 345 2041 407 THEODOBUS
2078 345 2295 406 GAZA.
2324 358 2335 362 ‘
3429 342 3539 403 976

282 454 505 516 sentiat,
551 452 644 505 sed
679 452 809 523 quid
844 461 1038 507 auctor
1065 469 1226 522 quem
1263 455 1492 523 SllsClllll
1527 457 2019 524 interpretandum.
2052 454 2239 524 Neque
2274 453 2418 507 enim
2452 452 2634 508 simile
2664 452 2769 507 hoc
2813 461 2897 508 est
2929 452 3231 524 negotium,
3274 462 3439 522 atque
3479 453 3538 508 id

286 541 432 607 qntd
458 542 525 595 de
552 540 827 610 Sophocle
862 550 1030 609 atque
1064 537 1325 611 Euripide
1356 543 1744 597 circumfertur
1769 563 1781 596 :
1807 544 2003 597 horum
2028 543 2166 596 alter
2195 556 2461 611 personas
2488 541 2679 610 quales
2713 540 2943 594 fuissvnt
2970 580 2985 601 .
3029 540 3167 594 alter
3198 540 3391 609 quales
3416 556 3541 598 esse

275 630 597 685 debuissent
624 645 741 683 sese
772 628 1027 698 ellingere
1052 628 1329 697 professus
1355 640 1455 683 est.
1488 634 1555 685 At
1583 632 1806 685 Latinus
1836 632 1929 698 qui
1961 631 2145 687 Gra‘ca
2181 630 2467 699 ignorarit,
2499 630 2542 683 si
2570 629 2618 683 ei
2643 630 2969 684 auctoritate
2989 630 3352 700 Theophrasti
3380 640 3541 687 uten-

276 720 405 773 dum
436 718 528 782 sit,
560 718 697 773 falso
730 732 947 785 semper
978 718 1210 786 imponit
1258 719 1461 787 aliquid
1496 720 1572 772 illi
1622 736 1689 776 ex
1741 719 2059 782 Theodoro,
2090 718 2237 789 quod
2289 718 2405 788 ipse
2449 719 2517 772 de
2580 732 2683 773 suo
2730 732 3011 786 nunquam
3068 721 3421 787 prompserit.
3471 718 3540 773 Et

278 814 538 871 preterea
573 804 745 872 pingit
789 804 1092 857 orationem
1130 819 1284 858 suam
1322 805 1491 860 variis
1524 805 1722 860 modis.
1766 806 1931 861 Multa
1960 822 2029 862 ex
2076 806 2461 876 Theophrasto
2492 806 2733 871 subticet
2768 823 2782 858 :
2819 820 3001 875 neque
3049 822 3111 859 ex
3161 806 3339 860 oliieio
3376 822 3537 874 para-

283 895 520 961 phrasta:
568 893 713 959 quod
769 906 914 959 saepe
954 892 1262 960 proliletur.
1316 892 1751 963 interpretatur:
1789 894 2088 950 verborum
2123 892 2289 960 ﬂexu,
2335 901 2389 948 et
2428 892 2612 948 verbis
2653 892 3039 947 alterationem
3100 892 3542 963 signiﬁcantibus

278 994 380 1048 pro
406 980 496 1044 iis,
545 994 664 1042 qua-
696 978 939 1032 habitum
972 979 1279 1048 signiﬁcant
1320 995 1462 1050 saepe
1494 981 1763 1043 abutitur,
1797 981 2133 1038 antecedens
2165 997 2337 1049 genus
2385 998 2486 1051 pro
2520 981 2707 1052 Specie
2738 980 3105 1050 consequenti
3163 970 3319 1049 ponit
3348 999 3363 1034 :
3407 982 3539 1036 trita

274 1069 442 1123 verba
475 1068 705 1137 defugit,
754 1068 1000 1138 vitioque
1026 1068 1129 1123 sibi
1172 1068 1442 1138 peculiari
1506 1071 1932 1141 perplexissime
1960 1070 2140 1135 docet,
2171 1068 2522 1124 Latinitateni
2553 1083 2661 1122 non
2693 1068 2944 1123 sustinet.
2980 1068 3048 1122 Et
3078 1066 3205 1137 quid
3240 1069 3387 1121 non?
3416 1068 3539 1135 Hic,

277 1158 527 1227 inquam,
552 1154 877 1211 Theodorus
899 1198 913 1222 ,
965 1155 1059 1224 qui
1087 1157 1239 1225 juxta
1273 1172 1397 1212 cum
1434 1158 1797 1229 ignarissimis
1830 1160 2039 1221 nescit,
2078 1167 2133 1213 et
2163 1157 2576 1212 eruditissimus
2608 1168 2662 1212 et
2696 1156 3143 1226 sapientissimus
3191 1157 3542 1224 reputabitur

274 1244 572 1314 Crispino?
608 1244 776 1299 Error
803 1243 1172 1299 eruditionem
1207 1244 1384 1314 pellit,
1424 1244 1739 1317 ignorantia
1762 1245 2108 1316 sapientiam.
2135 1244 2248 1299 Nisi
2282 1243 2335 1299 id
2373 1260 2594 1314 quoque
2626 1260 2751 1300 cum
2781 1253 2854 1300 tot
2889 1244 3014 1299 aliis
3040 1244 3319 1299 innocenti
3350 1245 3541 1314 appin-

276 1309 457 1398 gatnr,
493 1332 647 1386 illum
673 1348 783 1385 non
824 1347 891 1386 ex
922 1309 1270 1401 ignoratione
1295 1332 1391 1387 sed
1440 1309 1646 1388 malitia
1678 1309 1986 1388 ﬁert-asse.
2028 1330 2136 1384 Sed
2169 1330 2293 1400 quis
2340 1309 2404 1385 id.
2427 1309 2657 1386 credet?
2684 1331 2790 1387 Sed
2826 1334 3097 1402 pellamus
3153 1347 3183 1384 a
3246 1309 3543 1388 Theodoro

276 1420 533 1474 aemulum
566 1419 927 1490 Scaligerutn,
961 1419 1109 1489 quod
1142 1434 1473 1488 possumus;
1505 1429 1562 1475 et
1593 1434 1757 1490 quam
1801 1420 2100 1475 honoriﬁce
2130 1418 2199 1472 de
2227 1418 2519 1474 Theodoro
2548 1420 2717 1474 locuti
2756 1421 2868 1477 sint
2911 1419 3196 1476 Theodori
3247 1420 3351 1475 viri
3398 1421 3542 1475 alias

277 1508 455 1575 probi,
497 1517 555 1563 et
604 1509 752 1563 omni
786 1509 1142 1564 scientiarum
1195 1522 1396 1578 genere
1444 1508 1878 1573 instrue-tissimi,
1914 1507 2224 1563 audiamus.
2276 1503 2539 1562 Nicolaus
2570 1506 2922 1562 Secundinus
2956 1507 3012 1561 in
3047 1506 3282 1575 epismla
3323 1508 3391 1561 ad
3425 1509 3544 1563 An-

274 1596 561 1653 dronicum
591 1596 798 1652 Callisti
824 1615 838 1649 :
880 1596 1182 1666 Ἢχθὲσθην
1237 1597 1334 1666 μὲν
1360 1591 1453 1650 οὖν
1483 1596 1745 1665 Θεοδώρῳ
1772 1582 1812 1649 τε

2003 1594 2325 1666 ικιζομένῳ,
2364 1596 2457 1650 καὶ
2492 1597 2682 1659 κακῶς
2715 1596 2779 1649 οὐ
2810 1597 2906 1664 ξὺν
2935 1596 3060 1668 δίκῃ
3096 1596 3382 1660 ἀκούοντι,
3415 1598 3544 1657 ταῖς

273 1686 330 1737 δέ
372 1700 435 1745 γε
469 1689 589 1748 σαῖς
623 1686 758 1754 ὑπὲρ
793 1686 963 1740 αὐτοῦ
999 1703 1141 1739 κατα
1170 1685 1335 1747 πόδας
1370 1684 1749 1756 ἐντετυχηκὼς
1788 1684 2165 1755 ἀντιλήψεσιν,
2207 1685 2387 1755 ἦσοην
2416 1684 2513 1737 καὶ
2541 1683 2717 1754 ἥσθην
2751 1683 3120 1754 διαφερόντως
3152 1725 3169 1747 ,
3217 1683 3432 1737 πολλῶν
3479 1703 3545 1753 γε

274 1772 458 1824 ινεκα’
493 1773 773 1842 Θεόδωρον
800 1776 910 1840 γὰρ
938 1773 1116 1842 ἔγωγε
1148 1773 1292 1825 πάνυ
1330 1773 1493 1842 φιλῶ,
1523 1773 1617 1827 καὶ
1658 1774 1788 1844 περὶ
1822 1772 2079 1826 πλείστου
2107 1772 2197 1826 τὸν
2232 1772 2407 1840 ἄνδρα
2440 1771 2705 1839 ποιοῦμαι
2738 1788 2754 1805 ο
2800 1771 3015 1841 ἄγαμαί
3049 1789 3111 1825 τε
3130 1762 3205 1824 ὀὐ
3247 1772 3411 1841 μόνον
3447 1777 3545 1825 αὐ-

274 1859 367 1912 τοῦ
395 1860 518 1923 τοὺς
547 1860 759 1927 λόγους,
796 1863 890 1914 καὶ
912 1861 1036 1929 τὴν,
1062 1861 1189 1929 περὶ
1221 1862 1404 1914 πᾶσαν
1437 1861 1771 1931 ἐπιστήμην,
1810 1861 2050 1931 σπουδὴν
2092 1861 2189 1913 καὶ
2238 1860 2548 1930 ἀκρίϐειαν,
2587 1860 2725 1914 ἀλλὰ
2756 1861 2890 1914 πολὺ
2923 1859 3124 1930 μᾶλλον
3160 1861 3221 1913 τὸ
3268 1856 3421 1931 ἦθος,
3436 1860 3545 1930 ’τὴν

273 1950 502 2016 ἀρετὴν,
534 1950 601 2001 τὸ
629 1950 851 2017 σεμνὸν,
883 1950 943 2001 τὸ
973 1949 1194 2017 σῶφρον
1235 1951 1291 2001 ἐν
1329 1949 1431 2019 βίῳ
1460 1951 1555 2003 καὶ
1606 1949 1858 2017 κόσμιον,
1898 1952 1959 2004 τό
1998 1969 2061 2021 γε
2093 1953 2221 2023 περὶ
2254 1951 2417 2006 πάνθ’
2447 1944 2585 2023 ὁμόῦ
2620 1953 2691 2007 τὰ
2718 1953 2860 2007 καλὰ
2884 1953 3105 2023 εὐφυὲς,
3130 1954 3223 2005 καὶ
3251 1952 3373 2006 λίαν
3408 1954 3546 2024 inﬁ-

276 2037 454 2099 ϐολον,
489 2038 565 2099 ὼς
594 2038 650 2090 s!
676 2054 759 2100 τις
787 2038 1040 2101 παιδείας
1062 2039 1225 2092 ἕνεκα
1254 2038 1631 2107 παντοδαπῆς,
1682 2040 1781 2091 καὶ
1814 2039 1914 2110 τῆς
1949 2041 2080 2113 περὶ
2103 2042 2164 2094 τὸ
2188 2037 2322 2111 ἦθος
2361 2041 2739 2111 χρηστότητος
2764 2041 2873 2095 τῶν
2904 2040 3031 2095 καθ’
3067 2042 3217 2110 ἡμᾶς
3267 2039 3545 2109 Ἑλλήνων

272 2124 345 2175 τὰ
378 2123 573 2192 πρῶτα
602 2127 695 2177 τὸν
719 2124 890 2194 ἄνδρα
909 2124 1077 2194 λέγοι,
1116 2126 1190 2195 μὴ
1219 2126 1285 2178 ἂν
1319 2125 1640 2197 ἁμαρτῆσαι
1670 2127 1769 2197 τῆς
1797 2128 1813 2181 ἐ

2005 2146 2081 2193 ις.
2133 2127 2381 2183 Graviter
2423 2131 2603 2198 itaque
2641 2128 2777 2195 tuli,
2810 2130 2950 2197 quod
2997 2128 3295 2183 Theodorus
3336 2131 3546 2199 probris

274 2221 438 2280 atque
472 2214 763 2282 ignominia
789 2215 1073 2284 afﬁciatur,
1107 2214 1356 2285 maleque
1386 2222 1582 2286 pra'ter
1608 2214 1691 2284 fas
1721 2231 1876 2271 omne
1901 2219 2109 2271 audiat.
2152 2216 2345 2272 Verum
2374 2233 2493 2271 cum
2522 2226 2639 2272 tuas
2677 2235 2772 2289 pro
2806 2218 2898 2272 illo
2930 2220 3294 2289 responsiones
3325 2220 3397 2272 ad
3430 2236 3548 2274 ver-

274 2301 398 2354 bum
430 2300 789 2371 perlegissem,
823 2304 1018 2373 gaudio
1045 2304 1259 2373 aﬂ’ectus
1291 2318 1433 2366 sum,
1472 2318 1633 2371 eoque
1662 2306 1917 2371 maximo,
1948 2306 2144 2359 multas
2175 2306 2238 2359 ob
2270 2321 2482 2359 causas.
2509 2307 2755 2376 Namque
2783 2323 2876 2377 ego
2907 2298 3231 2360 Theodorum
3265 2307 3549 2375 insigniter

274 2406 417 2454 amo,
450 2398 498 2443 et
531 2391 754 2446 maximi
783 2392 943 2462 facio,
976 2394 1319 2462 admirorque
1362 2408 1466 2446 non
1508 2386 1718 2447 tant‘um
1750 2391 1902 2447 illius
1935 2409 2226 2459 sermones,
2257 2402 2306 2446 et
2335 2394 2476 2448 circa
2510 2410 2662 2448 omne
2706 2396 3073 2448 doctrinarum
3112 2411 3280 2465 genus
3309 2398 3547 2450 studium

274 2494 336 2531 ac
364 2476 717 2543 diligentiam,
752 2479 843 2533 sed
870 2481 1041 2551 magis
1076 2496 1268 2545 mores,
1302 2480 1942 2564 virtutemugravitatem,
1980 2481 2102 2535 vita:
2134 2497 2339 2551 quoque
2365 2482 2737 2536 castimoniam
2770 2491 2820 2535 et
2858 2484 3119 2546 decorem,
3156 2498 3248 2535 nec
3276 2499 3380 2536 non
3404 2485 3545 2537 circa

272 2568 409 2620 bona
443 2568 621 2622 omnia
652 2566 816 2621 simul
846 2567 1199 2636 aptitudinem
1236 2576 1285 2621 et
1314 2567 1588 2623 solertiam
1616 2611 1629 2632 ,
1662 2571 1795 2624 adeo
1822 2578 1877 2622 ut
1903 2568 1951 2621 si
1982 2570 2099 2639 quis
2133 2584 2253 2622 eum
2295 2578 2509 2638 propter
2541 2569 2898 2623 omnimodaut
2927 2569 3311 2633 eruditionem,
3353 2579 3403 2623 et
3435 2588 3546 2623 mo-

278 2671 394 2708 rnm
427 2656 739 2721 probitatem
770 2655 987 2715 Graecis.
1023 2656 1113 2724 qui
1141 2658 1240 2710 hac
1277 2666 1437 2711 (etate
1473 2659 1688 2721 uiuunt,
1716 2666 2009 2726 anteponat
2046 2665 2096 2709 et
2139 2655 2415 2725 prwferat.
2466 2674 2497 2711 a
2528 2658 2755 2710 veritate
2796 2673 2901 2710 non
2933 2656 3284 2710 aberraverit.
3320 2657 3387 2711 Et
3425 2673 3547 2710 car-

270 2740 474 2796 clinslis
503 2740 790 2796 Bessarion
815 2741 868 2795 in
904 2742 1134 2811 epistola
1169 2743 1237 2798 ad
1278 2745 1535 2798 eumdem
1570 2745 1945 2805 Theodorum,
1974 2760 2093 2814 qua:
2135 2760 2199 2796 ea:
2240 2744 2770 2815 interpretationibus
2797 2744 3138 2813 Theophrasti
3170 2755 3217 2797 et
3249 2744 3546 2799 Aristotelis

271 2827 547 2881 commoda
569 2829 648 2882 rei
682 2829 965 2884 litterariae
989 2839 1313 2901 proventura
1345 2833 1446 2888 sibi
1470 2833 1796 2903 promiserit,
1819 2835 2046 2902 ingenue
2066 2833 2337 2903 confessus
2368 2842 2465 2888 est.
2496 2833 2669 2889 Verba
2696 2833 3102 2904 elegantissima
3134 2834 3543 2891 exscribantlr.

271 2915 343 2969 Σὺ
369 2915 427 2969 δὲ
465 2916 538 2969 τὰ
569 2917 705 2988 Περὶ
746 2918 934 2987 φυτῶν
972 2918 1348 2990 Θεοφράστου,
1383 2921 1480 2975 καὶ
1518 2920 1587 2973 τὰ
1656 2921 1812 2990 ‘Apto

2005 2938 2067 2983 υς
2108 2922 2457 2993 ἑρμήνευσας
2504 2921 2917 2993 Προϐλήματα,
2956 2931 3005 2977 et
3028 2932 3226 2975 ,ca'tera
3271 2938 3390 2991 quae
3422 2922 3544 2991 jam

271 3003 536 3058 edidimus
564 3022 757 3077 supra.
807 3005 936 3061 Vide
966 3010 1068 3061 col.
1103 3008 1207 3063 685
1226 3050 1240 3073 ,
1266 3011 1406 3062 inter
1430 3007 1761 3062 Bessarionis
1800 3009 2070 3078 epistolas.
3338 3050 3365 3080 ,

342 3093 529 3151 Liceat
580 3096 716 3151 mihi
762 3097 851 3154 hic
887 3098 1068 3153 obiter
1131 3100 1374 3168 iniquam
1432 3113 1497 3152 ac
1554 3108 1818 3169 perpetuo
1897 3098 2251 3154 comitantem
2329 3097 2596 3155 litteratos
2650 3098 2902 3155 homines
2963 3100 3217 3156 alllietam
3276 3116 3343 3155 ac
3383 3102 3543 3158 nise

274 3203 393 3243 rans
441 3192 813 3248 conditionem
873 3193 1185 3264 deplorare.
1252 3194 1579 3250 Theodorus
1633 3193 1800 3260 Gaza,
1860 3193 1953 3263 qui
2022 3195 2141 3249 virl
2206 3204 2287 3252 tot
2342 3194 2650 3251 studiorum
2684 3196 2961 3252 laboribus
3017 3197 3166 3262 apud
3222 3196 3440 3254 (ἓξ-κως
3492 3212 3548 3255 et

277 3288 500 3343 Latinos
565 3290 866 3357 emeritus,~
921 3301 1001 3346 tot
1047 3291 1420 3347 voluminibus
1489 3290 1809 3363 compositis
1859 3291 2040 3346 clarus
2095 3300 2154 3346 et
2202 3292 2557 3362 conspicuus,
2614 3307 2831 3348 summa
2864 3294 3123 3349 .Pontitici
3166 3302 3349 3360 notus,
3409 3313 3546 3367 pur-

280 3385 496 3450 puratis
553 3386 810 3443 Patribus
861 3387 1085 3455 Charus,
1139 3389 1194 3445 in
1243 3389 1395 3445 Italia
1437 3388 1745 3444 studiorum
1788 3388 2000 3453 altrice,
2070 3388 2450 3457 spectantibus
2506 3388 2852 3459 principibus
2916 3390 3054 3445 viris
3079 3400 3135 3446 et
3167 3390 3543 3455 laudantibus,

275 3481 350 3534 lla
378 3492 522 3549 eget,
577 3491 634 3535 ut
687 3497 789 3537 nec
819 3481 924 3539 sibi
983 3482 1127 3538 unde
1177 3485 1325 3537 vivat
1373 3482 1521 3537 domi
1580 3482 1683 3549 sit;
1740 3491 1798 3538 et
1863 3496 1932 3537 ne
1971 3481 2036 3537 ad
2071 3466 2479 3538 mendicitatem
2510 3497 2571 3538 se
2615 3482 2956 3548 detruderet,
2998 3483 3242 3538 animum
3291 3485 3548 3539 astudiis

272 3572 615 3640 abstrahere,
636 3574 875 3630 etalieui
895 3575 1053 3644 agelli
1076 3574 1262 3645 glebas
1316 3573 1498 3630 colere
1520 3575 1752 3645 cogitur.
1807 3574 1928 3631 Non
1969 3574 2252 3630 crederem
2279 3575 2399 3645 ipse
2431 3574 2640 3639 bercle,
2665 3573 2722 3629 ni
2740 3573 3002 3630 idemmet
3016 3574 3547 3631 Theodorusfatena-

269 3678 379 3736 tur,
398 3681 455 3726 et
479 3688 633 3727 suam
665 3672 807 3727 hanc
825 3681 1119 3743 egestatem
1137 3678 1436 3741 exponeret
1475 3671 1528 3726 in
1547 3671 1779 3740 epistola

2001 3671 2269 3726 :metrittm
2304 3669 2676 3743 Sguropulum
2698 3688 2714 3727 :
2740 3670 3099 3741 [παράδειγμα
3122 3670 3169 3723 δ’
3198 3670 3329 3734 tam;
3357 3670 3423 3724 av
3454 3673 3542 3742 εἴη

269 3767 330 3819 οὐ
364 3768 569 3836 ιριῦλον
626 3770 720 3825 καὶ
751 3770 812 3824 τὸ
860 3770 1166 3840 ἡμέτερον
1205 3768 1367 3838 ἡμεῖς
1418 3768 1529 3840 γὰρ
1562 3766 1900 3840 ἀποροῦντές
1959 3783 2092 3821 ποτε
2137 3765 2342 3838 τρόπον
2392 3764 2597 3830 παντὸς
2636 3769 2719 3832 εἰς
2774 3767 2866 3821 τὸν
2895 3767 3011 3837 βίον
3036 3767 3253 3839 ἐτέρου,
3287 3766 3545 3833 λαϐόντες

266 3866 470 3937 ’χωρίον
519 3867 910 3936 ἐγεωργοῦμεν
932 3883 947 3899 ο
984 3868 1079 3921 καὶ
1108 3868 1287 3942 ταύτῃ
1318 3866 1387 3920 τὰ
1418 3866 1706 3937 ἐπιτήδεια
1764 3864 2140 3936 ποριζόμενοι.
2176 3865 2355 3918 οὐδενὶ
2409 3865 2722 3934 γεγόναμεν
2778 3864 3031 3935 φορτικοί
3058 3881 3120 3918 τε
3165 3864 3262 3919 καὶ
3286 3865 3547 3936 ἐπαχθεῖς

268 3958 554 4023 αίτοῦντες
577 3976 589 3989 °
634 3961 718 4014 σοὶ
744 3961 928 4031 μέντοι
956 3978 1019 4031 γε
1047 3963 1278 4032 οὐδεμία
1336 3960 1557 4031 ἀνάγκη
1588 3963 1896 4030 γεωργεῖν·
1961 3958 2090 4028 spot
2124 3958 2223 4029 μὲν
2251 3958 2358 4029 γὰρ
2395 3960 2423 4011 ὁ
2463 3959 2587 4012 τότε
2636 3957 2876 4027 πόλεμος
2921 3958 3174 4011 ὲπέκλειε
3214 3960 3315 4031 τὴν
3338 3962 3420 4024 είς
3450 3960 3548 4021 τὰς

270 4056 457 4119 πόλεις
484 4053 604 4108 ὁδόν
627 4070 641 4084 ο
666 4053 731 4106 σὺ
768 4052 815 4107 δ’
844 4056 903 4108 ὲν
935 4055 1249 4127 Φλωρεντίᾳ
1285 4053 1358 4121 εἴ,
1392 4053 1549 4107 πόλει
1582 4051 2033 4124 ποριστικωτάτῃ
2064 4052 2307 4123 ἑκάστῳ,
2335 4051 2483 4120 ἅπερ
2524 4051 2594 4107 ἂν
2622 4051 2969 4120 ἐπιτηδεύειν
3004 4053 3324 4121 προέληται.
3352 4051 3548 4106 Exem-

269 4151 391 4219 plar
417 4150 612 4220 fuerint
649 4149 873 4219 fortasse
901 4166 1006 4204 non
1046 4149 1248 4206 malum
1276 4165 1360 4204 res
1407 4159 1619 4203 nostrw.
1668 4146 1829 4203 Nobis
1855 4149 1994 4202 enim
2028 4164 2148 4202 cum
2182 4163 2400 4219 prorsus
2418 4164 2524 4201 non
2562 4155 2893 4217 suppeterent
2947 4147 3068 4201 sitm
3105 4150 3422 4211 necessaria,
3448 4165 3546 4202 no-

265 4259 436 4302 stram
465 4247 520 4301 in
554 4246 728 4301 alieno
753 4263 882 4317 agro
914 4245 1132 4301 colendo
1154 4263 1372 4315 operam
1396 4244 1769 4299 collocauimus
1789 4262 1806 4308 ;
1828 4246 2006 4313 sicque
2036 4245 2332 4299 necessaria
2353 4253 2748 4314 comparantes,
2786 4245 2985 4298 nemini
3012 4260 3191 4297 sumus
3214 4246 3547 4314 quaritando

269 4356 437 4413 neque
483 4340 687 4395 molesti
725 4355 889 4410 neque
927 4340 1114 4393 odiosi.
1170 4338 1339 4393 Nulla
1385 4354 1508 4393 vero
1558 4340 1693 4406 cogit
1726 4340 2003 4393 necessitas
2040 4347 2088 4390 te
2138 4354 2294 4408 agros
2342 4336 2530 4392 colere.
2565 4335 2698 4391 Mihi
2725 4336 2985 4391 enimvero
3023 4336 3214 4392 bellum
3245 4337 3386 4409 quod
3434 4343 3547 4392 tum

266 4440 569 4507 gerebatur.
603 4440 673 4493 ad
698 4440 851 4492 urbes
885 4438 1092 4492 aditum
1139 4435 1542 4491 intercludebat.
1574 4435 1648 4489 Tu
1680 4452 1797 4490 vero
1846 4433 2135 4490 Florentia:
2184 4434 2486 4487 immoraris
2515 4434 2571 4486 in
2594 4431 2721 4486 urbe
2760 4433 3197 4501 fructuosissima,
3217 4445 3267 4489 et
3293 4451 3548 4506 perquam

267 4540 540 4591 commoda
564 4536 802 4591 omnibus
850 4536 939 4606 qui
971 4536 1211 4589 animum
1256 4533 1325 4588 ad
1355 4532 1571 4604 aliquod
1600 4534 1906 4588 exercitium
1961 4532 2338 4604 applicuerint.
2360 4530 2428 4585 Et.
2463 4530 2518 4585 in
2546 4529 2776 4600 epistola
2807 4530 2875 4585 ad
2892 4530 3267 4585 Andronicum
3304 4530 3545 4585 Callisti:

266 4633 358 4685 Σοὶ
391 4632 447 4684 δὲ
480 4632 674 4701 πένητι
697 4630 812 4685 δντι
850 4632 1089 4702 ἀπορίαν
1120 4631 1229 4683 τῶν
1260 4630 1522 4684 τοιούτων
1557 4629 1833 4701 ὑπάρχειν
1867 4630 2109 4700 ἀνάγκη,
2164 4625 2278 4682 οἷόν
2312 4645 2362 4681 τι
2410 4627 2583 4696 κάμοὶ
2619 4626 2915 4695 συμϐαίνει
2950 4626 3199 4681 νοσοῦντι
3222 4644 3235 4656 ”
3281 4630 3462 4681 καίτοι
3496 4630 3547 4679 οἰ

267 4729 528 4783 δεσπόται
553 4727 711 4798 ἡμῶν
739 4728 1150 4799 διαταττόμενοι
1174 4729 1309 4799 ἡμῖν
1339 4729 1408 4782 τὰ
1437 4724 1744 4799 ἐπιτήδεια,
1792 4728 2109 4796 τάναγκαῖα
2140 4727 2305 4797 μόνον
2356 4724 2433 4794 τῷ
2469 4724 2771 4792 ὑγιαίνοντι
2805 4723 3074 4793 ὁρίζουσι,
3144 4724 3305 4778 νόσου
3364 4725 3422 4778 δὲ
3452 4726 3546 4778 καὶ

270 4824 697 4895 συμπτωμάτων
729 4821 989 4876 τοιούτων
1042 4822 1392 4893 προμήθειαν
1432 4821 1566 4891 ἡμῖν
1622 4821 1885 4890 οὐδεμίαν
1936 4819 2245 4884 ποιοῦνται,
2288 4819 2365 4881 ὼς
2411 4820 2521 4889 ἄρα
2559 4821 2623 4872 ὲκ
2652 4820 2813 4890 δρυὸς
2848 4819 2882 4890 ἢ
2918 4822 3147 4890 πέτρας,
3189 4819 3329 4872 ἀλλὰ
3381 4820 3456 4889 μὴ
3484 4820 3545 4883 ἑξ

260 4922 577 4990 ἀνθρώπων
602 4916 1014 4987 γεγενημένοις.
1047 4915 1165 4969 Tibi
1214 4930 1358 4977 vero,
1398 4930 1516 4968 cum
1541 4931 1748 4985 pauper
1778 4931 1801 4969 s

2004 4930 2107 4969 esse
2129 4923 2281 4969 estut
2311 4930 2486 4968 rerum
2526 4902 2829 4981 hujusmodi
2865 4913 3047 4983 inopia
3089 4915 3381 4983 premaris;
3408 4916 3545 4982 quod

270 5017 395 5071 mihi
433 5032 637 5086 quoque
689 5014 827 5069 male
871 5012 1083 5067 habenti
1120 5011 1399 5081 contingit.
1442 5010 1670 5077 ‘Domini
1718 5010 1978 5080 siquidem
2046 5011 2213 5066 nostri
2262 5009 2408 5063 nobis
2450 5009 2746 5063 necessaria
2798 5008 3213 5078 snppeditantes,
3246 5008 3544 5063 necessaria

268 5112 595 5173 solummodo
609 5124 742 5163 sano
765 5106 1103 5170 ministrant;
1125 5104 1455 5175 egritudinis
1470 5119 1589 5157 vero
1622 5113 1672 5157 et
1713 5102 1970 5159 similium
2009 5104 2355 5157 accidentium
2387 5101 2591 5156 nullam
2617 5118 2800 5157 curam
2834 5101 3149 5169 suscipiunt,
3187 5117 3251 5154 ac
3281 5103 3329 5155 si
3362 5119 3457 5156 nos
3480 5116 3545 5155 ex

270 5219 462 5273 quercu
486 5202 564 5257 vel
592 5216 746 5263 saxo,
785 5207 834 5252 et
866 5214 968 5251 non
1008 5212 1073 5251 ex
1111 5196 1426 5254 hominibus.
1449 5197 1965 5266 prognatiessemus.
1993 5193 2038 5252 Ο
2066 5212 2262 5251 manus
2285 5196 2590 5266 principum
2627 5195 2847 5267 pumice
2896 5195 3014 5266 ipso
3056 5192 3358 5249 aridioresi
3396 5210 3432 5250 ο
3463 5195 3544 5249 di-

271 5288 435 5354 vitias
481 5298 788 5353 luculentas
835 5304 1077 5365 egestate
1108 5293 1221 5361 ipsa
1253 5292 1535 5347 avariores
1566 5293 1579 5344 ι
1620 5291 1727 5346 Sed
1763 5291 1832 5347 ad
1867 5292 2069 5363 scripta
2105 5290 2410 5347 Theodori.

347 5415 547 5468 thl’lel'
585 5410 1102 5481 interpretationem
1151 5422 1330 5471 suam,
1365 5393 1691 5462 divisionem
1725 5420 1946 5476 quoque
1992 5407 2256 5461 librorum
2294 5405 2617 5472 Theodorus
2666 5406 2733 5460 dc
2790 5420 2891 5460 suo
2943 5404 3151 5459 attulit.
3188 5404 3523 5460 Franciscus

273 5488 544 5555 Patricius
572 5498 982 5553 Discussionum
1003 5496 1485 5566 peripateticarum
1514 5493 1659 5547 libro
1707 5491 1780 5546 XI
1818 5508 1831 5546 :
1860 5493 2006 5548 Inter
2022 5511 2127 5557 eos,
2150 5495 2238 5557 qni
2268 5493 2613 5547 aristotelicos
2636 5494 2796 5547 libros
2818 5509 2882 5548 ex
2906 5492 3087 5548 Crteco
3110 5492 3327 5547 Latinos
3352 5497 3537 5562 fecere,

278 5590 571 5644 Theodorus
602 5588 745 5644 Gaza
775 5605 871 5642 suo
896 5585 1123 5655 quodam
1155 5585 1304 5638 modo
1339 5587 1402 5637 ab
1440 5584 1719 5637 Averroica
1747 5584 2034 5653 diﬂ'erente,
2063 5583 2219 5635 libros
2246 5583 2298 5633 in
2324 5580 2499 5649 capita
2526 5583 2712 5647 secuit,
2744 5581 2883 5651 quod
2909 5583 3032 5635 item
3063 5591 3109 5634 et
3147 5580 3539 5653 Argyropnlum

277 5688 326 5729 et
364 5674 752 5739 Bessarionem,
788 5683 835 5727 et
865 5675 1002 5727 alios
1042 5673 1283 5726 existimo
1319 5672 1541 5740 fecisse:
1572 5682 1627 5723 ut
1658 5670 1821 5724 variis
1855 5672 2017 5723 modis
2052 5668 2341 5723 Aristotelis
2376 5669 2493 5720 libri
2530 5685 2622 5734 pro
2663 5670 2916 5738 cujusque
2948 5669 3173 5721 arbitrio
3209 5671 3313 5721 sint
3335 5670 3519 5727 divisi.

283 5777 403 5818 cum
435 5762 541 5829 ipse
574 5762 803 5829 integros
832 5771 986 5829 atque
1017 5761 1348 5814 continuatos
1383 5760 1667 5829 scripserit,
1715 5758 1894 5830 quales
1930 5758 1992 5810 ab
2026 5755 2159 5809 .ildo
2207 5756 2418 5827 ejusque
2454 5754 2729 5809 heredibus
2767 5755 2860 5820 bis,
2890 5753 3111 5808 Basilew
3159 5763 3334 5807 autem
3371 5754 3534 5809 semel
