3902 6208
265 215 367 279 983
1511 215 1906 280 LAUDATIO
1942 215 2187 278 CAXIS.
3393 213 3499 277 936

265 326 322 382 Ρ.
352 326 628 385 Arcadius
660 329 898 387 inseruit
937 331 1218 402 opusculis
1244 331 1586 404 tbeologicis,
1618 333 1802 386 Romae
1852 331 2034 391 editis,
2087 345 2231 384 anno
2286 330 2438 386 1650.
2473 330 2531 385 in
2597 331 2846 385 Gratcum
2915 343 3224 384 sermonem
3280 344 3504 400 quoque

263 414 540 469 transtulit
578 415 744 473 Mic’h.
781 418 1135 473 Savonarolat.
1162 417 1236 473 De
1263 419 1474 475 balneis
1495 419 1668 475 Italia!
1689 418 1861 499 libros
1889 418 2028 473 duos
2061 419 2196 486 (illi).

333 523 480 579 lnler
505 524 668 582 Gazae
700 528 959 582 ἀνέκδοτα
990 544 1112 599 quae
1140 529 1193 584 in
1227 529 1395 584 Italia:
1430 531 1660 585 maxime
1691 539 1746 585 et
1773 529 1960 586 Gallia:
1990 531 2336 586 bibliothecis
2387 540 2769 594 asseruntur,
2819 539 3018 599 przl'ter
3071 531 3334 598 epistolas
3383 533 3505 600 ejus

263 615 600 685 praecipuum
633 617 747 672 fere
788 617 1050 688 scriptum
1088 629 1189 684 est,
1219 622 1367 690 quod
1400 620 1685 676 Pletbonis
1717 621 1791 675 De
1833 620 2142 674 differentia
2177 613 2469 674 Platonicae
2513 629 2678 689 atque
2739 621 3103 676 Aristotelian
3138 621 3501 690 philosorihia;

263 704 518 773 opposuit
548 703 688 759 libro
725 711 781 761 et
827 685 939 776 quo
966 685 1320 763 Aristotelem
1367 719 1566 763 contra
1632 709 1783 762 illum
1831 708 2100 764 defendit.
2151 708 2493 778 Impugnavit
2544 685 2602 760 id
2659 708 2838 776 ipsum
2910 706 3076 762 Mich.
3138 685 3507 779 Apostolins:

262 791 418 860 cujus
444 807 574 847 vero
608 795 970 851 temeritatem
1013 796 1253 866 graviter
1287 796 1537 867 coarguit
1599 795 1913 858 Bcssarion,
1965 810 2240 866 quemque
2290 795 2491 864 scripta
2535 811 2634 864 pro
2680 793 2824 850 Gaza
2853 794 3128 864 apologis.
3161 797 3513 853 Andronicus

261 877 534 946 Callistus,
583 880 909 948 confutavit,
937 887 1006 938 de
1036 898 1168 954 quo,
1204 884 1258 937 in
1284 883 1454 954 hujus
1487 892 1543 939 et
1575 883 1844 954 Apostolii
1865 884 1988 940 Vita
2021 883 2176 953 plura
2215 881 2485 939 dicemus.

321 991 516 1061 Juvat,
545 1005 669 1066 post
719 1011 784 1051 ea
817 1013 938 1067 quae
964 996 1032 1052 de
1065 995 1225 1053 Gazae
1263 1009 1426 1067 atque
1456 997 1811 1069 Trapezuntli
1865 998 1974 1057 vita
2011 1007 2068 1053 et
2118 996 2340 1066 sculptis
2385 998 2632 1068 exposita
2684 1007 2835 1061 sunt,
2870 997 3076 1054 intueri
3127 996 3513 1056 incredibilem

264 1082 606 1164 varietatem,
640 1099 748 1154 qua
776 1084 832 1140 hi
867 1085 1164 1160 duumviri.
1198 1087 1476 1140 cou'itnnni
1523 1091 1700 1157 gentis
1729 1097 1878 1153 ortu,
1912 1088 2335 1156 studiorumque
2361 1091 2623 1143 societate
2655 1089 2981 1158 ;conjnncti,
3046 1087 3219 1142 animi
3274 1103 3515 1158 propen-

267 1167 539 1235 sionibus,
590 1182 704 1226 tum
737 1173 1012 1239 moribus,
1050 1172 1270 1227 fortuna
1308 1182 1364 1228 et
1396 1173 1519 1227 vita
1549 1189 1844 1243 rerumque
1873 1177 2024 1230 exitu
2056 1175 2489 1247 distinguuntur.
2529 1177 2666 1233 Erat
2697 1176 3024 1232 Theodorus
3075 1176 3248 1232 sedati
3288 1178 3516 1247 ingenii,

269 1259 576 1328 mentisque
606 1260 926 1329 compositas
950 1269 1006 1314 et
1030 1259 1354 1315 Graecorum
1405 1259 1859 1327 modestissimus,
1915 1263 2009 1332 qui
2049 1278 2231 1318 Secum
2277 1278 2496 1333 seraper
2531 1263 2851 1318 morabatur
2895 1272 2954 1320 et
3015 1263 3212 1326 honori
3243 1273 3297 1318 et
3331 1263 3519 1335 gloriae

267 1343 558 1413 prudentia
605 1355 661 1402 et
691 1347 904 1402 ratione
939 1349 1163 1402 modum
1195 1347 1493 1404 statuebat.
1570 1346 1851 1419 Georgius
1899 1366 2046 1414 vero,
2107 1352 2449 1423 prwsidentis
2505 1351 2675 1406 animi
2711 1362 2764 1406 et
2819 1352 3075 1421 projects;
3104 1352 3516 1421 eminentisqne

265 1433 541 1487 interdum
575 1433 816 1489 audacia:
852 1435 1038 1498 homo.
1067 1434 1274 1506 impetu
1302 1445 1359 1490 et
1395 1434 1618 1490 levitate
1652 1435 1792 1489 ultra
1840 1437 1988 1494 vices
2019 1439 2329 1504 ferebatur,
2368 1454 2424 1494 et
2454 1439 2593 1495 nihil
2622 1455 2732 1494 non
2776 1439 2881 1496 nisi
2923 1456 3206 1510 arrogans,
3258 1440 3513 1496 eminere

265 1535 482 1590 semper
507 1521 783 1576 studebat.
811 1521 1056 1594 Uterque
1081 1539 1322 1595 magnus
1357 1523 1503 1578 in'ter
1568 1523 1818 1578 eruditos
1859 1526 2036 1583 videri
2093 1528 2330 1593 volebat,
2381 1527 2470 1582 ille
2519 1527 2574 1581 in
2627 1527 2852 1582 Graecia:
2906 1529 3141 1598 pariter,
3197 1539 3364 1598 atque
3413 1527 3522 1581 llo-

268 1623 442 1665 manae
466 1610 1096 1683 litteraturazprzesidiis
1133 1611 1378 1677 innixus,
1417 1611 1509 1666 hic
1562 1613 1797 1668 nimium
1837 1612 2039 1684 ingenii
2083 1611 2324 1666 facultati
2379 1611 2576 1674 fidens,
2617 1622 2672 1666 et
2702 1612 3091 1681 intempestiva
3123 1620 3291 1681 parta:
3323 1613 3514 1683 c0gni-

269 1697 434 1752 tionis
464 1700 822 1768 persuasione
846 1700 1102 1766 inﬂatus,
1127 1700 1217 1754 ille
1247 1699 1314 1754 ad
1345 1698 1626 1755 edendum
1664 1702 1812 1771 quod
1866 1708 2272 1756 commentatus
2313 1707 2455 1763 erat,
2518 1699 2756 1764 tardior,
2806 1699 3157 1754 emendando
3191 1700 3338 1770 quod
3387 1698 3525 1754 seri»-

267 1793 467 1855 pserat,
499 1802 781 1857 nunquam
813 1787 1062 1843 defessus
1095 1805 1112 1854 ;
1143 1787 1236 1841 hic
1268 1787 1535 1857 praecipiti
1595 1787 1945 1845 festinatione
1989 1787 2192 1842 crudos
2249 1801 2398 1856 saepe
2446 1786 2668 1841 labores
2723 1787 2776 1840 in
2826 1787 3108 1855 publicum
3165 1787 3520 1858 protrudens,

265 1888 626 1944 errorumque
659 1875 1200 1944 quibus-implicitus
1243 1885 1362 1930 erat
1393 1884 1577 1930 tenax.
1622 1873 1763 1929 Tum
1790 1889 1928 1929 vero
1953 1871 2380 1942 Trapezuntius,
2433 1873 2662 1926 multum
2691 1871 2924 1943 agendo,
2960 1874 3193 1928 multum
3220 1877 3478 1944 peccabat
3508 1892 3524 1930 :

267 1965 434 2029 Gaza,
469 1978 642 2035 pauca
675 1964 990 2020 exhibendo
1043 1981 1234 2036 magna
1264 1965 1430 2020 dabat
1484 1982 1498 2020 :
1551 1961 1663 2029 hic,
1713 1964 1909 2020 Graece
1952 1961 2324 2025 doctissimus,
2369 1950 2613 2040 linguam
2657 1959 2956 2027 Quiritium
3018 1963 3257 2030 graviter
3309 1965 3522 2019 excole-

282 2053 394 2117 bat,
416 2053 520 2108 ille
571 2051 628 2106 in
662 2051 837 2122 patria
865 2050 1048 2122 lingua
1074 2052 1381 2124 peregrina:
1424 2053 1674 2123 praesidia
1713 2050 2035 2108 collocabat.
2082 2046 2332 2119 Uterque
2385 2047 2625 2102 rhetoris
2667 2063 2960 2117 personam
3007 2066 3136 2105 cum
3167 2050 3330 2106 laude
3361 2055 3530 2107 susti-

271 2141 456 2204 nebat,
513 2138 657 2194 Gaza
725 2148 932 2204 autem,
994 2139 1214 2196 dicendi
1249 2143 1307 2196 vi
1357 2155 1423 2196 ae
1470 2141 1756 2212 gravitate,
1805 2156 1916 2196 non
1982 2137 2360 2207 Aphthonium
2410 2135 2775 2192 Theonumve
2833 2138 3152 2208 quemdam.
3192 2139 3288 2194 sed
3349 2141 3526 2210 ipsqu

271 2225 694 2281 Demosthenem
750 2225 985 2282 reddere
1011 2227 1335 2283 videbatur.
1398 2227 1450 2282 Is
1477 2228 1684 2284 nullius
1732 2226 1925 2282 laudes
1969 2227 2241 2288 tentabat,
2293 2235 2350 2280 et
2397 2241 2552 2280 suam
2603 2226 2710 2280 sibi
2768 2229 2997 2297 gloriam
3060 2230 3265 2284 virtute
3313 2238 3370 2283 ct
3433 2233 3530 2283 ho-

273 2323 483 2369 nestate
533 2314 729 2382 agendi
771 2314 1165 2386 comparabat:
1218 2313 1629 2384 Trapezuntius
1673 2313 1924 2369 eruditos
1966 2313 2187 2383 injuriis
2224 2313 2549 2378 lacessebat,
2600 2321 2656 2368 et
2703 2314 2922 2369 laudem
2971 2315 3369 2370 obtrectatione
3407 2329 3531 2385 par-

271 2410 384 2455 tam
419 2401 663 2456 ultorum
693 2401 904 2457 virtute
937 2401 1250 2458 amittebat.
1287 2401 1601 2456 Amicitiam
1651 2400 1795 2455 alter
1821 2400 2022 2467 cilicio,
2066 2401 2304 2456 utilitate
2333 2400 2475 2455 alter
2519 2401 2874 2456 metiebatur.
2907 2402 3065 2456 ilnnc
3095 2411 3281 2470 patriae
3309 2405 3527 2482 puduit.

272 2488 363 2545 ille
401 2504 600 2546 amore
638 2504 768 2545 vero
817 2489 1068 2545 eamdem
1123 2499 1449 2560 prosecutus
1483 2498 1587 2552 est,
1635 2503 1807 2558 seque
1848 2487 1919 2544 ab
1981 2489 2077 2542 illa
2123 2488 2233 2542 dici
2271 2503 2491 2557 semper
2552 2487 2746 2541 voluit.
2797 2488 3230 2557 Trapezuntinm
3284 2491 3530 2555 fortuna,

269 2584 464 2646 sponte
492 2587 812 2644 consecuta,
848 2577 959 2632 cito
994 2577 1282 2634 deseruit:
1333 2577 1559 2640 Gazam,
1610 2577 1826 2630 tardius
1889 2577 2111 2646 quidem
2166 2577 2477 2639 conciliata,
2530 2575 2750 2646 longius
2799 2575 2958 2630 fovit.
3023 2576 3328 2647 Utrumque
3373 2592 3527 2631 com-

271 2679 438 2721 mune
469 2665 642 2720 fatum
677 2667 851 2736 patria
882 2666 1082 2722 cedere
1114 2665 1336 2736 coegit.“
1391 2666 1488 2723 sed
1520 2666 1752 2720 alterum
1771 2668 2061 2735 perpetuis
2085 2666 2196 2736 egit
2227 2665 2533 2727 erroribus,
2577 2673 2657 2728 et,
2693 2673 2752 2716 ut
2783 2664 2927 2719 inter
2960 2666 3280 2734 peregrinos
3309 2680 3529 2737 seraper

276 2755 746 2826 peregrinaretur,
779 2757 964 2812 effecit
995 2773 1016 2823 ;
1045 2757 1206 2811 alteri
1253 2769 1434 2810 autem
1491 2757 1640 2810 inter
1690 2757 2028 2824 alienigenas
2078 2754 2268 2823 patriae
2304 2751 2574 2807 beneficia
2613 2751 2876 2810 reddidit.
2933 2754 3337 2824 Trapeznntius
3370 2755 3531 2808 deni-

267 2863 376 2920 que
421 2848 624 2904 misere
678 2847 834 2915 vixit,
889 2848 1045 2918 pejus
1107 2858 1359 2901 mortuus
1405 2854 1532 2901 est:
1585 2844 1731 2899 Gaza
1804 2845 2133 2920 detrimenta
2182 2846 2306 2898 vitae
2367 2842 2587 2912 placido
2646 2846 2844 2898 mortis
2922 2855 3124 2913 genere
3180 2845 3530 2908 consolatus,

268 2947 328 2994 et
381 2952 504 2993 cum
553 2935 648 2990 ille
705 2952 874 2992 senex
925 2947 1316 3016 repuerascere
1368 2932 1668 2996 videretur,
1729 2932 2041 2988 hic'virilis
2093 2935 2269 2989 mtatis
2311 2935 2553 3006 vigorem
2607 2934 2673 2988 ad
2717 2948 3020 2991 extremam
3059 2949 3230 3005 usque
3279 2945 3535 2992 senectu-

269 3036 379 3082 tem
411 3026 675 3081 servavit.

333 3133 452 3206 (ξε)
488 3135 609 3190 Vid.
641 3133 866 3197 Hodius,
899 3148 956 3205 p.
988 3132 1078 3188 ri.

2861 3316 3151 3352 mm...“
3137 3313 3516 3354 1m

274 3319 2397 3363 W—-*m
2415 3341 3151 3354 mm--¢—ra—

1564 3343 1950 3354 ...συ-ἡ...-

957 3507 1863 3702 ΘΕΟΔΩΡΟΥ

1973 3505 2324 3639 ΤΟΥ
2398 3507 2847 3639 ΓΑΖΗ

1365 3755 1602 3842 ΚΥΝ
1609 3752 1748 3840 ΟΣ
1820 3752 2446 3842 ΕΓΚΩΜΙΟΝ.

1070 4124 2069 4282 THEODORI
2183 4083 2751 4280 GAZ/E

1373 4363 1984 4524 LAUDA’IIO
2058 4409 2442 4500 CANIS.

1259 4615 1412 4677 (Aug.
1441 4613 1530 4663 uai
1555 4611 1682 4664 Bibl.
1708 4593 1846 4663 Nora
1867 4614 2092 4670 Ραινκηι,
2114 4619 2229 4660 tom.
2264 4612 2369 4662 vn.
2405 4624 2452 4672 p.
2472 4610 2607 4674 νοτ.)

353 4929 427 4980 α’.
441 4921 589 4994 Ἐγὼ
629 4921 752 4995 μιν,
788 4916 834 4976 ὦ
874 4920 1008 4990 ἄνιρ
1039 4917 1416 4990 λαμπρότατε,
1447 4917 1665 4983 ξύνοιδα
1694 4895 1863 4987 spag-

2049 4917 2099 4971 l.
2139 4915 2425 4986 Equidem,
2470 4913 2553 4968 vir
2589 4913 2978 4975 illustrissime,
3016 4911 3260 4980 intelligo
3295 4910 3545 4980 peregri-

273 5015 357 5088 τῷ
382 5016 535 5083 ξένον
565 5031 621 5070 τι
667 5017 762 5069 καὶ
813 5011 1305 5084 παρηλλαγμὲνον,
1341 5010 1471 5074 ἴσως
1505 5011 1562 5063 δὲ
1613 5012 1708 5065 καὶ
1738 5010 1862 5064 ἄτο-

275 5123 384 5161 πον
429 5105 697 5170 ποιοῦντι,
755 5105 840 5160 ὅτι
891 5104 1003 5158 τῶν
1036 5103 1212 5156 ἄλλων
1263 5102 1332 5156 τὰ
1384 5100 1479 5156 ὑπ’
1535 5103 1716 5156 αὐτῶν
1748 5104 1864 5165 τοῖς

278 5198 462 5270 φίλοις
507 5198 842 5269 πεμπόμενα
889 5197 1042 5266 δῶρα
1075 5193 1458 5259 εὐτιλιζόντων
1512 5209 1571 5247 τε
1603 5194 1697 5246 καὶ
1731 5195 1866 5248 ἁπο-

279 5289 719 5361 σμικρυνόντων,
773 5286 886 5356 ἐγὼ
918 5285 1229 5340 τούναντίον
1273 5283 1462 5350 αὔξειν
1510 5285 1604 5339 καὶ
1634 5286 1866 5353 κοσμεῖν

277 5381 548 5454 ιπιχειρῶ
572 5399 586 5414 ·
618 5383 768 5452 ὅμως
797 5380 854 5433 δὲ
877 5378 1003 5434 οὔτε
1025 5376 1468 5450 παραδείγματος
1495 5378 1710 5446 ἀπορῶ,
1734 5377 1860 5430 οὔτε

278 5473 510 5543 εὐλόγου
553 5471 925 5542 προφάσεως·
971 5469 1328 5540 παράδειγμα
1377 5469 1477 5538 μὲν
1512 5468 1862 5538 ποιούμενος,

277 5566 344 5624 οὐ
375 5568 469 5622 τὸν
503 5547 737 5638 τυχόντα
764 5564 1077 5636 ἄνθρωπον,
1110 5562 1209 5632 οὐχ
1241 5561 1341 5615 ἕνα
1386 5559 1495 5615 τῶν
1528 5559 1761 5628 πολλῶν,
1801 5563 1864 5616 οὑ

279 5659 374 5716 τὸν
405 5659 588 5732 ὀλίγον
640 5658 813 5726 ἄξιον,
854 5657 992 5714 ἀλλὰ
1026 5656 1114 5711 τὸν
1147 5657 1212 5710 vi
1262 5671 1322 5710 τι
1372 5653 1566 5726 πρῶτα
1603 5655 1714 5714 τῶν
1742 5653 1865 5710 καθ’

1967 5009 2259 5079 numquid
2307 5018 2364 5063 et
2392 5007 2700 5068 insolitum,
2749 5005 2981 5060 foi'tassc
3014 5005 3178 5060 etiam
3224 5004 3544 5065 absurdum,

1968 5117 2055 5155 me
2091 5101 2293 5164 facere,
2322 5101 2451 5170 quia
2483 5099 2613 5153 dum
2634 5099 2724 5153 alii
2759 5097 2922 5153 missa
2949 5113 2978 5150 a
3003 5113 3062 5152 se
3088 5099 3153 5151 ad
3181 5099 3389 5152 amicos
3407 5099 3548 5152 dona

1971 5193 2299 5263 deprteliant
2323 5205 2377 5248 et
2406 5193 2589 5246 verbis
2619 5198 2938 5254 extenuant,
2969 5203 3069 5259 ego
3086 5198 3276 5243 contra
3307 5189 3551 5256 magnifi-

1966 5304 2092 5343 care
2148 5291 2516 5343 ct'cxornare
2579 5285 2890 5358 aggredior.
2932 5285 3097 5354 Atqui
3145 5299 3249 5338 nec
3298 5285 3554 5355 exemplo

1971 5383 2133 5453 hujus
2183 5383 2260 5435 rei
2294 5395 2477 5445 careo,
2529 5395 2632 5433 nec
2677 5378 2950 5449 probabili
3001 5380 3256 5433 obtentu.
3291 5379 3556 5446 Exemplo

1971 5475 2191 5544 quidem
2230 5473 2364 5527 mihi
2395 5483 2498 5537 est,
2533 5486 2640 5525 non
2668 5471 2902 5541 quilibet
2927 5471 3115 5533 homo,
3141 5486 3248 5526 non
3275 5471 3342 5526 de
3367 5472 3555 5525 multis

1973 5577 2137 5623 unus.
2186 5560 2281 5615 sed
2321 5559 2366 5615 is
2400 5560 2491 5630 qui
2549 5558 2843 5630 primatum
2882 5560 3210 5615 eruditionis
3243 5561 3387 5616 inter
3426 5578 3555 5616 con-
3621 5599 3626 5602 -

1975 5666 2362 5724 temporaneos
2413 5667 2543 5712 suos
2594 5653 2754 5724 gerit,
2804 5661 2861 5709 et
2919 5652 3208 5724 imperium
3258 5655 3557 5710 maximum
