3902 6208
418 304 523 371 9η

1684 299 2080 361 THEODORI
2123 296 2339 360 GAZ/E

3418 312 3427 322 -
3522 262 3613 350 9'9.

417 420 717 479 festinandi
771 420 995 475 minime
1031 418 1268 489 indigus,
1316 417 1695 473 demonstrare
1725 431 1789 469 ac
1838 414 2002 468 latius

2115 412 2183 483 μὴ
2228 412 2482 467 σπεύδειν
2528 408 2878 482 ὡρμημένος,
2924 407 3098 473 δεῖξαι
3125 407 3242 459 ικαὶ
3285 404 3508 470 διεξιέναι

415 529 718 585 exponere,
759 514 1037 582 quomodo
1074 512 1280 565 omissa
1332 511 1619 563 venatione
1668 505 1851 560 omnia
1903 504 1996 559 fie-

419 614 543 660 rent
576 604 734 674 plena
768 603 1033 668 ferarum,
1063 618 1185 672 quae
1216 599 1534 654 hominibus
1564 597 1701 651 male
1727 598 1994 653 facerent,

415 704 473 748 et
503 694 561 747 in
599 692 833 747 urbibus
861 692 1081 745 clausos
1108 690 1465 755 obsiderent;
1493 704 1523 742 a
1550 688 1751 757 quibus
1780 686 1997 739 cunctis

421 784 787 840 incommodis
815 783 1197 838 vcnaticorum
1228 797 1427 836 canum
1464 796 1567 851 ope
1601 780 1924 834 liberamur.

493 879 552 932 5.
586 876 870 943 Quodnam
906 890 1069 946 porro
1094 875 1292 929 animal
1321 882 1404 929 est
1433 871 1792 928 custodiendo
1819 869 1998 938 aptius

419 985 582 1039 quam
622 968 795 1033 canis,
836 970 1026 1037 reique
1064 967 1369 1021 commissae
1408 962 1691 1018 servanda:
1732 959 1999 1015 ﬁdelius?

424 1062 719 1131 Propterea
769 1060 917 1115 enim
962 1070 1019 1114 et
1058 1059 1317 1129 gregibus
1365 1073 1462 1111 eos
1508 1055 1855 1125 przelicimus,
1902 1049 1997 1121 qui

424 1153 645 1224 quidem
701 1144 825 1205 illos
871 1149 940 1204 ad
987 1165 1186 1220 pascua
1237 1148 1482 1203 educunt
1529 1156 1583 1201 et
1635 1145 1997 1216 prannittunt,

422 1244 845 1313 prmiiiissosque
891 1244 1236 1306 custodiunt,
1269 1252 1325 1296 et
1355 1239 1659 1296 custoditos
1706 1239 1771 1291 ad
1817 1233 2001 1291 caulas

425 1337 692 1391 reducunt
728 1355 739 1389 :
771 1335 969 1391 ovibus
998 1335 1292 1400 mansueti,
1318 1334 1458 1403 lupis
1491 1330 1784 1396 terribiles,
1810 1342 1998 1400 pasto-

426 1429 583 1483 ribus
628 1428 972 1482 obedientes.
1010 1427 1077 1481 Et
1128 1427 1264 1481 vivis
1306 1428 1531 1497 quidem
1569 1423 1818 1487 canibus,
1854 1421 2000 1477 baud

428 1522 711 1589 attingenl.
744 1534 935 1589 greges
975 1519 1126 1588 lupi;
1172 1520 1403 1573 mortuis
1437 1528 1641 1585 autem,
1687 1518 1834 1571 illico
1865 1515 2003 1570 dila-

426 1610 719 1664 cerabunt.
753 1610 933 1675 Quare
974 1622 1028 1663 et
1069 1610 1146 1664 illi
1175 1610 1394 1680 :esopici
1431 1610 1540 1679 lupi
1587 1610 1733 1679 pacis
1773 1609 2003 1663 societa-

429 1702 610 1769 tisquc
642 1700 820 1755 lanius
856 1701 1117 1771 gregibus
1148 1700 1471 1765 offerebant,
1508 1700 1808 1754 dummodo
1845 1714 2004 1769 aspe-

428 1808 518 1845 ros
550 1792 671 1845 illos
722 1807 784 1845 ac
835 1807 1009 1846 szevos
1049 1802 1106 1846 et
1161 1792 1370 1846 invisos
1419 1782 1744 1848 eanes‘sibi
1792 1791 2010 1846 deditos

427 1883 756 1936 traderent:
790 1883 961 1951 probe
1011 1883 1190 1952 gnari,
1234 1883 1280 1937 si
1323 1883 1410 1937 bis
1453 1883 1783 1953 potirentur,
1818 1898 2011 1953 greges

428 1975 549 2029 sine
600 1974 710 2027 ullo
758 1974 946 2028 labore
988 1974 1043 2027 in
1092 1973 1339 2045 ipsorum
1375 1982 1696 2044 potestatem
1731 1975 2010 2030 redactum

432 2066 523 2119 iri.
558 2064 677 2118 lam
724 2080 825 2119 cur
857 2064 954 2120 tibi
993 2080 1216 2121 narrem
1249 2066 1319 2121 de
1360 2067 1454 2122 illo
1498 2066 1767 2138 Capparo,
1804 2068 1885 2122 vel
1918 2084 2015 2137 po-

435 2159 547 2211 tius
576 2156 646 2211 de
685 2156 781 2211 illo
813 2155 995 2213 dicam
1029 2158 1217 2228 templi
1248 2156 1551 2228 Aisculapii
1580 2159 1851 2214 custode?
1877 2159 2015 2214 Nam

432 2262 558 2301 eum
598 2247 784 2317 praedo
820 2249 1045 2315 quidam
1076 2249 1376 2318 sacrilegus
1406 2251 1545 2303 clam
1584 2249 1866 2320 ingressus
1894 2267 2016 2321 pre-

433 2339 729 2395 tiosissima
766 2356 1001 2410 qmeque
1053 2339 1320 2406 auferret,
1371 2342 1527 2395 canis
1576 2342 1798 2411 quidem
1847 2357 2012 2412 quam

434 2434 767 2489 validissima
796 2449 925 2489 voce
954 2434 1247 2489 allatrabztt
1277 2452 1292 2490 :
1318 2450 1511 2490 verum
1540 2436 1759 2491 aedituis
1789 2438 2016 2492 minime

432 2527 790 2596 experrectis,
837 2529 933 2580 sed
970 2527 1211 2596 praadoni
1252 2528 1489 2597 spatium
1527 2527 1773 2599 fugiendi
1815 2544 2016 2584 conce-

435 2619 717 2685 dentibus,
761 2618 877 2689 ipse
908 2618 1224 2689 prtedonem
1257 2630 1581 2690 persecutus
1611 2632 1694 2675 est
1732 2637 1909 2692 neque
1945 2622 2015 2676 ab

433 2727 502 2766 eo
536 2726 775 2780 unquam
824 2710 1057 2766 destitit.
1125 2711 1628 2767 Postridie-antem
1661 2724 2016 2770 occurrentes

435 2803 679 2874 singulos
726 2802 927 2858 blande
970 2802 1305 2873 excipiebat,
1358 2803 1667 2873 praedonem
1715 2820 1847 2859 vero
1885 2805 2017 2860 alla-

436 2894 636 2959 trabat,
668 2903 724 2949 et
758 2904 922 2949 noctu
946 2910 1166 2966 quoque
1200 2894 1578 2950 insectabatur
1606 2910 1621 2948 :
1654 2895 1833 2950 donec
1864 2897 2016 2952 missi

434 2984 503 3039 ad
545 2985 936 3056 inquirendum
981 3000 1133 3040 reum
1184 2984 1461 3048 homines,
1510 2985 1695 3039 audita
1741 2986 1795 3040 in
1831 2987 1916 3041 via
1948 2987 2017 3042 de

436 3078 590 3133 canis
643 3078 861 3149 negotio
905 3077 1193 3144 relatione,
1236 3078 1552 3148 praedonem
1607 3090 1905 3149 ceperunt,
1959 3091 2017 3135 et

437 3178 559 3238 post
587 3183 646 3223 se
681 3168 959 3224 trahentes
984 3169 1228 3224 Athenas
1251 3168 1597 3225 deduxerunt
1625 3188 1639 3224 :
1668 3187 1832 3241 quem
1863 3172 2015 3228 canis

436 3260 593 3315 valde
627 3260 820 3314 hilaris
849 3261 1206 3329 sequebatur,
1240 3262 1544 3332 traphazum
1568 3264 1740 3318 veluti
1768 3264 1837 3321 de
1863 3265 2019 3321 boste

438 3367 627 3421 agens,
663 3353 1039 3422 spectaculum
1070 3354 1349 3424 egregium
1380 3370 1445 3408 ac
1480 3354 1792 3411 videntibus
1817 3356 2017 3426 jucun-

435 3445 726 3500 dissimnm
764 3445 1053 3500 exhibens.
1091 3446 1459 3513 Quamobrem
1494 3446 1861 3503 Athenienses
1892 3448 2017 3503 cani

439 3536 658 3607 publica
697 3537 956 3591 alimenta
998 3537 1389 3603 decreverunt,
1419 3538 1642 3595 aedituis
1673 3548 1733 3594 ut
1770 3539 1891 3610 ejus
1923 3554 2018 3595 cu-

436 3646 552 3683 ram
584 3637 839 3698 gererent
868 3628 1062 3682 manda
1076 3637 1219 3684 ntes.

504 3738 562 3793 6.
608 3739 731 3793 lla'e
777 3746 1042 3808 reputans
1089 3737 1311 3795 divinus
1363 3740 1453 3797 ille
1500 3741 1675 3805 Plato.
1723 3742 1855 3798 dum
1901 3743 2021 3799 idon

438 3845 603 3884 neum
634 3830 871 3898 aliquem
901 3829 1292 3898 pulcherrima:
1319 3847 1432 3887 suze
1462 3834 2019 3906 stupendissimaaque

437 3921 650 3975 civitati
685 3919 969 3990 imponere
1013 3923 1298 3978 custodem
1345 3936 1637 3995 quareret,
1688 3943 1796 3981 non
1830 3928 2020 3983 habuit

441 4010 586 4064 unde
615 4009 773 4065 aliter
799 4010 1089 4080 imaginem
1119 4014 1238 4085 ejus
1267 4026 1530 4080 sumeret,
1564 4034 1726 4088 quam
1757 4034 1785 4072 a
1818 4034 2017 4074 canunt

439 4112 659 4156 natura.
703 4101 796 4157 Sic
828 4104 906 4156 ait
942 4105 1126 4174 itaque
1162 4107 1216 4159 in
1267 4105 1601 4177 Reipublicae
1631 4109 1882 4178 dial0gis,
1922 4126 2022 4165 cu-

439 4188 1029 4251 stodemdescribens.
1081 4216 1099 4248 ι
1138 4196 1505 4253 Existimasne
1555 4201 1723 4269 igitur
1766 4203 2018 4271 generosi

440 4286 608 4340 catuli
663 4295 721 4341 et
772 4286 972 4342 nobilis
1025 4288 1389 4343 adolescentis
1451 4299 1727 4356 naturam,
1780 4294 1846 4348 ad
1907 4294 2019 4349 vim

440 4376 786 4433 custodiendi
827 4378 974 4449 quod
1024 4380 1239 4442 attinet,
1275 4380 1540 4436 dill‘crre?
1565 4383 1703 4449 Quid
1730 4385 1850 4438 ais?
1878 4384 2021 4440 Con.

442 4477 840 4526 senta-eumue
885 4472 957 4525 sit
998 4472 1256 4528 videlicet
1298 4482 1550 4528 naturam
1602 4476 1893 4544 utriusque
1930 4492 2022 4531 va-

442 4561 577 4623 lere,
612 4571 671 4615 et
702 4560 770 4616 ad
801 4576 1022 4617 sensum
1045 4579 1170 4618 esse
1198 4580 1474 4636 sagacem.
1500 4576 1554 4621 et
1579 4568 1821 4622 velocem
1856 4568 2022 4640 atque

439 4648 752 4718 expeditam
788 4649 855 4704 ad
897 4650 947 4705 id
985 4651 1131 4721 quod
1189 4654 1427 4708 sentitur
1465 4658 1930 4725 persequendum.
1964 4667 2021 4712 et

444 4752 626 4797 tamen
659 4743 923 4805 validam,
968 4746 1014 4799 si
1049 4760 1188 4815 opus
1225 4745 1411 4811 fuerit,
1444 4748 1510 4801 ad
1544 4748 1963 4804 dimicandum?
1996 4766 2015 4799 ι

445 4833 514 4886 Et
544 4832 706 4903 paulo
735 4843 860 4903 post
896 4851 910 4889 :
950 4854 967 4886 ι
1004 4836 1146 4907 Erga
1181 4848 1342 4893 notos
1377 4838 1602 4907 quidem
1633 4850 1689 4893 et
1720 4840 2021 4895 familiares

444 4933 574 4978 sunt
620 4940 882 4996 perquam
937 4929 1206 4984 mansueti
1260 4930 1495 5000 (canes)
1546 4951 1559 4985 :
1601 4947 1728 5002 erga
1783 4933 2021 5002 ignotos,

445 5019 595 5071 saevi.
637 5017 772 5074 Novi
820 5022 1127 5077 enimvero.
1170 5021 1286 5079 lloc
1329 5037 1498 5095 ergo,
1540 5024 1785 5094 inquam,
1834 5027 2023 5097 hujus-

444 5106 593 5161 modi
638 5119 747 5169 est.
781 5120 841 5165 ut
886 5111 1000 5165 fieri
1036 5111 1207 5179 possit
1247 5114 1577 5176 commode;
1611 5131 1789 5185 neque
1822 5125 2019 5185 praeter

446 5207 722 5261 naturam,
750 5199 912 5254 talem
944 5204 1230 5257 custodem
1271 5203 1686 5274 investigamus.
1718 5204 1835 5259 Non
1866 5205 2020 5281 vide-

446 5299 557 5344 tur.
595 5288 789 5347 Nonne
817 5302 873 5348 et
918 5294 1142 5364 insuper
1172 5296 1275 5351 hoc
1309 5295 1527 5351 videtur
1557 5297 1803 5368 indigere
1850 5299 1897 5354 is
1925 5303 2019 5370 qui

358 5418 367 5421 -
444 5379 765 5449 dignitatem
792 5397 1193 5441 consecuturus
1222 5397 1327 5452 est,
1360 5398 1420 5442 ut
1451 5399 1649 5459 praeter
1674 5403 1838 5460 quam
1872 5392 2017 5461 quod

446 5475 746 5530 iracundus
778 5492 899 5532 esse
927 5477 1148 5543 debeat,
1176 5489 1369 5535 natura
1410 5496 1633 5552 quoque
1662 5483 1844 5550 sagaci
1879 5498 2019 5551 prae-

442 5564 594 5621 ditus
637 5567 1112 5636 sitlQuomodo?
1144 5572 1357 5643 inquit;
1409 5589 1516 5628 non
1566 5574 1713 5629 enim
1753 5573 2017 5646 intelligo.

521 5682 602 5749 (l)
641 5682 699 5736 lit
726 5685 969 5740 editione
996 5686 1069 5741 cl.
1108 5687 1283 5741 Furia:
1312 5687 1422 5742 fub.
1455 5687 1636 5743 CCXI.

521 5687 571 5749 (l
641 5687 699 5736 In
726 5687 969 5740 editione
996 5687 1069 5741 cl.
1108 5687 1283 5741 Furia:
1312 5687 1422 5742 fab.
1455 5687 1636 5743 CCXI.

521 5687 602 5822 (εἰ
643 5751 718 5806 Ex
746 5753 1063 5824 Plutarcho,
1102 5759 1177 5810 De
1204 5760 1516 5813 auiiuar'ium
1547 5760 1787 5814 colonia.

2106 506 2232 557 ἄνευ
2268 504 2441 574 θήρας
2481 502 2657 573 μεστά
2685 496 2755 573 ἦν
2808 501 3025 554 ἅπαντα
3065 498 3272 568 θηρίων
3302 498 3412 560 τοὺς
3444 498 3609 565 ἀνθρώ·

2105 616 2240 661 πους
2266 596 2744 667 κακουργούντων,
2769 597 2862 650 καὶ
2886 590 3433 660 κατακεκλασμένους
3451 593 3500 642 ὲν
3520 592 3613 652 ταῖς

2106 691 2295 744 πόλεσι
2330 691 2787 760 πολιορκούντων,
2823 682 2898 744 ὦν
2930 688 3191 742 ἀπάντων
3215 685 3301 739 διὰ
3342 685 3440 737 τῶν
3466 683 3612 737 κυνῶν

2108 786 2201 836 καὶ
2225 785 2327 853 τῆς
2360 784 2697 853 κυνηγεσίας
2729 780 3155 851 ἀπηλλάγμεθα.

2179 872 2235 931 ε’.
2269 875 2335 929 Τί
2368 876 2425 928 δὲ
2477 875 2618 939 ζῶον
2666 874 2847 927 κυνῶν
2880 867 3376 943 φυλακτικὼτερον,
3421 867 3504 920 καὶ
3538 866 3615 936 τὴν

2108 967 2585 1038 παρακαταθήκην
2631 965 2941 1021 ἀποδιδόναι
2989 963 3339 1031 πιστότερονς
3383 961 3472 1011 Διά
3496 956 3617 1011 τοῦτο

2108 1060 2217 1130 γὰρ
2247 1061 2355 1114 τῶν
2401 1061 2613 1127 ἀγελῶν
2645 1060 2986 1130 προῖσταμεν
3035 1056 3258 1119 αὐτοὺς,
3287 1054 3377 1107 καὶ
3408 1051 3492 1113 τὰς
3515 1048 3617 1116 ἀγί-

2108 1152 2203 1216 λας
2236 1152 2393 1205 αὐτοὶ
2427 1155 2507 1215 είς
2560 1152 2732 1222 νομὴν
2779 1149 3064 1219 ἐξάγουσι,
3112 1148 3210 1201 καὶ
3262 1144 3647 1216 προπέμπουσα,

2110 1244 2562 1316 προπεμφθείσας
2585 1245 2642 1299 δὲ
2666 1245 3017 1314 φυλάττουσι,
3040 1239 3395 1311 φυλαχθεὶσας
3416 1238 3466 1291 δὲ
3483 1238 3619 1289 όπίσω

2110 1336 2294 1390 οίκαδε
2350 1336 2582 1403 ἄγουσι·
2631 1339 2745 1399 τοῖς
2791 1336 2891 1407 μὲν
2924 1334 3221 1405 προϐάτοις
3267 1332 3426 1401 ἡπιοι,
3467 1332 3557 1391 τοῖς
3580 1329 3623 1382 ιι

2108 1428 2295 1492 λύκοις
2327 1428 2574 1499 φοϐεροὶ,
2608 1431 2718 1493 τοῖς
2747 1428 2804 1481 δὲ
2831 1429 3060 1498 ποιμέσι
3097 1424 3357 1496 πειθήνιοι
3380 1440 3394 1454 ·
3419 1424 3502 1477 καὶ
3518 1424 3623 1485 ζὼν·

2110 1540 2220 1575 των
2256 1522 2353 1593 μὲν
2379 1521 2607 1587 τούτων,
2637 1520 2740 1573 οὐκ
2770 1519 2839 1572 ἂν
2867 1518 3104 1588 ἅψαιντο
3132 1516 3282 1569 λύκοι
3304 1513 3503 1583 ἀγέλης,
3525 1514 3625 1565 ἀπο-

2114 1615 2386 1668 θανόντων
2409 1613 2467 1667 δὲ
2489 1614 2698 1683 ταχέως
2729 1612 3037 1666 διέσπασαν
3056 1626 3072 1642 ο
3102 1608 3183 1662 διὸ
3205 1610 3298 1660 καὶ
3322 1608 3366 1659 οί
3394 1606 3624 1658 uictimam:

2115 1710 2311 1761 ἐκεῖνοι
2343 1707 2519 1772 λύκοι,
2574 1706 2812 1768 σπονδάς
2842 1707 2935 1757 καὶ
2968 1704 3201 1773 εἰρήνην
3234 1700 3325 1754 καὶ
3364 1697 3628 1767 συμμαχίαν

2041 1772 2085 1832 Β
2117 1806 2231 1867 τοῖς
2264 1801 2543 1871 ποιμνίοις
2588 1799 2930 1872 προῦτεινον,
2967 1772 3057 1865 ἐφ’
3157 1772 3280 1857 τοὺς
3302 1796 3499 1864 τραχεῖς
3520 1790 3628 1843 ὲκεί-

2114 1906 2238 1951 νους
2284 1888 2380 1941 καὶ
2434 1886 2705 1957 σκληροὺς
2754 1886 2848 1940 καὶ
2906 1886 3173 1955 ἀπεχθεῖς
3229 1882 3386 1941 κύνας
3429 1880 3624 1935 ἐκδότους

2114 1981 2290 2033 ποιεῖν
2318 1993 2334 2010 ·
2372 1978 2434 2033 εὖ
2460 1978 2685 2042 ειδότες,
2714 1978 2796 2031 ὅτι
2819 1976 3030 2030 τούτων
3055 1975 3432 2047 κρατήσαντες,
3458 1972 3626 2032 ἀπόνως

2113 2074 2183 2129 τὰ
2216 2074 2466 2145 πρόϐατα
2510 2072 2865 2145 χειρώσονται
2896 2071 3001 2142 (Ι).
3034 2070 3144 2123 Καὶ
3176 2069 3229 2121 τί
3258 2068 3320 2122 ἀν
3354 2082 3425 2119 σοι
3458 2064 3625 2131 λέγοιμι

2112 2166 2206 2219 τὸν
2236 2165 2539 2232 Κάππαρον
2570 2164 2779 2216 ἐκεῖνον
2802 2177 2820 2229 ς
2854 2161 3065 2231 μᾶλλον
3100 2159 3157 2213 δὲ
3190 2157 3241 2212 τί
3269 2158 3362 2223 οὐκ
3388 2158 3445 2210 ἄν
3468 2172 3535 2208 σοι
3560 2153 3625 2205 λί-

2115 2274 2269 2328 γοιμι
2290 2256 2383 2309 τὸν
2401 2246 2618 2325 φύλακα
2636 2255 2729 2308 τοῦ
2748 2254 2853 2307 νεὼ
2871 2253 2967 2307 τοῦ
2989 2250 3320 2323 Ἀσκληπιοῦ
3338 2268 3353 2317 ς
3376 2247 3535 2318 ἐπειδὴ
3552 2246 3627 2315 γὰρ

2118 2349 2395 2419 ἱερόσυλός
2422 2364 2509 2412 τις
2538 2348 2715 2417 λάθρα
2748 2345 3036 2410 εἰσελθὼν,
3073 2345 3242 2400 ἐσύλα
3266 2345 3331 2397 τὰ
3355 2344 3625 2414 τιμιώτατα,

2117 2446 2280 2506 αὐτὸς
2315 2444 2416 2513 μὲν
2460 2442 2585 2495 ὅσον
2612 2441 2797 2511 φωνῆς
2826 2436 2931 2509 ¹ἧκε
2963 2439 3228 2493 ὑλάκτειο
3272 2437 3368 2490 οὐκ
3396 2434 3628 2503 ἐγειρομέ-

2117 2556 2223 2592 νων
2249 2538 2306 2590 δὲ
2350 2535 2461 2589 τῶν
2492 2534 2764 2605 ζακόρων,
2816 2532 2934 2586 ἀλλ’
2965 2530 3385 2602 ἀποδιδράσκειν
3427 2527 3493 2597 τῷ
3525 2527 3628 2593 ἱερο-

2120 2631 2267 2700 σύλῳ
2299 2630 2558 2699 ἀερορμὴν
2602 2626 2935 2690 δεδωκότων,
2984 2625 3187 2693 ἐδίωκε
3234 2623 3323 2677 τὸν
3352 2620 3629 2692 ἱερόσυλονό

2118 2722 2288 2785 κύων,
2325 2718 2580 2771 οὐδέποτε
2613 2715 3051 2787 ἀπολειπόμενος
3085 2710 3250 2769 αὑτοῦ
3278 2727 3293 2743 ⁸
3328 2711 3436 2782 μεθ’
3464 2709 3628 2780 ἡμέραν

2120 2813 2223 2880 μὲν
2268 2812 2397 2875 τοὺς
2442 2810 2529 2864 ἀεὶ
2572 2808 2836 2862 ἑκάστοτε
2869 2807 3239 2870 ἀπαντῶντας
3270 2800 3627 2876 φιλοφρονοὺμι·

2118 2922 2229 2968 νος,
2255 2902 2404 2975 αὐτῷ
2420 2901 2477 2956 δὲ
2505 2901 2584 2973 τῷ
2611 2900 2873 2972 ἱεροσύλῳ
2895 2898 3175 2966 ὑλακτῶν,
3204 2899 3387 2963 νυκτὸς
3404 2898 3453 2951 δὲ
3478 2893 3628 2965 ὁμοίως

2121 2996 2408 3065 ἑπόμενος,
2457 2992 2617 3063 ἀχρις
2650 2990 2712 3046 οὗ
2742 2992 2792 3045 oi
2826 2982 2921 3044 tm
2948 2990 3138 3056 διώξει
3168 2988 3508 3060 πεμφθέντες,
3534 3000 3629 3035 πυνο

2122 3085 2412 3153 θανόμενοι
2457 3083 2580 3138 καθ’
2608 3081 2729 3135 ὁδὸν
2758 3082 2893 3151 περὶ
2936 3080 3036 3134 τοῦ
3072 3079 3256 3147 κυνὸς,
3287 3079 3374 3133 τὸν
3411 3074 3629 3148 ίερόσυλον

2121 3175 2444 3241 κατέλαϐον,
2469 3175 2564 3231 καὶ
2593 3174 2770 3228 ὀπίσω
2795 3174 2876 3237 είς
2905 3172 3149 3245 Ἀθῆνας
3193 3168 3347 3244 ἦγον.
3380 3171 3433 3224 '0
3454 3168 3501 3225 δὲ
3523 3164 3632 3220 κύων

2121 3272 2309 3325 εῐπετο
2357 3270 2503 3340 μάλα
2535 3268 2783 3339 φαιδρὸς,
2813 3267 2889 3329 ὡς
2913 3266 2980 3322 ἀν
3019 3270 3072 3321 εί
3105 3268 3362 3338 τρόπαιον
3401 3263 3493 3319 ἀπὸ
3518 3260 3631 3313 πολι-

2125 3367 2248 3435 μίου
2292 3363 2467 3432 ἄγων,
2505 3363 2687 3431 θέαμα
2739 3361 3029 3416 κάλλιστον
3078 3363 3176 3417 καὶ
3202 3364 3312 3423 τοῖς
3347 3358 3524 3429 ὁρῶσιν
3548 3352 3631 3423 ἠδι-

2124 3470 2252 3509 στον
2280 3454 2563 3525 παρέχων.
2593 3451 2714 3521 Ἐφ’
2744 3446 2789 3523 ᾧ
2830 3453 2880 3505 οί
2909 3452 3196 3525 Ἀθηναῖοι
3243 3452 3319 3522 τῷ
3345 3449 3455 3505 κυνὶ
3482 3443 3629 3515 eme

2124 3563 2289 3601 σαντο
2311 3546 2549 3618 δημοσίᾳ
2575 3549 2744 3613 σῖτον,
2789 3548 2886 3600 καὶ
2919 3545 3268 3615 προσέταξαν
3303 3545 3407 3605 τοῖς
3433 3540 3631 3607 ζακόρνοις

2122 3638 2398 3693 ποιεῖσθαι
2424 3638 2590 3692 αὑτοῦ
2623 3637 2941 3707 ἐπιμέλειαν
2974 3636 3077 3706 (2).

2194 3738 2270 3797 ς’.
2308 3731 2497 3785 Ταῦτα
2542 3730 2889 3800 λογιζόμενος
2940 3732 2969 3783 ό
3008 3731 3289 3801 δαιμόνιος
3322 3728 3503 3787 ἐκεῖνος
3527 3718 3630 3774 Πλά-

2120 3842 2251 3890 των,
2284 3822 2464 3894 ξητῶν
2508 3823 2565 3877 δὲ
2600 3824 2905 3893 ἐπιτήδειόν
2938 3841 3067 3879 τινα
3098 3828 3164 3896 τῇ
3205 3822 3453 3891 καλλίστῃ
3478 3809 3627 3871 ἑαυτοῦ

2122 3918 2216 3971 καὶ
2245 3916 2673 3987 θαυμασιωτάτη
2709 3915 2859 3969 πόλει
2886 3918 3281 3985 ἐγκαθιστάναι
3312 3913 3523 3983 φύλακα,
3553 3905 3626 3959 οὒκ

2123 4005 2268 4082 εἶχεν
2318 4008 2441 4063 ὅθεν
2473 4007 2696 4063 ἄλλοθεν
2730 4007 2918 4061 εἰκόνα
2964 4006 3136 4061 αὑτοῦ
3180 4003 3402 4073 inmani}
3446 3998 3535 4054 ἀπὸ
3556 3992 3629 4056 τῆς

2044 3127 2089 3185 C

2122 4102 2233 4154 τῶν
2284 4098 2461 4154 κυνῶν
2490 4098 2745 4168 φύσεως*
2798 4099 2948 4166 λέγει
2994 4098 3091 4153 οὖν
3123 4099 3182 4151 ἐν
3227 4100 3293 4167 τῇ
3331 4084 3623 4158 nonetiam

2122 4195 2445 4264 διαγράφων
2476 4192 2567 4245 τὸν
2599 4192 2818 4260 φύλακα
2841 4206 2855 4221 ⁸
2888 4210 2907 4243 ι
2942 4192 3061 4245 Οἴει
3091 4187 3186 4245 οὖν
3208 4208 3260 4244 τι
3290 4186 3533 4253 διαφέρειν
3550 4176 3627 4247 iptio

2124 4302 2213 4339 σιν
2245 4284 2496 4354 γενναίου
2526 4283 2820 4347 σκύλακος,
2864 4283 2945 4335 sl:
2980 4282 3252 4354 φυλακὴν,
3288 4278 3537 4351 νεανίσκου
3564 4269 3627 4321 εὖ·

2124 4374 2351 4444 γενοῦςς
2382 4375 2442 4428 τὸ
2468 4376 2620 4429 ποῖον
2642 4374 2862 4444 λέγειςς
2892 4369 3004 4428 οἷον
3030 4374 3161 4440 ὀξύν
3191 4390 3253 4426 τε
3279 4371 3376 4425 ποῦ
3398 4369 3468 4424 δεῖ
3488 4362 3627 4418 αὐτοῖν

2054 4488 2096 4544 ι)
2127 4468 2389 4539 ἑκάτερον
2422 4462 2563 4522 εἶναι
2596 4466 2735 4537 πρὸς
2763 4466 3043 4536 αἴσθησιν,
3078 4467 3173 4519 καὶ
3210 4461 3433 4533 ἐλαφρὸν
3458 4450 3628 4544 spis?)

2122 4560 2516 4630 αἰσθανόμενον
2569 4560 2825 4622 διώκειν,
2878 4557 2975 4611 καὶ
3041 4557 3259 4628 ίσχυρδν
3314 4548 3375 4607 αύ
3432 4551 3514 4601 ἐὰν
3558 4540 3624 4605 δέίὶ

2123 4655 2314 4709 ἑλόντα
2364 4654 2727 4724 διαμάχεσθαι
2752 4670 2767 4718 ς
2797 4652 2907 4705 Καὶ
2956 4646 3318 4721 μετὰμικρόν
3336 4662 3350 4678 σ
3378 4640 3523 4696 Οἶσθα
3546 4638 3624 4724 γάρ

2123 4764 2225 4801 που
2256 4746 2366 4800 τῶν
2404 4748 2670 4815 γενναίων
2694 4747 2896 4809 κυνῶν,
2932 4745 3014 4798 ὅτι
3046 4744 3206 4798 τοῦτο
3234 4741 3385 4813 φύσει
3411 4723 3624 4815 αὐτῶν-τὺ

2120 4835 2271 4909 ἦθος.
2308 4810 2450 4908 Πρδνς
2474 4838 2573 4905 μὲν
2598 4839 2725 4901 τοὺς
2754 4837 3003 4907 συνήθεις
3023 4836 3115 4888 καὶ
3143 4810 3438 4903 γνωρίμους
3457 4822 3519 4883 ὡς
3541 4810 3621 4869 οἷον

2122 4931 2465 5003 πρᾳοτάτους
2506 4925 2687 4984 εἶναι’
2729 4929 2868 4999 πρὸς
2903 4928 2960 4981 δὲ
3003 4928 3132 4992 τοὺς
3176 4923 3417 4993 ἀγνῶτας
3452 4912 3621 5003 τούνανα

2122 4998 2272 5091 τίονς
2328 5018 2448 5077 οἶδα
2479 5024 2695 5093 μέντοι.
2732 4998 2909 5075 Τοῦτο
2961 5020 3063 5088 μὲν
3098 5019 3227 5088 ἀρα.
3264 5011 3328 5085 ἦν
3356 5010 3398 5064 δ’
3422 4998 3623 5093 his?"

2122 5118 2283 5172 νατόν
2305 5135 2318 5150 ο
2352 5118 2446 5171 καὶ
2471 5117 2533 5170 οὐ
2558 5116 2712 5188 παρά
2757 5115 2920 5183 φύσιν
2961 5112 3252 5182 ζητοῦμεν.
3281 5101 3495 5159 τοιοῦτον
3516 5087 3619 5189 alii!

2121 5213 2212 5264 τὶν
2244 5210 2463 5281 φύλακα
2482 5225 2496 5239 ·
2529 5210 2630 5262 οὐκ
2660 5208 2859 5261 ἔοικεν.
2881 5202 3006 5274 'Ap‘
3027 5199 3121 5257 οὖν
3151 5220 3231 5255 σοι
3255 5196 3390 5253 δοκεί
3416 5190 3484 5241 ἔτι
3505 5192 3617 5281 tot”!

2121 5272 2475 5374 προσδεῖσθαι
2520 5304 2548 5355 ό
2607 5298 2910 5370 φυλακικὸς
2958 5272 3243 5365 ἠίσόμενθῖο
3292 5285 3415 5380 “Pb;
3460 5272 3618 5380 τὸμθυῖ

2126 5373 2337 5466 μοειδῆ,
2376 5393 2459 5445 ἔτι
2519 5394 2657 5463 πρὸς
2693 5390 2953 5458 γενέσθαι
3012 5389 3295 5475 φιλόσοφος
3340 5376 3428 5475 τῇ*

2125 5456 2244 5549 im»;
2273 5456 2360 5549 δί.
2394 5486 2538 5555 εφη;
2568 5456 2632 5537 'oo
2681 5456 2789 5551 γὰρ
2816 5456 3141 5567 avos-mi
3172 5473 3340 5567 τοῦτο.
3370 5462 3428 5534 ἦν
3455 5456 3613 5567 δ’)ξῇ

2124 5582 2180 5633 ἐν
2209 5540 2814 5644 τοίςΙκυσὶαατόψειίὸ
2843 5545 3112 5638 salii-Evr;
3160 5562 3416 5632 θαυμάσαι
3443 5545 3520 5601 τοῦ
3545 5540 3615 5608 o‘l'

2196 5692 2272 5763 ('5)
2315 5692 2466 5748 Plato
2505 5689 2579 5745 Dc
2605 5705 2713 5759 rep.
2754 5689 2848 5744 lib.
2884 5705 2939 5755 ιι,
2976 5687 3064 5742 ed.
3101 5685 3189 5739 cit.
3222 5694 3253 5750 p
3303 5671 3412 5727 575.
