3934 6198
431 306 537 411 996

1739 320 2137 392 THEODORI
2176 322 2392 388 ῦΑΖιΕ

3567 310 3646 385 9'96

431 449 574 507 cilia
600 441 1108 513 benevolentiaque
1141 439 1409 510 exempla:
1450 450 1622 510 pauca
1662 454 1691 494 e
1721 438 1906 494 multis
1936 437 2023 492 iu-

2147 433 2310 506 ριλίας
2341 435 2432 488 καὶ
2460 432 2675 496 εὐνοίας
2703 432 2872 488 ὄντων
2897 433 3005 485 τῶν
3025 414 3505 502 παραδειγμάτων,
3525 434 3648 504 ὀλίγα

433 542 678 612 sigmora
727 532 1184 591 memorabimus.
1222 529 1554 603 Lysimacho
1604 530 1758 586 canis
1797 528 2021 584 nomine

432 625 720 699 Hyf'canus
745 621 871 689 fult,
896 619 991 691 qui
1016 633 1143 674 cum
1168 632 1234 673 eo
1263 618 1470 690 pariter
1497 619 1659 675 obiit.
1685 619 1852 675 Canis
1880 618 2023 673 alius

435 732 562 774 cum
593 714 762 771 idiota
789 711 1035 777 homine,
1069 708 1158 766 cui
1199 723 1403 765 nomen
1442 707 1712 783 Pyrrhus,
1746 725 2025 765 commor-

434 824 567 869 tuus
599 816 684 865 est
716 823 730 862 :
761 805 964 863 etenim
996 804 1271 861 exstincto
1302 803 1549 870 domino,
1598 804 1667 859 ab
1701 802 1821 874 ejus
1864 802 2025 859 cada-

314 974 331 981 _
436 911 565 958 vere
586 899 834 957 abstrahi
860 914 971 954 non
996 897 1212 969 potuit;
1236 907 1292 955 et
1314 899 1409 954 illo
1435 898 1491 954 in
1521 912 1714 966 rogum
1745 895 2023 966 imposito,

437 997 590 1053 canis
625 995 679 1049 in
724 993 980 1049 eumdem
1031 992 1265 1058 insiluit,
1319 1006 1558 1063 cumque
1597 1004 1665 1046 eo
1709 988 2027 1045 combustus

439 1102 549 1148 est.
586 1089 754 1145 Caelio
790 1087 1039 1144 Romano
1072 1087 1306 1158 patricio
1332 1086 1486 1142 canis
1523 1100 1624 1141 ceu
1664 1084 1889 1140 domino
1922 1098 2026 1138 suo

439 1183 790 1240 defensorem
856 1196 913 1237 se
969 1181 1225 1251 praebuit,
1280 1193 1638 1251 pugnansque
1694 1184 1861 1248 caput
1909 1176 2029 1249 ejus

441 1275 719 1348 amputari
752 1290 862 1329 non
897 1272 1048 1337 sivit,
1086 1264 1266 1327 donec
1311 1278 1369 1326 et
1403 1271 1516 1341 ipse
1544 1268 1614 1325 ab
1657 1266 2029 1325 interfectori-

439 1370 544 1426 bus
587 1370 732 1424 ictus
777 1364 941 1421 simul
983 1362 1271 1420 occubuit.
1316 1361 1740 1418 Atheniensium
1772 1360 2030 1417 universo

441 1461 647 1533 populo
675 1460 732 1514 in
767 1472 937 1513 naves
980 1453 1411 1520 conscendentc,
1462 1468 1587 1510 cum
1614 1452 1901 1527 Xantippi,
1935 1447 2028 1537 qui

442 1560 599 1623 pater
628 1550 731 1606 fuit
756 1547 1001 1615 Periclis,
1026 1545 1179 1603 canis
1210 1545 1266 1602 in
1296 1546 1479 1627 navim
1512 1544 1839 1601 inscendere
1877 1543 2023 1598 haud

440 1644 735 1715 potuisset,
790 1641 845 1696 in
886 1655 1040 1696 mare
1079 1653 1138 1694 se
1194 1638 1418 1710 deiecit,
1474 1645 1531 1695 et
1582 1637 1707 1693 navi
1760 1636 2030 1692 adnalaus

448 1736 780 1793 Salaminam
820 1751 995 1806 usque
1026 1734 1212 1791 labore
1247 1734 1500 1801 tolerato,
1534 1734 1719 1790 statim
1758 1736 1811 1788 iu
1843 1734 2030 1789 littore

447 1828 764 1898 exspiravit.
789 1827 1036 1897 Pyrrhus
1067 1841 1164 1882 rex
1198 1826 1254 1881 in
1286 1826 1484 1882 itinere
1508 1827 1752 1883 occurrit
1781 1828 1905 1882 caui
1936 1828 2031 1896 qui

448 1920 659 1975 domini
710 1917 967 1974 cadaveri
1016 1918 1071 1972 in
1119 1918 1204 1973 via
1258 1919 1574 1975 assistebat.
1624 1918 1854 1991 Captum
1905 1935 2035 1991 ergo

450 2027 643 2067 canem
670 2011 729 2064 in
762 2009 1015 2064 custodia
1049 2008 1261 2076 habuit,
1294 2010 1470 2067 donec
1500 2011 1805 2068 exercitum
1845 2027 2037 2066 recen-

451 2117 619 2170 sens,
670 2109 884 2157 astante
927 2101 1038 2172 regi
1085 2117 1259 2169 cane,
1308 2102 1398 2157 hic
1446 2118 1575 2174 erga
1625 2103 1765 2158 alios
1813 2103 2037 2174 quidem

452 2196 675 2267 quietus
704 2194 830 2257 fuit,
859 2192 957 2249 sed
987 2208 1113 2248 mox
1147 2194 1281 2251 visis
1310 2194 1521 2249 domini
1559 2194 2037 2262 interfectoribus,

454 2289 510 2344 in
541 2301 637 2343 eos
682 2286 844 2342 irruit
876 2301 998 2340 cum
1048 2284 1285 2342 clamore
1310 2296 1366 2341 et
1406 2285 1631 2353 latratu,
1668 2304 1809 2358 saepe
1838 2289 1905 2343 ad
1947 2305 2037 2344 re-

452 2398 575 2456 gem
619 2391 793 2439 semet
834 2381 1281 2457 convertens,’in
1318 2374 1529 2437 tantum
1564 2372 1624 2439 ut
1667 2384 2041 2453 praesentibus

452 2475 666 2545 ipsique
709 2473 825 2544 regi
869 2472 1245 2543 suspicionem
1281 2472 1349 2529 de
1392 2474 1504 2531 illis
1536 2473 1805 2545 injiceret.
1842 2476 2043 2541 Quam-

453 2565 643 2621 obrem
695 2564 838 2635 capti
898 2564 1153 2621 homines
1203 2573 1261 2620 et
1312 2563 1654 2629 excruciati,
1711 2568 1916 2621 caedem
1983 2581 2042 2621 se

456 2660 653 2716 fecisse
683 2659 920 2715 confessi
963 2669 1117 2724 sunt,
1152 2672 1452 2728 ptenasque
1497 2658 1740 2723 luerunt,
1775 2674 1911 2714 cane
1940 2658 2042 2714 do-

455 2750 593 2809 mini
646 2765 837 2806 necem
894 2750 1214 2806 ulciscente.
1296 2747 1489 2805 Simile
1574 2765 1802 2821 prorsus
1847 2751 2045 2808 fecisse

457 2850 689 2899 narrant
722 2839 946 2897 Hesiodi
996 2854 1214 2905 canem,
1247 2840 1339 2910 qui
1373 2850 1546 2910 poetae
1575 2840 1854 2898 occisores
1896 2843 2043 2898 indi-

458 2936 623 2990 cavit.
667 2931 851 2988 Titum
909 2931 1178 2987 Sabinum
1232 2948 1263 2987 a
1312 2930 1573 2988 Romanis
1625 2934 1935 3003 conjectum
1986 2934 2045 2990 in
2106 2930 2116 2939 ’

460 3025 679 3080 vincula
711 3040 810 3079 ceu
845 3025 1119 3096 supplicio
1150 3024 1461 3092 addictum,
1496 3028 1649 3082 canis
1696 3027 1816 3096 ejus
1857 3043 1886 3081 a
1920 3043 2043 3083 car-

2125 531 2234 584 ἀπδ
2288 526 2500 582 πολλῶν
2558 531 2628 580 τὰ
2685 526 3074 597 ἐπισημότατα
3139 526 3646 598 ἁπομνημοιεύωμεν.

2128 623 2432 693 Λυσιμάχῳ
2463 620 2563 693 μὲν
2585 617 2679 673 οὖν
2707 619 2786 690 τῷ
2817 617 3034 689 βασιλεῖ
3055 619 3082 672 ό
3113 615 3262 671 κύων
3291 615 3532 690 Ὑρκανὸς
3555 637 3651 673 συν-

2125 714 2367 768 απέθανε
2402 713 2505 786 (ι).
2560 712 2916 769 Συναπέοανε
2942 711 3001 766 δέ
3034 712 3132 765 καὶ
3161 710 3343 783 ἰδιώτῃ
3369 712 3465 765 τινὶ
3494 711 3651 783 Πύρρῳ

2126 805 2368 877 τοῦνομα
2405 808 2434 860 ὀ
2482 805 2632 861 κύων
2657 821 2671 836 '
2713 790 3088 870 ἀποθανόντος
3138 804 3248 875 γὰρ
3292 803 3384 861 τοῦ
3416 804 3650 875 δεσπότου,

2128 899 2483 955 ἀποσπᾶσθαι
2510 898 2608 952 τοῦ
2642 899 2841 971 νεκροῦ
2872 899 2976 953 οὐκ
3015 898 3288 969 ἠδυνήθη,
3321 900 3411 952 καὶ
3444 902 3504 971 τῇ
3537 903 3653 973 πυρᾷ

2127 989 2478 1054 ἐπιτεθέντος
2513 988 2602 1043 ἐπ’
2667 991 2840 1060 αὐτὴν
2889 989 3065 1058 ἥλατο
3112 989 3214 1042 καὶ
3266 991 3651 1057 συγκατεκαύθη.

2128 1082 2251 1137 Τῶν
2284 1080 2343 1136 et
2379 1081 2671 1151 Ῥωμαίων
2700 1082 2866 1147 τινὸς,
2901 1080 3136 1136 Καιλίου
3160 1080 3416 1150 τοῦνομα,
3439 1083 3652 1153 εὐπατρί-

2129 1176 2221 1229 δου
2253 1178 2281 1229 ὀ
2321 1174 2470 1229 κύων
2517 1174 2914 1245 ὑπερασπίζων
2952 1172 3051 1228 τοῦ
3100 1173 3362 1227 δεσπότου
3392 1175 3477 1228 καί
3523 1176 3655 1246 ὑπερ-

2135 1268 2462 1340 μαχόμενος,
2492 1268 2592 1321 οὐκ
2622 1269 2774 1322 εἴασε
2804 1266 2907 1340 τὴν
2933 1265 3189 1340 κεφαλὴν
3233 1267 3532 1336 ἀποτεμεῖν,
3559 1272 3657 1338 πρὶν

2132 1364 2228 1418 καὶ
2258 1360 2421 1426 αὐτὸς
2469 1361 2574 1413 ὑπὸ
2601 1361 2710 1415 τῶν
2741 1363 2949 1430 φονέων
2988 1360 3361 1431 συναπέθανε.
3396 1360 3503 1415 Τῶν
3534 1363 3657 1435 Ἀθη.

2133 1453 2299 1510 ναίων
2342 1453 2619 1524 πανδημεὶ
2655 1435 2883 1516 εἰςτὰς
2935 1452 3076 1516 ναῦς
3116 1452 3414 1523 ἐμϐάντων.
3462 1455 3660 1525 ἐπειδηὸ

2132 1544 2452 1600 Ξανθίππου
2502 1543 2596 1597 τοῦ
2634 1543 2965 1616 Περικλέους
3019 1545 3235 1614 πατρὸς
3275 1546 3412 1600 κύων
3446 1546 3516 1610 είς
3564 1548 3659 1601 ναῦν

2134 1637 2368 1707 ἐμϐῆναι
2399 1638 2500 1690 οὐκ
2534 1636 2801 1708 ἠδυνήθη,
2854 1637 2933 1701 εἰς
2986 1636 3273 1693 θάλασσαν
3310 1638 3468 1709 ἠλατο
3515 1641 3659 1711 καὶτῇ

2135 1727 2223 1797 νηῒ
2285 1728 2747 1800 παρανηχόμενος
2795 1727 2926 1800 ἄχρι
2964 1728 3282 1798 Σαλαμῖνος
3325 1729 3658 1801 ἐκαρτέρησεν,

2135 1813 2202 1890 ἧς
2228 1819 2427 1884 ἐπιϐὰς
2450 1820 2875 1892 ἐλειποψύχησε.
2903 1820 3133 1892 Πύρῥος
3162 1820 3190 1874 ό
3221 1820 3463 1892 βασιλεὺς
3483 1825 3661 1893 πορευό-

2139 1929 2300 1986 μενος
2361 1914 2584 1984 ἐνέτυχε
2640 1914 2763 1969 καθ’
2806 1908 2924 1967 όδδν
2966 1915 3102 1967 κυνὶ
3164 1915 3256 1969 τὸν
3312 1916 3402 1970 τοῦ
3453 1917 3659 1969 δεσπότου

2138 2006 2334 2076 νεκρὸν
2366 2005 2760 2077 δορυφοροῦνιι
2782 2023 2798 2038 ε
2829 2006 3019 2061 λαϐὼν
3052 2006 3112 2061 δὲ
3143 2007 3236 2062 τδν
3268 2008 3399 2061 κύνα
3428 2008 3660 2075 ἐφύλαττε,

2140 2100 2298 2173 ἄχρις
2345 2098 2406 2154 οῦ
2465 2099 2528 2153 τὸ
2567 2099 2959 2172 στρατιωτικὸν
3015 2099 3315 2167 ἐξετάζων,
3350 2102 3660 2172 παρόντοςτῴ

2142 2192 2356 2264 βασιλεί
2380 2192 2476 2246 τοῦ
2510 2192 2697 2262 κυνὸς,
2761 2193 2924 2256 αὐτὸς
2965 2194 3065 2246 ἐπὶ
3115 2193 3217 2264 μὲν
3249 2196 3356 2257 τοῖς
3383 2194 3540 2256 ἅλλοις
3564 2196 3660 2263 ἡστ-

2141 2285 2263 2356 χῖαν
2301 2281 2462 2356 ἦγεν,
2501 2284 2644 2354 ὀρῶν
2689 2285 2745 2338 δὲ
2779 2286 2904 2349 τοὺς
2946 2286 3048 2340 τοῦ
3096 2286 3358 2341 δεσπότου
3397 2288 3564 2356 φονέας
3594 2287 3658 2338 καὶ

2141 2376 2430 2446 αὐθέντας,
2482 2378 2569 2431 ἐπ’
2624 2378 2822 2441 αὐτοὺς
2876 2377 3093 2449 έδραμε
3147 2381 3287 2450 μετά
3336 2383 3556 2450 κραυγῆς
3593 2382 3659 2430 καὶ

2145 2469 2417 2539 ὑλαγμοῦ,
2447 2471 2714 2535 πολλάκις
2753 2473 2892 2543 πρὸς
2923 2472 3021 2526 τδν
3073 2472 3303 2543 βασιλέα
3352 2474 3659 2542 μεταστρεφό-

2147 2579 2331 2633 μενος,
2356 2561 2499 2616 ὥστε
2520 2561 2759 2633 ὑποψίαν
2775 2562 3048 2635 παρέχειν
3070 2567 3187 2628 τοῖς
3206 2582 3280 2618 πα
3291 2566 3578 2635 ροῦσιπᾶσι,
3598 2567 3661 2617 καὶ

2144 2656 2294 2726 αὐτῷ
2331 2657 2388 2710 δέ
2422 2656 2500 2727 τῷ
2550 2656 2763 2727 βασιλεῖ
2811 2658 2932 2711 κατ’
2959 2657 3171 2714 αὐτῶν.
3218 2660 3310 2711 Διὸ
3339 2658 3660 2729 συλληφθέντες

2144 2752 2195 2806 οἱ
2251 2750 2537 2823 ἄνθρωποι
2588 2751 2686 2804 καὶ
2741 2749 3198 2825 βασανιζόμενοι,
3245 2749 3567 2821 ὡμολόγησαν
3596 2749 3661 2799 τὸν

2148 2846 2308 2914 φόνον
2339 2842 2709 2913 πεπραχέναι.
2750 2842 2845 2895 καὶ
2873 2842 3039 2913 δίκην
3072 2846 3286 2912 ἔδοσαν,
3321 2846 3466 2906 κυνὸς
3496 2841 3570 2895 τὸν
3591 2837 3659 2893 τοῦ

2145 2936 2408 2990 δεσπότου
2437 2934 2668 3000 θάνατον
2706 2936 3208 3006 τιμωρησαμένου.
3256 2932 3660 3010 Παραπλήσιουόὲ

2150 3030 2244 3086 καὶ
2273 3028 2362 3082 τὸν
2384 3024 2478 3080 τοῦ
2518 3026 2768 3080 Ἠσιόδου
2801 3026 2939 3081 κύνα
2969 3032 3338 3101 πεποιηκέναι
3362 3034 3527 3100 φασὶν,
3552 3029 3664 3095 ἐλίγ-

463 3131 591 3181 cere
643 3115 789 3187 abigi
829 3116 1142 3171 nullatenus
1193 3115 1687 3186 potuit.,Cumque
1735 3118 1928 3174 Sabini
1961 3135 2045 3175 ca-

2152 3122 2318 3185 ξαντα
2350 3120 2473 3183 τοὺς
2507 3118 2600 3172 τοῦ
2633 3117 2864 3189 ποιητοῦ
2918 3118 3277 3192 αὐτόχειρας,
3314 3122 3463 3176 Τίτου
3487 3120 3659 3173 Σαϐίνου

464 3207 635 3264 daver
660 3207 715 3263 in
749 3203 1045 3263 Gemonias
1086 3206 1263 3263 scalas
1299 3206 1494 3262 fuisset
1537 3207 1865 3278 projectum,
1897 3210 2051 3266 canis

465 3314 596 3355 eum
625 3313 910 3371 nunquam
961 3298 1227 3365 deseruit,
1256 3298 1568 3372 lugubriter
1602 3298 1897 3357 admodum
1933 3304 2054 3357 ulua

466 3391 589 3447 lans
649 3405 834 3445 coram
887 3390 1093 3461 multis,
1127 3391 1572 3462 spectatoribus;
1619 3408 1853 3463 quorum
1910 3409 2052 3451 unus

468 3498 596 3538 cum
622 3481 673 3538 ei
712 3495 912 3553 panem
951 3471 1264 3552 obiecisset,
1296 3482 1388 3536 ille
1417 3480 1485 3537 ad
1519 3482 1845 3539 defunctum
1888 3483 2053 3540 detu-

470 3576 553 3633 lit.
600 3574 682 3630 Ad
733 3583 1041 3630 extremum
1093 3572 1363 3629 cadavere
1414 3575 1470 3628 in
1522 3573 1766 3631 Tiberim
1816 3576 2053 3647 abiecto,

471 3667 671 3741 dejecit
701 3681 762 3723 se
791 3666 922 3721 illuc
956 3665 1122 3719 etiam
1161 3664 1335 3732 canis,
1367 3664 1601 3721 cadaver
1626 3676 1966 3739 sustentans,
1998 3680 2056 3727 et

473 3772 576 3829 pro
613 3756 822 3812 viribus
849 3754 1129 3819 attollens,
1173 3753 1467 3811 innumero
1497 3765 1783 3826 spectante
1817 3773 2054 3816 summco

475 3863 582 3920 que
609 3848 915 3904 admirante
948 3846 1171 3917 populo.
1368 3858 1371 3859 '
1530 3836 1539 3841 ’

547 4113 604 4171 9.
643 4112 801 4181 Quod
828 4126 960 4168 vero
989 4113 1154 4168 etiam
1186 4113 1495 4169 animosum
1524 4122 1579 4170 et
1604 4130 1822 4187 pugnax
1851 4116 2055 4173 animal

478 4204 632 4263 canis
676 4204 770 4273 sit,
805 4203 1206 4260 demonstravit
1247 4203 1583 4260 Albanorum
1632 4218 1747 4274 rex,
1782 4206 1952 4263 misso
1986 4209 2058 4264 ad

479 4297 848 4355 Alexandrum
896 4294 1289 4367 magnitudinis
1335 4297 1551 4352 eximia:
1593 4311 1770 4364 cane;
1814 4313 1924 4369 quo
1961 4315 2060 4355 rex

481 4390 786 4448 delectatus
817 4402 1004 4444 ursum
1039 4386 1119 4444 illi
1150 4395 1208 4443 et
1241 4385 1444 4444 deinde
1470 4402 1662 4461 aprum
1690 4390 1746 4444 iu
1774 4399 2057 4447 certamen

482 4480 687 4551 obiecit
713 4495 729 4535 :
755 4478 851 4550 qui
896 4490 1022 4532 cum
1052 4491 1149 4533 eas
1179 4475 1393 4534 belluas
1421 4488 1835 4549 aspernaretur,
1877 4497 2058 4553 neque

483 4585 670 4631 secum
716 4569 954 4643 praeliari
984 4569 1176 4641 dignas
1214 4569 1506 4640 iudicaret,
1536 4572 1708 4628 iratus
1747 4573 2060 4631 Alexander

483 4677 679 4721 canem
708 4662 886 4719 occidi
915 4660 1105 4732 jussit.
1134 4660 1215 4717 Re
1246 4661 1543 4732 intellecta,
1582 4664 1928 4722 Albanorum
1964 4683 2058 4724 rex

484 4758 656 4814 alium
708 4754 882 4818 misit,
936 4752 1308 4809 Alexandrum
1346 4769 1596 4822 monens,
1650 4772 1719 4814 ne
1769 4761 1825 4814 in
1880 4763 2062 4832 parvis

485 4846 684 4905 belluis
701 4842 1139 4916 experimentum
1162 4842 1312 4898 illius
1337 4841 1564 4914 faceret,
1590 4845 1688 4901 sed
1714 4847 1770 4902 in
1793 4844 1953 4904 leone
1978 4849 2061 4904 vel

443 4925 807 5011 telephanto.
858 4935 1030 5008 Igitur
1067 4935 1221 4993 cauis
1268 4943 1383 4990 tum
1437 4937 1679 5007 leonem,
1728 4948 1843 4997 tum
1897 4943 2062 5013 paulo

114 6064 129 6157 i
210 6094 453 6158 Δ

487 5043 614 5105 post
665 5031 832 5088 etiam
883 5028 1239 5101 elephantum
1294 5030 1595 5100 prostravit
1647 5047 1772 5087 cum
1824 5036 2062 5092 mirabili

490 5116 790 5175 Alerandri
825 5125 883 5174 et
916 5117 1212 5173 astantium
1259 5119 1506 5173 omnium
1539 5119 1841 5192 voluptate.
1875 5124 2065 5183 Testes

489 5206 652 5269 nobis
687 5217 817 5267 sunt
847 5207 1013 5264 etiam
1051 5206 1442 5266 Garamantum
1479 5224 1645 5268 canes
1680 5229 1695 5268 :
1730 5216 1936 5271 etenim
1965 5217 2067 5273 du-

564 5388 647 5516 (lg
678 5387 792 5444 Hoc
811 5384 1175 5470 etscguentia
1205 5385 1467 5471 pleraque
1492 5390 1738 5460 exempla
1768 5404 2067 5473 sumuntur

651 5458 885 5515 lutarcht
921 5458 1064 5513 libro
1114 5456 1192 5511 De
1237 5459 1553 5514 animalium
1592 5460 1847 5516 solertia.
1892 5474 1950 5516 et
1999 5481 2067 5516 ex

493 5456 885 5518 ex'Plutarchi
921 5457 1064 5513 libro
1114 5456 1553 5514 De’anim'alium
1592 5456 1847 5526 solertia,
1892 5474 1950 5519 et
1999 5481 2067 5522 ex

494 5529 785 5603 Pliniolib.
819 5541 941 5603 vui,
978 5527 1068 5584 61.
1100 5525 1406 5603 Narrantur
1436 5545 1631 5603 canum
1665 5530 1875 5603 aliquot
1902 5537 2067 5592 mira-

497 5600 631 5671 bilia
660 5600 807 5656 facta
843 5597 1187 5671 etiam_ap_u_d
1222 5598 1285 5654 S.
1319 5601 1685 5671 Augustinum
1720 5597 1773 5657 iii
1812 5618 2069 5663 sermone

496 5670 786 5773 dedsanctp‘
815 5668 1063 5750 apostolo
1095 5667 1326 5736 Thema,
1356 5667 1522 5773 qp'em
1555 5685 1656 5728 nos
1700 5672 1755 5727 in
1804 5671 2069 5735 Vaticano

496 5737 690 5797 codice
714 5737 1148 5793 observavimus.

2154 3217 2260 3270 ὑπὸ
2301 3213 2597 3283 Ῥωμαίων
2635 3213 2972 3284 είςκείρκτὴν
3002 3217 3342 3286 ἐμπεσόντος
3366 3217 3434 3281 ὡς
3455 3214 3661 3284 2:011:61;-

2156 3306 2410 3378 σομένου,
2449 3309 2477 3360 ὁ
2520 3306 2669 3360 κύων
2715 3305 2972 3361 οὐδέποτε
3031 3308 3431 3363 ἀπελαύνεσθαι
3475 3311 3559 3377 τῆς
3582 3308 3662 3375 tip-

2153 3398 2289 3467 κτῆς
2324 3397 2567 3467 ἠδυνήθη
2586 3408 2604 3432 ο
2641 3397 2729 3460 είς,
2749 3396 2806 3451 δὲ
2831 3396 2959 3461 τοὺς
2985 3398 3055 3452 Γε
3066 3388 3305 3470 μῶνίους
3334 3400 3575 3469 κλίμακας
3594 3397 3660 3451 τοῦ

2154 3489 2351 3561 νεκροῦ
2375 3489 2682 3562 ῥιφθέντος,
2710 3488 2969 3544 οὐδέποτε
3001 3491 3181 3546 αὐτοῦ
3209 3493 3531 3555 ἀπελείπετο,
3556 3490 3661 3560 μάλα

2154 3582 2367 3652 γοερῶς
2401 3579 2675 3646 όλολύζων
2705 3581 2762 3634 ἐν
2795 3579 3017 3645 πολλοῖς
3043 3582 3287 3649 θεαταῖς,
3322 3575 3393 3638 ὧν
3415 3585 3518 3646 ἐνὸς
3543 3583 3662 3652 ἀρτον

2157 3671 2643 3744 προσενεγκόντος,
2676 3673 2704 3724 ό
2753 3674 2902 3724 κύων
2952 3668 3033 3741 τῷ
3075 3671 3260 3743 νεκρῷ
3306 3672 3558 3743 παρέδωκε
3596 3667 3661 3734 ei-

2159 3781 2289 3836 ρων.
2319 3763 2485 3827 Τέλος
2509 3762 2567 3818 δὲ
2598 3761 2695 3818 τοῦ
2727 3762 2925 3832 νεκροῦ
2947 3763 3031 3826 εἰς
3061 3763 3157 3823 τὸν
3185 3764 3398 3835 Τίϐεριν
3424 3757 3662 3831 resinou-

2156 3871 2271 3921 τος,
2303 3852 2629 3919 συνεξέπεσε
2658 3854 2798 3909 καὶό
2828 3853 2975 3908 κύων
2999 3854 3099 3910 τὸν
3128 3857 3319 3926 νεκρὸν
3340 3852 3658 3918 ἐπικουφίζων,

2158 3948 2254 4001 καὶ
2303 3947 2364 4011 τὸ
2417 3945 2496 4008 εἰς
2525 3945 2720 4000 ἐαυτὸν
2775 3940 2913 4017 ἧκον
2953 3947 3124 4018 μέρος
3157 3950 3345 4020 αἴρων,
3391 3942 3660 4016 μυριάνδρου

2159 4039 2400 4109 πλήθους
2429 4036 2708 4110 θεωμένου
2739 4041 2835 4093 καὶ
2871 4040 3389 4112 ὑπερθαυμάζοντος
3417 4039 3504 4108 (2).

2230 4131 2296 4188 θ’.
2331 4133 2453 4187 Ὅτι
2503 4150 2568 4202 γε
2603 4134 2713 4204 μὴν
2763 4132 3011 4203 ἀνδρεῖον
3057 4133 3155 4187 καὶ
3195 4134 3426 4204 μάχιμον
3467 4128 3517 4185 τό
3538 4126 3656 4192 ζῶον.

2161 4225 2402 4291 ἐδίδαξεν
2447 4227 2475 4280 ὁ
2532 4225 2642 4279 τῶν
2693 4224 2967 4281 ’Δλϐανῶν
3003 4223 3285 4294 βασιλεὺς,
3315 4221 3514 4292 πέμψας
3560 4216 3660 4286 πρδς

2172 4316 2526 4388 Ἀλέξανδρον
2558 4316 2697 4372 κύνα
2726 4316 3106 4389 ὑπερμεγῑθη,
3139 4312 3292 4389 ᾧπερ
3318 4314 3486 4387 ἡσθεὶς
3505 4312 3529 4364 δ
3548 4308 3661 4379 βίον

2162 4408 2287 4471 λεὺς
2321 4408 2546 4475 ἄρκτον,
2571 4403 2694 4463 εἷτα
2718 4408 2776 4461 δὲ
2822 4409 3057 4479 κάπρον,
3093 4412 3173 4473 εἰς
3206 4410 3382 4481 μάχην
3408 4404 3656 4459 ἐκτέθεικι*

2164 4497 2359 4553 τούτου
2387 4498 2433 4552 δ’
2473 4499 2851 4572 ὑπερορῶντος
2890 4502 2960 4555 τὰ
3000 4500 3168 4574 θηρία
3199 4503 3291 4555 καὶ
3327 4501 3418 4554 οὐκ
3448 4495 3658 4563 ἀξιόμαχα

2163 4589 2500 4660 νομίζοντος.
2556 4590 2838 4661 ὀργισθεὶς
2882 4593 2924 4646 ’ὀ
2988 4591 3337 4664 Ἀλέξανδρος
3385 4583 3658 4643 ἀποκτείνειν

2163 4681 2439 4735 ἐκέλευσε.
2484 4681 2794 4751 Πυθόμενος
2824 4684 2883 4739 δὲ
2919 4683 3082 4739 τοῦτο
3121 4688 3148 4738 ό
3192 4684 3302 4738 τῶν
3336 4676 3570 4737 Ἀλϐανῶν
3586 4671 3655 4740 β²’

2168 4769 2369 4840 σιλεὺς,
2431 4773 2679 4844 ἔπεμψεν
2727 4776 2936 4844 ἕτερον,
2978 4775 3218 4832 κελεύων
3248 4778 3335 4830 τὸν
3378 4766 3655 4837 Ἀλέξανδρον

2168 4866 2362 4935 πεῖραν
2410 4866 2511 4920 οὐκ
2568 4868 2628 4921 ἐν
2686 4871 2912 4939 μικροῖς
2969 4871 3237 4925 ποιεῖσθαι
3293 4868 3457 4934 ζώοις,
3492 4856 3653 4916 iure

2166 4954 2343 5011 λέοντι
2375 4959 2470 5012 καὶ
2487 4956 2742 5029 ἐλέφαντι
2770 4976 2783 4991 ·
2811 4961 3104 5033 τοιγαροῦν
3131 4964 3161 5018 ὀ
3180 4962 3322 5017 κύων
3339 4960 3425 5015 τόν
3440 4973 3492 5009 τε
3515 4954 3652 5006 λέοντα

2169 5047 2266 5102 καὶ
2295 5049 2438 5119 μετὰ
2471 5050 2671 5123 μικρὸν
2709 5051 2801 5106 τὸν
2833 5054 3104 5126 ἐλέφαντα
3147 5052 3419 5115 κατέϐαλε,
3448 5041 3650 5119 ἡδομένου

2171 5139 2483 5212 θαυμαστὸν
2528 5142 2653 5199 ὅσον
2690 5143 2784 5199 τοῦ
2824 5145 3201 5219 Ἀλεξάνδρου,
3240 5143 3331 5200 καὶ
3369 5140 3552 5194 πάντων
3572 5131 3649 5219 τδξν

2174 5231 2573 5305 συμπαρόντων
2612 5235 2712 5307 (5).
2760 5217 3112 5310 Μαρτυροῦσι
3141 5238 3199 5292 δέ
3228 5235 3302 5308 τῷ
3344 5232 3469 5302 λόγῳ
3505 5224 3547 5279 oi
3570 5217 3649 5276 νῦν

2243 5405 2321 5479 (‘2)
2363 5405 2587 5480 Legesis
2612 5409 2680 5466 de
2711 5410 2899 5469 Sabini
2931 5414 3319 5480 caanlinium
3347 5406 3441 5480 lib.
3467 5414 3560 5480 vlli.
3580 5393 3640 5480 βξ

2243 5429 2321 5479 (ι)
2365 5429 2587 5480 uegesrs
2612 5429 2680 5466 ae
2711 5429 2899 5469 baDtnl
2931 5429 3031 5470 can
3095 5429 3319 5470 l’lllttltm
3347 5429 3431 5464 nu.
3468 5429 3560 5464 πη,
3580 5429 3640 5475 γιε

2170 5475 2285 5552 Ego
2325 5486 2570 5535 veterem
2613 5497 2834 5552 quoque
2880 5429 3120 5540 tabulari
3174 5483 3329 5541 canis
3348 5476 3443 5533 vidi
3486 5471 3641 5525 datm!“

2170 5548 2405 5629 cadaver
2428 5548 2763 5629 protegentis
2795 5553 2866 5609 ab
2892 5556 3075 5629 avium
3104 5564 3306 5629 voratu-
3411 5613 3474 5629 Μ,
3510 5611 3521 5629 ,

2248 5617 2323 5687 (δ)
2366 5607 2448 5693 ηε
2487 5607 2684 5693 Ιιοουθᾼι
2728 5607 3368 5693 ,έαιιῖιέὶιῐίᾘιῖεέὸὲἰυυυι
3406 5611 3573 5674 Plinius
3596 5607 3638 5654 τι

2172 5686 2499 5744 Plutarchus
2526 5690 2580 5745 in
2618 5691 2771 5748 libris
2811 5686 3104 5763 praedictis.
