3934 6198
441 369 578 440 ’999

1785 366 2184 438 THEODORI
2224 364 2436 434 GAZ/E

3558 381 3657 447 1000

472 495 710 556 xisse,et
736 501 1092 565 congrcsSum
1127 493 1430 552 honoriﬁce
1459 493 1758 551 admodum
1793 493 1848 548 in
1871 493 2046 561 fugam

2161 487 2285 541 τιάν
2319 489 2456 558 μετὰ
2487 486 2594 541 τῶν
2627 482 2809 542 αὐτῶν
2838 488 3170 560 συμμάχων.
3201 478 3318 546 Τῶν
3343 493 3395 547 δέ
3423 511 3656 566 παραιτεο-

454 584 688 640 ho’stem
733 584 1016 640 vertisse:
1065 584 1329 656 deinceps
1370 586 1427 641 in
1471 586 1690 656 propria
1724 595 2050 654 regressum,

472 673 528 730 in
596 673 927 746 Babylonios
982 675 1251 747 lndosQue
1306 678 1510 733 bellum
1573 692 1698 732 cum
1751 673 2055 730 auxiliariis

471 766 648 836 cepiis
678 766 931 822 meditari
959 786 972 822 :
996 769 1360 825 renuentibus
1382 770 1513 832 illis,
1543 785 1606 826 ac
1645 767 2055 840 postulantibus

474 867 533 913 ut
562 858 786 914 domum
817 861 1047 929 patriam
1084 861 1264 926 daret,
1299 877 1424 918 cum
1456 863 1570 928 ille,
1594 865 1670 916 rei
1703 860 2052 924 incumbens,

479 951 533 1005 vi
565 951 732 1006 etiam
768 951 1112 1009 abducturus
1151 953 1679 1023 deprehenderetur,
1711 967 1806 1006 eos
1860 950 2054 1005 arden-

474 1044 582 1099 tius
617 1043 863 1110 instare;
897 1059 1113 1110 verum,
1147 1059 1274 1100 cum
1306 1045 1413 1100 sibi
1470 1048 1804 1108 metuerent,
1837 1044 1884 1098 si
1921 1059 2056 1111 pra:-

470 1134 647 1205 ccptis
678 1146 732 1190 et
764 1136 1236 1192 admonitionibus
1263 1152 1374 1191 non
1400 1136 1871 1206 obtemperarent,
1904 1136 2056 1189 defe-

467 1228 633 1292 cisse,
653 1227 709 1281 in
732 1227 1212 1285 Carbonidosloca
1234 1229 1448 1284 deserta
1473 1227 1796 1284 secedentes
1816 1226 2053 1296 indeque

465 1319 896 1392 populabundos
925 1321 1242 1393 ingentibus
1273 1322 1490 1377 damnis
1521 1322 1576 1375 in
1624 1320 1762 1375 fines
1805 1321 2048 1374 hostium

429 1423 526 1469 νει
581 1428 742 1484 agros
792 1429 1098 1470 excurrere
1129 1434 1141 1468 :
1175 1415 1506 1471 Moametem
1541 1414 1596 1468 in
1631 1429 1727 1469 eos
1758 1412 1826 1466 ad
1859 1412 2052 1482 viginti

468 1506 760 1562 hominum
815 1506 1010 1573 millia,
1045 1507 1246 1578 quibus
1301 1507 1493 1563 decem
1520 1506 1877 1578 peregregios
1907 1506 2054 1560 viros

469 1599 810 1669 praefecerat,
845 1601 1109 1658 eduxisse
1142 1601 1517 1669 :exercitum,
1553 1601 1789 1655 veritum
1814 1613 1883 1654 ne
1912 1613 2053 1668 aqua

467 1693 572 1748 sibi
607 1703 664 1748 et
696 1692 953 1748 alimenta
975 1684 1250 1759 deesse'nt,
1274 1694 1344 1750 ab
1375 1693 1626 1765 ingressu
1647 1695 1891 1748 locorum
1924 1693 2052 1747 abs-

471 1783 726 1849 tinuisse,
753 1794 818 1839 et.
843 1786 897 1838 in
948 1783 1200 1841 finitimis
1229 1786 1427 1840 stativa
1463 1785 1779 1843 habentem.
1824 1783 2052 1839 rationi-

2164 581 2365 650 μένων,
2417 585 2513 635 καὶ
2564 582 2917 655 συγχωρῆσαι
2972 583 3162 652 σφίσιν
3211 583 3383 639 οἴκαδε
3425 587 3654 660 ἀναχωρεῖ-

2159 673 2481 740 ἀξιούιτων,
2527 676 2734 730 ἐκεῖνον
2779 676 2859 728 ἔτι
2893 677 3217 746 ἐγκεῖσθαι,
3263 679 3353 732 καὶ
3390 680 3526 750 δῆλον
3561 680 3660 737 εἶναι

2160 762 2252 835 βίᾳ
2279 765 2533 829 ἀπάξειν.
2565 768 2705 831 Τοὺς
2733 768 2791 822 δὲ
2823 769 3212 838 ἀμετανοήτως
3242 771 3465 840 ἔχοντας,
3491 774 3568 826 καὶ
3593 775 3660 843 μὲν

2157 854 2220 924 δὴ
2266 859 2356 910 καὶ
2397 858 2640 923 δεδιότας
2688 860 2762 930 μή
2805 879 2861 914 τι
2893 859 3121 914 πάθοιεν
3163 861 3328 915 δεινὸν
3359 865 3659 929 ἀπειθοῦντες,

2158 949 2489 1018 ἀποστῆναι,
2518 951 2615 1004 καὶ
2644 952 2724 1014 είς
2749 952 2848 1022 τὴν
2878 953 3228 1025 Καρϐωνῖτιν
3254 955 3443 1025 ἔρημον
3467 959 3551 1027 γῆν
3571 960 3662 1012 ὕει.-

2157 1044 2549 1112 χωρήσαντας,
2581 1043 2832 1096 ἐντεῦθεν
2865 1045 3145 1116 ἐκδρομὰς
3176 1051 3506 1115 ποιουμένους
3529 1051 3658 1118 λῃῖζε-

2159 1133 2318 1199 σθαι,
2370 1137 2463 1188 καὶ
2513 1136 2686 1189 πολλὰ
2719 1135 3024 1206 βλάπτειν.
3075 1139 3382 1211 Μωαμέτην
3420 1141 3468 1194 δὲ
3511 1146 3662 1213 πέμίξιι

2155 1229 2246 1280 ἐπ’
2273 1228 2473 1290 αὐτοὺς
2514 1232 2748 1301 στρατὸν
2792 1233 2918 1302 περὶ
2963 1231 3327 1303 δισμυρίους,
3368 1235 3454 1286 καὶ
3492 1253 3658 1305 στρατη-

2156 1320 2290 1388 γοὺς
2326 1320 2458 1373 δέκα
2499 1321 2608 1374 τῶν
2653 1322 3042 1388 ἐνδοξοτάτων.
3089 1323 3230 1386 Τοὺς
3270 1324 3324 1377 δὲ
3361 1330 3660 1394 παραγενομέ-

2155 1429 2278 1474 νους
2312 1413 2576 1466 εἰσελθεῖν
2612 1416 2712 1483 μὲν
2746 1417 2824 1480 εἰς
2857 1416 2927 1470 τὰ
2962 1416 3150 1488 ἔρημα
3185 1415 3506 1471 εὐλαϐεῖσθαι
3535 1420 3602 1472 διά
3626 1439 3661 1472 τε

2156 1503 2348 1569 ὕδατος
2393 1509 2489 1559 καὶ
2536 1511 2747 1578 τροφῆς
2794 1510 3060 1580 ἀπορίαν.
3101 1509 3300 1578 Ἐγγὺς
3343 1511 3394 1563 δὲ
3439 1528 3664 1579 στρατοπε·

2153 1594 2480 1661 δευομένους
2527 1599 2950 1654 διασκοπεῖσθαι
3005 1601 3069 1654 τὸ
3121 1603 3386 1672 ποιητέον.
3433 1602 3664 1670 Ταγκρολί-

2156 1705 2296 1742 πικα
2323 1689 2379 1742 δὲ
2411 1689 2736 1760 αἰσθόμενον
2757 1732 2772 1756 ,
2809 1692 2988 1746 καίτοι
3030 1693 3224 1764 πόρρω
3255 1711 3362 1747 που
3384 1694 3662 1763 ἐναυλιζόμε-

2159 1798 2271 1846 νον,
2304 1785 2766 1852 ταχυπορήσαντα
2819 1787 2878 1838 ἐν
2933 1784 3180 1856 ἡμέραις
3232 1786 3404 1857 τρισὶν
3449 1788 3662 1839 ἐπιπεσεῖν

467 1877 572 1932 bus
594 1875 714 1930 suis
765 1876 1083 1946 proSpicere
1136 1893 1200 1932 ac
1239 1877 1306 1932 de
1361 1877 1506 1932 bello
1537 1879 1870 1933 consultare.
1906 1876 2046 1930 Tan-

2154 1875 2265 1935 τοῖς
2303 1874 2568 1937 ἐναντίοις
2603 1875 2800 1938 νυκτὸς
2836 1876 3279 1947 ἀπροσδοκήτοις
3312 1880 3400 1929 καὶ
3429 1876 3657 1946 ἀμελοῦςι,

467 1961 782 2038 grolipiéem
811 1968 926 2022 llaec
954 1969 1374 2034 subodoratum,
1405 1969 1508 2024 etsi
1543 1971 1773 2025 multum
1807 1969 2050 2034 abesset,

468 2059 777 2115 incredibili
832 2061 1118 2115 celeritate
1177 2063 1343 2115 trium
1399 2062 1613 2116 dierum
1656 2062 1829 2132 spatio
1889 2061 2056 2116 advo-

467 2153 628 2218 lasse,
683 2161 962 2222 noctuque
1015 2150 1448 2223 inexspectatum
1502 2154 1559 2208 in
1613 2155 1799 2210 hostes
1834 2152 2053 2209 desides

467 2241 753 2312 irrupisse,
807 2243 1238 2314 deturbatosque
1273 2246 1341 2299 de
1382 2245 1625 2301 fortunis
1655 2245 1919 2300 omnibus
1963 2261 2050 2299 re-

463 2337 671 2408 pulisse
714 2351 728 2392 ι
769 2336 902 2392 hinc
935 2337 1127 2402 armis,
1176 2339 1336 2408 equis
1389 2348 1446 2394 et
1496 2340 1747 2410 pecuniis
1800 2349 2049 2403 auctum,

464 2444 574 2485 non
605 2429 930 2500 fugientium
962 2445 1026 2485 ac
1051 2430 1332 2485 latronum
1387 2445 1541 2486 more
1595 2432 1735 2488 clam
1784 2432 2052 2501 impetum

463 2523 608 2578 ultra
652 2521 854 2587 facere,
899 2521 992 2576 sed
1030 2522 1236 2592 palam,
1273 2531 1329 2575 et
1355 2522 1494 2590 acie,
1528 2522 1608 2576 uti
1651 2537 1750 2590 par
1789 2533 1927 2585 erat,
1971 2521 2054 2574 in-

461 2624 692 2682 structa,
723 2628 849 2669 cum
879 2614 1133 2685 plerique
1163 2629 1230 2669 ex
1261 2613 1353 2669 illa
1387 2615 1610 2684 regione
1644 2611 1942 2682 transfuga:
1986 2626 2051 2666 ac

463 2706 750 2779 praedones
783 2705 1009 2776 aliique,
1040 2705 1136 2776 qui
1168 2719 1354 2760 rerum
1391 2705 1879 2761 immutationibus
1913 2720 2049 2775 gau-

463 2797 617 2860 dent,
650 2810 776 2850 cum
825 2809 893 2850 eo
925 2795 1340 2861 convenissent,
1373 2797 1510 2852 adeo
1542 2803 1603 2850 ut
1644 2796 1814 2852 nimis
1840 2797 1950 2851 cito
1982 2795 2050 2850 ad

456 2888 857 2960 quinquaginta
876 2888 1172 2960 hominum
1199 2889 1370 2944 millia
1391 2889 1538 2945 illius
1565 2891 1842 2946 exercitus
1858 2905 2052 2947 excre-

462 2979 609 3033 verit
641 2994 656 3033 :
684 2958 1010 3032 Moametem
1052 2993 1243 3033 rerum
1295 2994 1577 3045 successu,
1617 2981 1902 3036 iracundia
1935 2997 2051 3038 mo-

458 3075 604 3132 tum,
651 3066 824 3123 duces
857 3067 1205 3135 interimere,
1255 3070 1512 3142 fugitivos
1548 3073 1754 3128 milites
1791 3074 2050 3132 muliebri

461 3161 668 3215 amictu
714 3167 939 3216 ornatos
987 3161 1282 3218 traducere
1315 3163 1485 3232 ultro,
1522 3165 1796 3236 citroque,
1839 3167 1946 3223 sibi
1992 3169 2048 3223 in

465 3252 652 3307 animo
698 3252 1049 3322 pr0posuisse
1081 3269 1095 3307 :
1125 3263 1187 3310 ut
1238 3271 1548 3326 pernovere
1582 3260 1806 3326 milites,
1856 3276 2048 3317 omnes

464 3345 533 3402 ad
564 3345 986 3417 Tangrolipicen
1018 3347 1355 3420 confugisse,
1389 3367 1554 3421 quem
1583 3356 1796 3424 magnis
1826 3353 2044 3410 viribus

462 3440 797 3495 instructum
851 3438 909 3495 in
945 3439 1272 3497 Moametem
1310 3442 1600 3514 irrupisse,
1640 3460 1706 3500 eo
1731 3446 1942 3510 animo,
1987 3455 2049 3502 ut

463 3531 529 3587 de
563 3530 800 3587 fortunis
814 3533 1074 3590 omnibus
1105 3533 1412 3603 periculum
1443 3537 1648 3590 faceret
1679 3555 1692 3590 :
1720 3537 2045 3592 Moametem

459 3619 778 3694 quingentis
813 3619 1100 3678 hominum
1138 3623 1383 3679 millibus
1437 3625 1657 3692 fultum,
1722 3641 1833 3682 non
1884 3643 2050 3698 pave-

458 3710 614 3774 scere
645 3717 876 3781 bellum,
922 3713 1018 3772 sed
1049 3715 1262 3771 hostem
1298 3718 1593 3787 persequi;
1627 3719 1756 3772 dum
1788 3720 1905 3774 acie
1937 3729 2046 3775 tota

458 3810 605 3868 circa
629 3809 871 3867 Persidis
897 3809 1284 3880 Aspacbanum
1309 3808 1630 3875 dimicatur,
1651 3813 1836 3882 plures
1865 3813 2048 3866 utrin-

459 3919 588 3974 que,
618 3910 675 3958 et
699 3915 821 3957 'una
849 3916 974 3956 cum
1009 3901 1120 3957 illis
1147 3899 1474 3958 Moametem
1504 3918 1710 3975 regem,
1744 3903 2044 3959 occidisse:

459 4005 587 4050 eum
619 3994 797 4059 enim,
828 4008 956 4048 cum
1003 3991 1272 4052 audacius
1301 3993 1670 4066 obequitaret,
1719 4004 1774 4050 et
1803 3987 2048 4070 propriis

457 4084 732 4142 militibus
773 4086 992 4142 animos
1035 4085 1286 4154 adderet,
1321 4093 1448 4141 cum
1487 4085 1707 4142 labente
1740 4102 1885 4158 equo
1933 4086 2046 4143 col-

456 4178 996 4249 lapsum,‘ce'rvicem
1028 4178 1256 4248 fregisse
1290 4195 1307 4232 :
1337 4191 1404 4235 eo
1433 4179 1706 4234 exstincto
1731 4179 2043 4235 multitudi-

459 4286 586 4327 nem
605 4283 740 4327 'cum
771 4271 1032 4327 hostibus
1065 4271 1456 4337 concordasse,
1488 4281 1542 4326 et
1570 4267 2040 4342 Tangrolipicem,

457 4362 1012 4419 communi'omnium
1049 4361 1334 4435 suﬁ‘ragio,
1367 4377 1553 4433 regem
1603 4360 1895 4418 Persarum
1934 4365 2044 4419 ele-

456 4467 608 4512 ctum
644 4475 658 4511 :
693 4455 906 4512 Turcas
936 4465 1202 4527 praeterea
1230 4455 1552 4527 pra-clusum
1585 4454 1694 4510 sibi
1723 4465 1883 4511 antea
1918 4457 2040 4512 adi-

2154 1965 2248 2016 καὶ
2274 1964 2473 2034 ῥᾳδίως
2501 1965 2599 2033 μὲν
2621 1966 2842 2036 τρέψαι,
2872 1967 3090 2020 πολλῶν
3110 1967 3167 2020 δὲ
3196 1968 3387 2032 ἵππων,
3410 1970 3488 2020 καὶ
3509 1967 3655 2026 ὅπλων,

2155 2056 2250 2108 καὶ
2291 2057 2591 2126 χρημάτων
2635 2059 2964 2128 εὐπορῆσαι.
3014 2061 3126 2113 Καὶ
3173 2060 3309 2130 μετά
3347 2058 3488 2110 τοῦτο
3522 2059 3570 2126 δὴ
3608 2058 3656 2124 μὴ

2152 2146 2292 2201 κατὰ
2325 2149 2828 2220 ἀποδιδράσκοντας
2866 2152 2963 2206 καὶ
3004 2155 3217 2224 λῃστὰς
3257 2154 3500 2206 ποιεῖσθαι
3529 2150 3655 2219 κρύφα

2150 2240 2250 2303 τὰς
2285 2241 2596 2307 ἐπιθέσεις,
2637 2243 2775 2297 ἀλλά
2819 2246 3079 2314 φανερῶς
3117 2247 3215 2299 καὶ
3253 2247 3345 2298 σὺν
3382 2244 3542 2312 κόσμῳ
3576 2247 3655 2292 ἑπι-

2154 2332 2494 2403 στρατεύειν,
2541 2337 3004 2406 προσγενομένων
3053 2337 3208 2408 αὐτῷ
3254 2338 3342 2391 καὶ
3379 2338 3475 2390 τῶν
3511 2338 3558 2388 ἐκ
3589 2335 3652 2400 τῆς

2151 2426 2334 2495 χώρας
2387 2427 2625 2492 πολλῶν,
2662 2431 2985 2499 αὐτομόλων
3016 2449 3078 2484 τε
3110 2432 3206 2485 καὶ
3237 2430 3450 2504 λῃστῶν,
3481 2432 3556 2481 καὶ
3577 2426 3648 2478 τῶν

2152 2519 2329 2572 ἄλλων
2367 2521 2674 2591 χαιρόντων
2717 2523 3055 2592 μεταϐολαῖς
3099 2526 3442 2594 πραγμάτων.
3470 2523 3596 2574 Ὥστε
3623 2517 3651 2568 δ’

2151 2614 2335 2682 όλίγού
2386 2613 2620 2686 δύναμιν
2671 2616 2799 2687 περὶ⁵
2851 2616 3022 2670 πέντε
3079 2619 3342 2691 μυριάδας
3391 2614 3650 2680 συνειὶέχϐιι

2153 2706 2284 2778 περὶ
2324 2707 2509 2761 αὐτόν.
2556 2708 2876 2781 Μωαμὲτην
2922 2709 2982 2762 δὲ
3029 2711 3128 2763 ἐπὶ
3172 2713 3284 2774 τοῖς
3327 2707 3535 2777 συμσὶσι
3566 2705 3650 2764 τοὺς

2154 2801 2254 2870 μὲν
2302 2803 2648 2872 στρατηγοὺς
2701 2805 2758 2856 ἐν
2804 2803 2942 2874 ὀργῇ
3004 2804 3332 2874 ποιούμενον
3378 2803 3649 2856 ἀποκτεῖναι.

2151 2894 2277 2956 τοὺς
2309 2893 2366 2947 δὲ
2396 2883 2764 2964 διαφυγόντας
2791 2898 2903 2950 τῶν
2935 2897 3291 2968 στρατιωτῶν
3320 2895 3549 2964 ἀτιμάσαι
3570 2891 3650 2941 δια·

2151 2987 2393 3042 νοεῖσθαι
2425 2987 2879 3059 περιαγομένους
2910 2991 2974 3042 ἐν
3007 2989 3300 3061 γυναικεία
3333 2991 3492 3058 στολῇ.
3519 2982 3655 3038 A1599-

2157 3079 2352 3146 μένους
2407 3079 2455 3132 δ’
2488 3078 2690 3143 αὐτοὺς
2748 3082 3158 3152 προσχωρῆσαι
3211 3081 3288 3150 τῷ
3337 3077 3652 3149 Ταγκροὶίπικι

2155 3171 2502 3240 σύμπαντας.
2530 3173 2794 3245 Μεγάλην
2821 3175 2876 3228 δὲ
2904 3176 2968 3245 δὴ
2999 3174 3208 3247 ἔχοντα
3237 3175 3356 3246 περὶ
3382 3173 3521 3228 αὑτὸν
3541 3169 3652 3221 δύνα-

2156 3281 2248 3333 μιν
2283 3263 2700 3334 Ταγκρολίπικα
2739 3264 2952 3320 ἐπιέναι
2988 3269 3079 3338 τῷ
3121 3268 3390 3338 Μωαμέτῃ
3430 3262 3652 3318 σπεύδοντα

2155 3355 2304 3427 μάχῃ
2353 3358 2482 3426 περὶ
2526 3373 2635 3409 των
2677 3359 2815 3411 όλων
2867 3357 3324 3426 διαγωνίσασθαι.
3370 3358 3461 3409 Τὸν
3493 3355 3538 3407 δὲ
3573 3355 3653 3403 ἀντ·

2152 3449 2369 3500 επιέναι
2406 3448 2638 3516 στρατὸν
2673 3448 2878 3517 ἄγοντα
2913 3453 3044 3520 περὶ
3076 3452 3400 3520 πεντήκοντα
3422 3441 3651 3518 μυριάδαςν

2152 3541 2244 3594 καὶ
2273 3540 2577 3611 γενομένης
2607 3542 2790 3613 μάχης
2819 3544 2950 3614 περὶ
2977 3543 3328 3615 Ἀσπὰχανον
3351 3543 3436 3611 τῆς
3463 3535 3652 3608 Περσίδος

2153 3634 2338 3688 πεσεῖν
2366 3635 2761 3705 ἀμφοτέρωθεν
2790 3635 3041 3700 πολλοὺς,
3090 3639 3275 3691 πεσεῖν
3297 3635 3350 3690 δέ
3377 3634 3456 3688 καὶ
3478 3626 3653 3694 Μωαμέ-

2148 3741 2248 3792 την
2291 3725 2384 3778 τὸν
2433 3724 2680 3795 βασιλέα.
2726 3726 3078 3805 Θρασύτερον
3123 3728 3232 3797 γὰρ
3281 3723 3650 3791 ἐξιππαζόμενον,
3750 3793 3758 3805 .

2149 3817 2244 3870 καὶ
2293 3817 2792 3890 παραθαρρύνοντα
2832 3820 2958 3883 τοὺς
3006 3822 3281 3885 οίκείους,
3325 3817 3570 3872 πταίσαντι
3598 3807 3649 3876 τῷ

2149 3909 2301 3979 ἵππῳ
2338 3913 2684 3982 συμπεσόντα
2745 3911 3270 3986 ἐκτραχηλισθῆναι.
3318 3912 3497 3966 Τούτου
3525 3906 3568 3960 δὲ
3593 3920 3649 3955 τεο

2149 3997 2409 4069 θνηκότος
2446 4004 2528 4066 εἰς
2563 4005 2814 4075 ὁμόνοιαν
2854 4010 2968 4070 τοίς
3007 4009 3292 4078 πολεμίοις
3316 4007 3372 4060 τὸ
3399 4003 3561 4072 πλῆθος
3588 3997 3649 4049 ἕλ’

2149 4091 2280 4158 θεῖν,
2327 4093 2420 4146 καὶ
2462 4093 2880 4164 Ταγκρολίπικα
2924 4099 3313 4172 ἀναρρηθῆναι
3354 4099 3446 4152 ὑπὸ
3489 4094 3647 4148 πάντων

2147 4181 2371 4253 βασιλέα
2409 4185 2656 4257 Περσῶν,
2693 4187 2972 4259 Τούρκους
3005 4208 3064 4244 τε
3107 4192 3391 4254 ἀκωλύτως
3423 4189 3504 4258 ἤδη
3532 4181 3648 4238 sisti-

2145 4291 2232 4328 ναι
2272 4277 2351 4340 είς
2386 4278 2483 4347 τὴν
2524 4279 2794 4350 Περσίδα,
2831 4283 2929 4335 καὶ
2970 4283 3305 4348 καθελόντας
3346 4284 3554 4352 Πέρσας.
3583 4273 3648 4325 καὶ

2143 4369 2270 4431 τοὺς
2305 4371 2477 4441 ταύτῃ
2505 4369 2748 4440 ’Ἄραϐας
2786 4373 2982 4438 αὐτοὺς
3018 4371 3162 4430 εἶναι
3196 4377 3440 4448 κυρίους,
3479 4366 3646 4424 σουλτὰο

2144 4476 2236 4512 νον
2265 4461 2357 4514 τὸν
2387 4460 2809 4532 Ταγκρολίπικα
2841 4469 3284 4538 ἐπονομάσαντες
3304 4511 3317 4534 ,
3349 4468 3478 4522 ὦσαν
3501 4471 3644 4514 παντο·

459 4559 574 4605 tum
611 4551 668 4606 in
707 4550 992 4607 Persidem
1033 4548 1385 4622 patefecisse,
1422 4557 1501 4617 et,
1538 4548 1826 4604 debellatis
1857 4549 2042 4604 Persis

2151 4552 2390 4625 κράτορα
2419 4555 2512 4608 καὶ
2537 4558 2778 4628 ἄρχοντα
2808 4559 3043 4614 πάντων.
3073 4558 3210 4616 Εἶτα
3235 4565 3326 4614 καὶ
3349 4560 3434 4628 τῆς
3457 4550 3646 4608 Βαϐυλωι

453 4643 859 4712 Arabibusque,
889 4643 983 4714 qui
1030 4642 1110 4700 ibi
1165 4651 1326 4698 erant
1383 4642 1681 4706 omnibus,
1748 4642 2041 4711 imperium

453 4749 618 4791 suum
634 4736 960 4807 protulisse,
1000 4747 1057 4792 et
1077 4735 1518 4807 'l‘angrolipicem
1541 4736 1842 4800 sultanum,
1883 4738 2040 4805 quasi

411 4901 415 4906 '
454 4822 670 4886 dicere:
711 4829 959 4886 otnnium
990 4830 1398 4886 moderatorem
1427 4838 1486 4884 et
1515 4828 1846 4899 principem,
1871 4829 2042 4884 deuo-

2150 4648 2264 4710 νίας
2300 4650 2596 4718 κρατῆσαι,
2629 4653 2722 4704 καὶ
2760 4653 3040 4723 Ἀραϐίας,
3079 4658 3171 4710 καὶ
3202 4657 3297 4725 τῆς
3330 4643 3643 4723 ’Λτριπατινῆς

2147 4739 2384 4810 Μηδίας,
2420 4741 2454 4812 ἢ
2494 4740 2598 4794 ὑπὸ
2631 4740 2924 4813 Ῥωμαίοις
2961 4745 3034 4798 ἔτ’
3062 4742 3150 4816 ἦν,
3186 4745 3277 4800 καὶ
3300 4743 3463 4816 άλλων
3495 4733 3643 4789 πολλῶν

2147 4832 2249 4901 τῆς
2285 4832 2572 4903 Ῥωμαίων
2600 4835 2976 4905 ἐπικρατείας.

409 4924 692 5012 {03102338
734 4941 751 4978 :
794 4931 920 4978 tum
982 4922 1374 4995 Babyloniam,
1431 4922 1690 4978 Arabiam
1716 4964 1730 4989 ,
1806 4924 2042 4980 Mediam
2082 4926 2490 4998 Atropatiuam,
2552 4944 2674 4999 qua:
2704 4929 2885 4987 adhuc
2951 4933 3053 4988 sub
3085 4933 3319 5006 imperio
3349 4932 3638 4988 Romanorum

451 5029 594 5083 erat,
623 5030 680 5075 et
714 5019 820 5075 alia
869 5019 1042 5075 multa
1088 5036 1156 5076 ex
1185 5019 1446 5075 Romanae
1474 5019 1686 5080 ditione
1717 5020 1819 5076 sibi
1855 5021 2153 5091 subiecisse

530 5115 722 5173 Turca:
753 5118 964 5189 itaque,
993 5126 1053 5172 ut
1079 5116 1276 5190 Scylax
1303 5098 1492 5185 refert,
1527 5133 1558 5173 e
1582 5119 1829 5174 Caucaso
1851 5127 2039 5173 mente

451 5220 738 5280 exeuntes,
769 5209 1005 5268 devictis
1051 5210 1346 5277 Arabibus,
1385 5200 1585 5266 deinde
1639 5199 1904 5266 Romanis
1934 5210 2040 5264 im-

453 5313 738 5376 perarunt.
787 5301 1022 5362 Eosdem
1074 5304 1220 5360 idem
1272 5315 1463 5362 auctor
1497 5314 1554 5360 et
1599 5302 1802 5362 Curtos
1855 5315 2036 5360 vocat.

452 5392 643 5451 Tradit
709 5395 900 5465 enim,
953 5395 1415 5472 Amermnmnem
1472 5397 1663 5453 decem
1732 5397 2032 5452 Curtorum

451 5484 619 5544 millia
644 5484 755 5544 filio
784 5486 1100 5553 tradidisse,
1129 5499 1184 5546 et
1212 5502 1432 5568 omnem
1465 5490 1854 5568 Armeniorum
1872 5505 2035 5545 exer-

449 5583 644 5650 citum,
671 5581 860 5638 adhuc
883 5581 1194 5654 Theophila
1238 5565 1582 5648 imperatore
1600 5582 1932 5658 superstite.
1961 5583 2029 5638 Et

445 5662 668 5742 rursus,
719 5676 922 5731 Basilio
973 5677 1200 5731 nuntios
1246 5691 1277 5731 e
1343 5673 1732 5746 Mesopotamia
1789 5676 2036 5733 redditos

445 5766 636 5832 fuisse,
661 5781 878 5834 unaque
907 5781 1033 5821 cum
1057 5766 1165 5821 illis
1193 5765 1401 5828 multos
1429 5766 1627 5824 Curtos
1645 5777 1702 5823 et
1727 5768 2034 5824 Saracenos

445 5859 694 5928 captivos
753 5852 1077 5912 conductos.
1121 5855 1402 5912 Getnistus
1456 5873 1610 5924 vero,
1667 5873 2034 5927 cognomento

2223 5110 2461 5192 Τόὖρκοι
2498 5123 2597 5188 μὲν
2629 5118 2725 5180 οὖν
2757 5127 2900 5180 κατά
2934 5128 3188 5183 Σκύλακα
3221 5127 3324 5182 ἀπὸ
3353 5124 3449 5180 τῶν
3478 5105 3638 5174 Καύκα-

2151 5215 2281 5269 σίων
2310 5214 2626 5286 ὁρμώμενοι
2655 5218 2829 5288 ὁρέων
2849 5258 2862 5284 ,
2896 5215 3070 5291 ἦρξαν
3098 5221 3334 5293 Ἀρασας
3361 5214 3636 5272 καθελόντες.

2146 5300 2269 5359 εἶτα
2302 5306 2624 5376 Ῥωμαίους.
2655 5308 2827 5363 Καλεί
2854 5311 2912 5364 δὲ
2939 5315 3067 5376 τοὺς
3097 5314 3292 5376 αὐτοὺς
3315 5313 3399 5366 καὶ
3426 5303 3636 5372 Κούρτθνί

2143 5396 2174 5448 ό
2204 5395 2440 5462 Σκύλαξ.
2473 5400 2722 5471 Μυρίους
2753 5401 2905 5470 γοῦν,
2952 5408 3111 5473 φησὶ,
3158 5405 3404 5475 Κούρτων
3433 5400 3637 5466 ’Δμερμν

2143 5491 2287 5561 μνῆν
2328 5493 2621 5548 δεδωκέναι
2664 5497 2740 5566 τῷ
2785 5497 2919 5568 υἱῷ,
2955 5502 3047 5553 καὶ
3078 5503 3252 5555 πᾶσαν
3289 5497 3379 5567 τὴν
3410 5483 3632 5559 Ἀρμενίων

2135 5585 2424 5654 στρατιὰν,
2449 5587 2696 5653 ἐπιόντος
2723 5590 2990 5661 Θεοφίλου
3023 5595 3118 5648 τοῦ
3157 5589 3528 5660 αὐτοκράτορος·
3558 5569 3633 5626 καὶ

2134 5679 2323 5747 πάλιν,
2349 5681 2431 5734 ὅτι
2461 5683 2743 5748 Βασίλειος
2771 5687 2838 5738 ἐκ
2858 5689 3278 5759 Μεσοποταμίας
3302 5683 3485 5744 δέξπιτο
3505 5674 3626 5766 d7!“

2135 5769 2274 5836 λίαςν
2323 5771 2700 5840 κομισθέντων
2741 5777 3031 5847 αὐτῷ-καὶ
3080 5775 3412 5849 αίχμαλώτων
3455 5761 3625 5815 πολλῶν.

2140 5861 2402 5932 Κούρτιον
2435 5879 2493 5915 τε
2527 5864 2619 5918 καὶ
2653 5865 3013 5942 Σαρακηνὼν.
3050 5865 3301 5938 Γεμιστὸς
3329 5863 3379 5915 δὲ
3405 5859 3427 5910 ὁ
3454 5859 3620 5923 μετονο-
