3934 6198
2806 203 2849 223 ο

347 303 470 367 1001
1513 311 1612 371 DE
1650 308 1900 370 ORIGIl‘

2050 308 2467 380 'URCARUM.
3463 315 3603 388 1069

345 422 572 489 μασθε’·ς
599 423 852 494 Πλήθων,
871 425 1014 496 ἀνὴρ
1045 426 1282 497 μάλιστα
1311 426 1421 481 τῶν
1452 427 1574 481 καθ’
1597 429 1744 498 ἡμᾶς
1771 428 1894 494 δόξα

2058 423 2248 492 ηειιιο,
2313 428 2408 498 qui
2447 428 2596 485 hisce
2651 429 2854 485 nostris
2885 431 3223 502 temporibus
3247 447 3359 504 prae
3387 435 3611 490 caeteris.

343 514 582 582 ἱστορίας
626 517 1065 582 ἀντιποιεῖσθαι,
1101 519 1574 590 Παροπαμισάδας
1617 516 1756 574 εῐναι
1791 505 1885 574 τοῦ

2048 519 2320 573 iistoriam
2374 520 2479 574 sibi
2529 519 2749 575 videtur
2807 535 3114 591 arrogasse,
3147 521 3600 592 Paropamisadas

343 605 619 675 Τούρκους
678 613 862 678 φησιν,
902 609 994 662 ὑπ’
1028 610 1381 682 Ἀλεξάνδρου
1413 612 1471 666 δὲ
1501 612 1596 666 τοῦ
1627 613 1891 667 Φιλίππου

2044 626 2140 672 :sse
2200 610 2410 668 Turcas
2455 612 2679 678 latetur,
2711 613 2779 666 ab
2836 613 3145 670 Alexandro
3191 613 3428 685 Philippi
3486 616 3597 670 ﬁlio

340 699 436 750 καὶ
487 700 598 752 τῶν
652 700 778 768 μετ’
833 700 1049 756 ἐκείνου
1113 703 1386 774 Ἐλλήνων
1438 705 1893 760 ιπιϐουλευθέντας

2048 702 2338 775 irmcisqne
2389 705 2513 760 aliis
2550 705 2644 776 qui
2694 721 2820 761 cum
2851 719 2919 760 eo
2954 705 3284 772 militabant,
3313 721 3410 777 per
3460 706 3601 768 insi:

337 789 431 840 καὶ
460 791 855 859 κρατηθέντας,
885 793 1164 865 πάρεργον
1189 798 1288 865 τῆς
1308 799 1388 862 εἰς
1417 797 1612 863 Ἰνδοὺς
1637 801 1756 853 τότε
1778 817 1890 871 παρ

2038 795 2140 852 lias
2187 808 2379 868 captos
2430 807 2487 877 et
2519 799 2785 860 devictos,
2838 813 2898 852 re
2933 797 3305 867 perfunctorie
3343 807 3401 854 et
3433 797 3591 868 quasi

335 882 494 945 ὁδου,
554 883 712 947 δίκας
765 885 863 939 νῦν
911 886 1002 941 διὰ
1052 889 1269 958 μακροῦ
1323 891 1760 957 πολλαπλασίους
1805 894 1888 947 τῶε

2036 885 2165 940 diud
2199 886 2402 956 agenti,
2433 887 2565 941 dum
2604 887 2659 942 iu
2685 886 2848 943 Indos
2895 887 3278 955 contenderet,
3318 886 3589 955 factitata,

336 974 708 1046 ὑπηργμένων
734 979 1089 1048 εἰσπράττειν
1111 983 1237 1045 τοὺς
1275 981 1566 1052 Ἕλληνας.
1587 984 1749 1038 Ὥστε
1777 983 1889 1039 πολί

2084 994 2168 1034 me
2205 990 2326 1048 post
2357 989 2436 1036 tot
2460 996 2656 1046 annos,
2707 996 2922 1051 poenas.
2956 981 3128 1038 multo
3159 983 3637 1040 abundantiorem.

332 1058 476 1120 οὗτοι
510 1069 874 1134 διαφωνοῦσιν
903 1071 1172 1142 ἀλλήλων,
1209 1074 1314 1142 εἴγ’
1339 1077 1370 1130 ό
1406 1075 1506 1145 μὶν
1537 1076 1648 1131 ἀπὸ
1681 1078 1885 1133 Καυκάη

2040 1086 2420 1142 μοφεεεοιιωη.
2461 1087 2490 1124 a
2521 1071 2727 1128 Graecis
2768 1087 3006 1128 sumere.
3050 1073 3230 1139 Quare
3265 1075 3319 1129 bi
3358 1075 3593 1134 Inuitum

334 1174 465 1219 σου,
501 1159 531 1210 δ
570 1158 626 1211 δὲ
666 1159 776 1214 ἀπὸ
820 1161 1218 1233 Παροπαμισοῦ
1257 1164 1406 1233 λέγοι
1444 1168 1753 1238 ὁρμηθῆναι
1784 1169 1887 1222 τοῦ

2113 1179 2161 1218 3r
2196 1179 2255 1219 se
2283 1163 2571 1230 diii'eruut,
2602 1166 2734 1220 eum
2758 1165 2847 1222 ille
2880 1167 3102 1237 quidam
3142 1183 3173 1222 e
3203 1166 3468 1229 Caucaso,
3499 1168 3590 1223 hic
3639 1171 3666 1204 '

333 1251 631 1321 Τούρκους.
665 1239 838 1324 Δῆλον
870 1259 980 1329 γὰρ
1013 1261 1095 1313 ὅτι
1133 1261 1346 1328 Σκύλαξ
1384 1263 1676 1318 Καύκασον
1708 1266 1881 1336 ὄνομά

2040 1291 2044 1312 ι
2101 1255 2454 1326 Psropamiso
2513 1256 2724 1311 Turcas
2781 1259 3031 1329 erupisse
3079 1257 3302 1314 referat.
3367 1259 3593 1315 Manife-

332 1344 416 1405 ζει
455 1345 516 1399 ὀύ
550 1347 641 1400 τὸν
677 1349 786 1402 ἀπὸ
817 1351 1145 1406 Μακεδόνων
1209 1353 1479 1425 κληθέντα
1509 1356 1726 1420 ἀτόπως
1759 1359 1885 1412 Καύ

2035 1360 2155 1404 tum
2181 1349 2456 1420 siquidem
2493 1359 2596 1414 est,
2657 1350 2938 1423 Scylacem
2987 1367 3097 1407 non
3131 1367 3258 1408 eum
3312 1353 3588 1422 appellare

333 1453 500 1491 κασον
549 1441 676 1510 περὶ
727 1441 828 1511 τὴν
868 1443 1098 1514 Ἰνδικὴν
1151 1446 1316 1516 μέρος
1365 1448 1496 1502 ὄντα
1547 1450 1641 1502 τοῦ
1691 1451 1886 1522 Ταύροι

2038 1441 2319 1497 Zaucasum
2357 1453 2623 1510 montem,
2666 1459 2830 1514 quem
2867 1454 3076 1500 temere
3102 1445 3157 1499 in
3206 1443 3356 1499 ludia
3389 1444 3462 1499 ita
3492 1459 3591 1498 vo-

329 1531 522 1598 δρους,
576 1535 713 1587 ἀλλὰ
761 1537 824 1609 το
875 1538 1272 1608 ὑπερκείμενον
1321 1542 1446 1610 ὅρος
1491 1544 1589 1597 τοῦ
1640 1546 1882 1614 πελάγου

2036 1551 2202 1591 :avcre
2259 1534 2608 1601 Macedones,
2641 1536 2734 1605 Qui
2768 1551 2897 1606 pars
2924 1536 3093 1592 Tauri
3121 1536 3322 1592 montis
3353 1545 3458 1602 est,
3491 1535 3589 1592 sed

329 1623 592 1696 ἑκατέρου
625 1625 716 1680 τοῦ
749 1644 808 1680 τε
838 1629 1100 1682 Ποντικοῦ
1132 1631 1344 1684 καὶτοῦ
1376 1634 1623 1688 Κασπίου
1654 1637 1882 1707 διατειχί

2033 1644 2157 1692 :um,
2208 1629 2302 1698 qui
2341 1643 2492 1684 mare
2526 1638 2848 1696 utrumque,
2891 1629 3179 1685 Ponticum
3207 1641 3264 1686 et
3305 1629 3586 1699 Caspium,

327 1715 420 1780 ζον
446 1717 537 1770 τὸν
571 1717 764 1788 ἰσθμὸν
792 1719 884 1772 τὸν
916 1721 1231 1791 διείργοντα
1263 1723 1403 1778 αὐτὰ
1425 1766 1438 1788 ,
1476 1725 1570 1779 καὶ
1603 1727 1779 1797 διέχον
1807 1730 1880 1791 τῆ

2033 1718 2402 1788 ηυρετοηιίηει,
2434 1727 2490 1774 et
2527 1719 2647 1774 loco
2677 1719 2821 1775 muri
2851 1730 2959 1785 est,
2995 1719 3185 1776 Isthmi
3228 1721 3398 1776 maria
3425 1734 3586 1790 sepa-

337 1808 563 1880 Ἰνδικῆς
590 1811 810 1876 πλείους
837 1813 869 1882 ἢ
898 1816 1264 1885 τρισμυρίους
1293 1819 1564 1883 σταδίους,
1591 1778 1749 1875 τοῦτο
1777 1839 1890 1874 συν‹

2036 1778 2206 1875 antis,
2249 1778 2514 1878 abestque
2549 1811 2618 1865 ab
2642 1809 2800 1865 India
2825 1778 3018 1868 stadiis
3046 1811 3172 1882 plus
3206 1813 3432 1884 triginta
3464 1778 3589 1866 mil-

327 1900 474 1968 ήθως
516 1902 674 1955 καλεῖ
714 1903 1027 1961 Καύκασον.
1073 1908 1467 1979 Παροπαμισδς
1505 1911 1563 1964 δὲ
1610 1914 1774 1982 μέρος
1810 1915 1880 1968 τοι

2032 1901 2176 1957 ibus.
2221 1900 2376 1956 llunc
2408 1901 2520 1968 ille,
2556 1912 2694 1958 utet
2718 1903 2843 1959 aliis
2869 1905 2923 1959 in
2960 1918 3113 1960 more
3143 1911 3251 1968 est,
3277 1903 3584 1960 Caucasum

323 1993 540 2063 Ταύρου
579 1997 696 2048 ἐστὶ
731 1998 868 2067 πρὸς
902 1997 982 2067 τῷ
1021 2000 1190 2072 Ἰμάῳ
1223 2005 1319 2058 καὶ
1351 2006 1416 2074 τῇ
1454 2003 1685 2076 Ἰνδικῇ,
1724 2007 1816 2074 ἀφ’
1842 2004 1876 2059 οἳ

2036 2004 2190 2047 'ocat.
2251 1992 2640 2063 Paropamisus
2670 2009 2802 2049 vero
2849 2009 2980 2065 pars
3004 1993 3170 2050 Tauri
3209 2003 3315 2062 est,
3354 1995 3502 2050 Imao
3531 2004 3589 2049 et

322 2086 642 2149 Μακεδόνας
694 2089 1063 2174 ώρμημένρυς
1115 2095 1198 2157 είς
1243 2094 1342 2166 τὴν
1390 2097 1616 2168 Ἰνδικὴν
1663 2099 1875 2169 Ἀριστό

2035 2082 2174 2136 ndize
2203 2084 2510 2150 proximus,
2535 2098 2604 2138 ex
2633 2099 2746 2153 quo
2781 2083 3130 2151 Macedones,
3159 2085 3587 2140 utAristobulus

323 2176 514 2240 ϐουλος
562 2177 809 2248 είρηκεν.
839 2182 1026 2236 Ἔοικε
1075 2184 1131 2237 δὲ
1175 2187 1504 2257 παραλόγως
1551 2190 1718 2242 ταῦτα
1763 2191 1875 2258 ms,

2030 2177 2195 2240 'el'ert,
2227 2175 2434 2230 Indiam
2475 2175 2750 2232 invasere.
2800 2176 2928 2232 Haec
2965 2187 3150 2233 autem
3181 2185 3380 2247 prater
3417 2177 3583 2233 ratio-

322 2267 453 2320 θωνι
485 2269 756 2338 εἰρῆσθαι,
792 2273 888 2325 καὶ
918 2273 1010 2326 ἐπὶ
1042 2275 1103 2327 τὸ
1159 2275 1606 2347 θαυμασιώτερον
1637 2279 1669 2350 ἥ
1705 2281 1870 2348 άληθέ

2029 2282 2130 2322 lem
2163 2283 2192 2321 a
2227 2267 2492 2323 Pletlione
2519 2268 2665 2322 dicta
2693 2282 2817 2350 esse
2842 2267 3105 2324 videntur
3128 2286 3143 2336 ;
3174 2269 3378 2338 quibus
3401 2268 3582 2322 admi-

322 2375 533 2427 στερον.
583 2359 720 2414 Οὔτε
771 2362 881 2432 γὰρ
927 2364 1036 2416 τῶν
1091 2367 1196 2436 πρὸ
1247 2367 1412 2420 αὑτοῦ
1463 2349 1683 2439 εἴρηκεν
1727 2371 1875 2423 οὐδεὶς

2026 2360 2273 2414 'atiouem
2329 2359 2513 2428 potius
2571 2368 2755 2428 captat
2779 2349 2802 2423 ,’
2845 2375 3013 2428 quam
3065 2359 3352 2414 veritatem
3409 2360 3579 2413 limat.

319 2450 472 2514 ἔθνος
498 2452 650 2504 οὐδὲν
675 2454 785 2506 τῶν
813 2455 1300 2526 Παραπαμισαδῶν
1326 2459 1624 2529 Τούρκους,
1651 2461 1684 2530 ἢ
1713 2461 1872 2534 ἓτερόε

2030 2452 2191 2520 quue
2219 2451 2366 2505 enim
2395 2450 2672 2520 quispiam
2704 2460 2834 2505 ante
2866 2452 3045 2521 ipsum
3097 2461 3314 2523 gentem
3349 2450 3583 2520 Paropa-

315 2560 368 2595 τι
405 2542 510 2595 τῶν
537 2546 802 2613 σύνεγγυς
835 2548 1137 2617 ὀνομάτων,
1173 2549 1287 2603 οὒτ’
1311 2551 1534 2606 ἄλλοθέν
1572 2553 1732 2608 ποθεν
1768 2573 1868 2626 μετ

2025 2537 2341 2592 nisadarum
2400 2539 2638 2608 aliquam
2699 2537 2931 2606 Turcas,
2980 2540 3064 2594 vel
3115 2541 3263 2595 aliud
3297 2541 3576 2612 quidpiam

317 2632 622 2701 οικισθῆναι
661 2638 739 2699 είς
770 2639 1170 2708 Παραπαμισδν
1218 2642 1518 2714 Τούρκους.
1548 2645 1623 2698 Ού
1654 2647 1763 2714 μὴν
1789 2648 1870 2701 οὑξ

2021 2630 2375 2684 ποιίιιιοτιιω
2403 2629 2686 2684 hominum
2703 2645 2902 2700 genus,
2935 2646 3114 2702 neque
3144 2633 3367 2688 aliunde
3389 2633 3574 2688 sedem

319 2725 462 2787 εἰκὸς
510 2725 842 2799 Μωαμέτην,
884 2731 1108 2798 Περσῶν
1152 2735 1410 2804 ἄρχοντα,
1455 2738 1797 2808 πολεμοῦντα
1841 2741 1872 2795 δ

2020 2730 2302 2784 nutantes,
2335 2721 2390 2776 in
2442 2721 2800 2790 Paropamiso
2843 2721 3035 2792 pedem
3072 2722 3276 2786 ﬁxisse,
3308 2727 3573 2783 narravit.

317 2816 455 2885 πρὸς
491 2816 868 2881 Βαϐυλωνίους
902 2820 998 2873 καὶ
1036 2821 1229 2885 Ἰνδοὺς
1255 2861 1270 2887 ,
1306 2823 1562 2892 πρέσϐεις
1597 2827 1723 2896 περὶ
1757 2845 1866 2896 συμ

2018 2816 2142 2883 )uin
2201 2817 2309 2871 imo
2358 2833 2536 2888 neque
2590 2826 3021 2873 consentaneum
3084 2827 3188 2885 est,
3222 2816 3571 2887 Moametem,

319 2907 519 2976 μαχί-ις
565 2907 807 2977 πέμπειν
839 2910 913 2973 ὡς
959 2911 1425 2982 Παροπαμισάδας
1464 2917 1698 2987 ὁμόρους
1736 2919 1872 2973 ὄντα

2020 2909 2287 2964 ’ersarum
2315 2909 2641 2979 principem,
2674 2924 2800 2963 cum
2844 2907 3158 2980 Babyloniis
3197 2920 3253 2964 et
3285 2911 3434 2964 Indis
3471 2926 3573 2982 pu-

331 2999 510 3060 Ίνδοίς
529 3041 542 3062 ,
575 3000 629 3052 εί
656 3017 708 3053 τι
743 3000 826 3054 δεῖ
856 3001 1092 3057 Σκύλακι
1123 3005 1406 3060 πιστεύειν
1429 3047 1442 3072 ,
1474 3007 1549 3070 ὡς
1579 3010 1884 3081 Μωαμέτης

2024 3010 2276 3068 mantem,
2309 3018 2339 3055 a
2391 3001 2856 3070 Paropamisadis,
2898 3001 3046 3056 Indis
3077 3001 3348 3067 ﬁnitimis,
3382 3002 3577 3073 legatis

318 3088 468 3141 ταῦτ’
495 3089 878 3156 ἐπρεσϐεύετο.
924 3091 1065 3145 Ἀλλ’
1099 3092 1466 3166 εὐλογώτερον
1501 3099 1563 3151 τὸ
1597 3100 1752 3168 παρὰ
1785 3099 1894 3154 τῶν
1921 3106 1963 3164 c
1999 3093 2204 3158 missis,
2265 3093 2470 3147 auxilia
2531 3093 2775 3162 petiisse,
2813 3095 2860 3148 si
2908 3094 3128 3164 quidem
3170 3094 3381 3167 Scylaci
3440 3094 3576 3152 [idea

317 3179 522 3250 μεταξὺ
547 3169 829 3248 Τανάϊδος,
861 3183 957 3236 καὶ
981 3184 1081 3253 τῆς
1111 3185 1407 3256 ’Υρκανίας
1438 3188 1717 3258 θαλάσσης
1744 3192 1870 3260 οίκηη

2019 3185 2306 3240 ldbibenda
2356 3197 2462 3250 est,
2520 3185 2614 3255 qui
2663 3185 2989 3240 Moametem
3048 3187 3246 3242 similia
3300 3187 3572 3258 legatione

313 3273 487 3342 τόρων
514 3277 836 3344 συμμαχίαν
863 3276 1086 3344 αἰτῆσαι
1119 3279 1214 3332 καὶ
1241 3279 1449 3332 λαϐεῖν.
1479 3281 1541 3333 ΕΙ
1571 3281 1628 3334 δὲ
1661 3282 1866 3353 Πλήθει)⁴

2014 3285 2234 3331 ,entasse
2264 3275 2457 3330 scribit
2489 3293 2504 3329 :
2538 3277 2634 3331 sed
2677 3276 3062 3333 rationabilius
3092 3286 3200 3344 est,
3236 3279 3307 3333 ab
3342 3279 3432 3345 iis,
3472 3280 3567 3347 qui

311 3365 486 3418 οἴεται
516 3367 773 3421 Σκύλακα
804 3369 1019 3437 ἀγνοεῖν
1045 3369 1220 3424 ταῦτα
1247 3375 1344 3427 καὶ
1372 3371 1694 3442 ψεύδεσθαι,
1725 3375 1864 3428 πόθει

2017 3377 2139 3420 uter
2197 3365 2493 3420 Tanaidem
2527 3374 2584 3421 et
2641 3365 2954 3436 Hyrcanum
3009 3383 3156 3423 mare
3219 3370 3569 3440 interiacent,

311 3459 466 3522 εἰδὼς
498 3461 657 3523 αὐτὸς
693 3461 951 3530 ἀληθεύει
973 3501 988 3524 ,
1026 3462 1253 3531 μηδενὸς
1289 3463 1399 3518 τῶν
1435 3465 1670 3535 πρόσθεν
1702 3467 1864 3520 είπόνη

2016 3473 2153 3528 ιρθω
2197 3458 2523 3528 implorasse
2573 3468 2630 3514 et
2688 3460 2984 3529 reperisse.
3037 3459 3236 3515 Verum
3273 3461 3318 3515 si
3377 3461 3569 3517 Pletho

309 3568 424 3615 τος,
466 3552 548 3604 ὃτι
601 3553 1055 3621 Παροπαμισάδαι
1105 3557 1152 3607 οἱ
1203 3555 1438 3626 Τοῦρκοι
1491 3559 1723 3627 είησαν;
1771 3560 1858 3612 πῶ

2016 3551 2293 3619 icyiacem,
2366 3565 2549 3604 rerum
2605 3552 2797 3606 barum
2861 3553 3129 3617 nescium,
3192 3552 3328 3606 falsa
3380 3552 3569 3608 dicere

309 3659 439 3695 ποτε
467 3642 513 3696 δ’
537 3632 897 3713 ἀπεκαλύφθη
929 3645 1079 3714 αύτῷ
1108 3647 1341 3717 τάληθὲς
1369 3651 1744 3716 τετρακοσίοις
1773 3651 1858 3705 Et:

2014 3642 2286 3705 :xistimat,
2309 3641 2608 3726 .undenam
2645 3642 2766 3712 ipse
2799 3643 3090 3698 veritatem
3123 3644 3386 3698 hauriens
3407 3645 3567 3706 collis

311 3753 396 3789 σιν
439 3733 668 3805 ὕστερον
709 3734 802 3788 τοῦ
851 3736 1128 3800 Σκύλακος
1172 3739 1485 3808 γενομένῳ;
1531 3744 1640 3794 Καὶ
1687 3742 1794 3812 μὴν
1837 3761 1860 3795 ε

2014 3752 2126 3806 nat,
2154 3758 2278 3796 cum
2310 3757 2472 3797 nemo
2495 3751 2622 3797 ante
2653 3741 2857 3811 ipsum,
2883 3743 3336 3813 Parapamisadas
3359 3744 3567 3800 Turcas

307 3827 432 3889 τοὺς
471 3827 549 3897 τῷ
594 3827 768 3897 χρόνῳ
811 3829 1092 3900 ἐγγυτέρῳ
1123 3831 1234 3883 τῶν
1271 3832 1522 3901 πράξεων
1557 3836 1860 3903 γενομένου

2010 3835 2178 3898 ’uisse,
2234 3834 2414 3890 fassus
2456 3835 2575 3890 sit?
2623 3835 2908 3892 Undenam
2953 3837 3076 3906 ipsi,
3133 3837 3563 3906 quadringentos

306 3920 448 3982 εἰκὸς
486 3920 684 3988 μᾶλλον
710 3919 779 3971 τὰ
812 3919 942 3972 ὄντα
972 3922 1220 3991 φράζειν,
1256 3924 1466 3990 Σκύλαξ
1505 3926 1706 3994 μᾶλλόν
1736 3945 1787 3980 τι
1818 3929 1859 3982 ἂι

2010 3942 2165 3982 mnos
2197 3937 2320 3997 post
2357 3929 2637 3998 Scylacem
2674 3938 2824 3991 nato,
2855 3929 3063 3983 veritas
3104 3929 3378 3984 innotuit?
3407 3929 3563 3996 Quod

307 4013 462 4077 εἰδὼς
494 4013 745 4081 άληθεύοι
777 4016 1152 4082 τετρακοσίοις
1183 4015 1326 4070 ἔτεσι
1363 4018 1648 4089 Πλὴθωνος
1681 4038 1860 4091 προγει

2006 4019 2034 4072 εἰ
2065 4033 2181 4084 eos,
2211 4019 2302 4087 qui
2340 4017 2505 4071 rebus
2540 4018 2712 4087 gestis
2740 4018 3107 4087 proximiores
3133 4020 3314 4084 l'uere,
3360 4034 3448 4074 res
3471 4035 3559 4089 ge-

306 4104 554 4173 νέστερος
587 4103 680 4155 ὧν.
711 4105 861 4171 Ἔχει
892 4103 947 4156 δέ
980 4121 1032 4155 τι
1065 4104 1378 4174 θαυμαστὸν
1409 4111 1436 4162 ό
1466 4109 1557 4162 τοῦ
1593 4111 1859 4181 Πλὴθωνοε

2004 4121 2117 4176 stas,
2169 4111 2246 4165 uti
2288 4119 2696 4174 successerunt,
2733 4110 2991 4180 prosequi
3030 4111 3387 4166 verisimilius
3435 4121 3557 4179 est;

304 4194 482 4261 λόγος,
512 4196 560 4246 εί
592 4193 1071 4258 ἐπιϐουλευθέντες
1099 4213 1158 4248 τε
1191 4197 1284 4249 καὶ
1315 4201 1681 4270 κρατηθέντες
1711 4203 1854 4258 πάλα

2005 4203 2146 4258 ›1;ιιιο
2179 4201 2397 4272 Scylax,
2435 4217 2558 4256 cum
2602 4201 2921 4257 I’letbonem
2947 4203 3370 4274 quadringentis
3397 4204 3558 4258 annis

305 4287 410 4338 ὑπὸ
469 4287 578 4338 τῶν
644 4294 774 4356 περὶ
839 4287 1186 4358 Ἀλέξανδρον
1237 4291 1730 4361 Παροπαμισάδαι,
1785 4295 1858 4349 νῦε

2002 4297 2348 4360 ιιιωοεςςετίι,
2409 4294 2581 4365 magis
2639 4309 2820 4350 rerum
2869 4295 3236 4364 cognitionem
3285 4295 3555 4365 attigisse,

300 4377 701 4446 ὀκτακοσιοστῴ
723 4381 816 4431 καὶ
841 4379 1092 4450 χιλιοστῷ
1113 4380 1336 4450 ὕστερον
1356 4381 1465 4436 ἔτει
1487 4387 1853 4454 είσπράττουσ

2006 4389 2220 4458 deoque
2249 4388 2464 4443 veriora
2503 4388 2710 4452 dicere,
2749 4388 2963 4442 censeri
2993 4388 3178 4442 debet.
3220 4387 3287 4442 Et
3332 4389 3553 4458 quidem

299 4471 456 4535 δίκας
504 4472 611 4524 τῶν
659 4472 1025 4541 ὑπηργμένων
1072 4475 1194 4534 τοὺς
1219 4474 1507 4546 Ἕλληνας.
1559 4481 1723 4549 Δίκην
1770 4483 1852 4553 γάι

2007 4479 2118 4533 llud
2153 4479 2355 4532 mirum
2382 4487 2466 4532 est
2502 4479 2554 4531 in
2587 4478 3011 4534 ratiocinatione
3034 4479 3348 4544 Pictimuis,
3378 4480 3422 4533 si
3445 4480 3553 4547 iam

299 4580 420 4616 τινα
455 4566 546 4615 καὶ
585 4566 840 4630 πρόνοιαν
877 4567 988 4619 τοῖς
1029 4566 1339 4634 ἀνθρώποις
1378 4569 1649 4640 ὑπάρχειν
1684 4575 1746 4626 ὲκ
1782 4578 1852 4627 τοι

2000 4565 2049 4619 ib
2086 4565 2383 4620 Alexandri
2438 4564 2614 4619 milite
2677 4581 2777 4634 per
2832 4566 3060 4622 insidias
3090 4567 3455 4624 circumventi
3489 4587 3553 4625 ac

299 4656 456 4709 Θείου
492 4659 518 4708 ὁ
551 4655 706 4722 λόγος
731 4655 901 4724 δηλοῖ.
941 4657 1007 4708 Τί
1040 4659 1260 4710 ποτε’δ⁹
1284 4660 1344 4711 ού
1393 4661 1632 4730 Πέρσαις
1673 4667 1852 4734 μᾶλλο

2001 4655 2120 4724 :apti
2151 4655 2606 4724 Paropamisadm,
2637 4669 2784 4718 nunc
2819 4655 3066 4721 tandem,
3101 4668 3227 4728 post
3261 4662 3554 4728 octingen-

296 4749 513 4817 διέφερε
552 4751 658 4811 τοῖς
694 4748 1040 4818 ἀοραιρεθείσι
1076 4753 1175 4820 τὴν
1212 4753 1310 4821 τῆς
1353 4755 1540 4818 Ἀσίας
1576 4759 1849 4828 ἡγεμονίαι

2040 4748 2234 4803 simum
2278 4756 2333 4802 et
2363 4747 2710 4802 millesimum
2737 4764 2966 4808 annum.
2996 4749 3068 4801 ob
3109 4749 3252 4805 hanc
3289 4751 3548 4823 iniuriam
3583 4749 3593 4859 Ξ

297 4839 449 4900 δίκας
478 4840 824 4901 εἰσπράττειν
850 4840 974 4900 τοὺς
1001 4840 1388 4907 ἀφελομένους,
1416 4843 1447 4914 ἦ
1481 4845 1846 4914 Παροπαμισά

2047 4840 2303 4909 pplicium
2328 4840 2432 4894 sibi
2460 4850 2686 4894 sumunt
2712 4855 2740 4893 a
2768 4841 2992 4896 Graecis.
3023 4841 3375 4898 Providentia
3398 4845 3548 4898 enim
3583 4839 3592 4888 ἶ

295 4928 423 4991 δγςς
457 4928 561 4981 Καὶ
591 4928 703 4996 ἅμα
734 4928 792 4980 τὸ
819 4929 1046 4997 ἀρχαῖον
1073 4929 1180 4981 τῶν
1207 4931 1466 4999 Τούριιων
1496 4935 1666 5004 ὄνομα
1701 4938 1843 5008 ὐπάρ

2059 4931 2272 5000 justitia
2324 4931 2511 4985 divina
2554 4933 2812 4987 mortales
2845 4934 2979 5003 regi,
3019 4934 3253 4990 humana
3300 4937 3442 4991 ratio
3469 4946 3548 4994 te-
3581 4941 3586 4952 '

298 5037 392 5088 χον
452 5023 531 5096 ἐν,
560 5021 795 5088 Πέρσαις
848 5020 1215 5090 πιθανώτερον
1278 5023 1345 5075 ἂν
1396 5026 1572 5079 ἐποίει
1623 5029 1848 5099 Πλήοων

1994 5034 2172 5078 ιιιιῑυτ.
2207 5023 2427 5088 Verum,
2466 5038 2633 5092 quare
2664 5024 2843 5093 potius
2877 5041 2988 5080 non
3021 5036 3299 5098 spectaret
3330 5029 3395 5083 ad
3418 5028 3547 5084 Per-

295 5111 387 5162 τὸν
415 5109 591 5175 λόγον.
625 5109 779 5178 ’ῼκει
803 5109 911 5176 γὰρ
938 5107 1038 5177 τὴν
1070 5109 1304 5178 Περσίδα
1328 5110 1477 5182 ἔθνη,
1508 5115 1560 5166 οἵ
1585 5131 1644 5166 τε
1675 5116 1848 5169 Πατει

1991 5128 2085 5177 ias,
2117 5112 2210 5181 qui
2232 5112 2466 5180 imperio
2490 5108 2631 5166 Asize
2653 5113 2871 5181 spoliati
2902 5123 3048 5181 sunt,
3081 5115 3224 5184 rapti
3246 5116 3544 5172 vindictam

297 5203 512 5270 σχορεῖς
546 5201 852 5270 λεγόμενοι,
889 5199 984 5253 καὶ
1015 5203 1062 5252 οἱ
1101 5202 1498 5270 Ἀχαιμενίδαι,
1538 5207 1632 5260 καὶ
1665 5208 1845 5276 Μάγοι

1991 5205 2277 5275 suscipere,
2329 5219 2494 5272 quam
2540 5204 2604 5258 ad
2653 5204 3142 5273 Paropamisadas?
3187 5208 3277 5274 Et,
3318 5225 3443 5264 cum
3482 5226 3544 5266 ea

293 5291 439 5344 οὗτοι
489 5293 587 5361 μὲν
635 5291 835 5362 σεμνοῦ
881 5309 1024 5354 τινος
1069 5293 1183 5360 βίου
1226 5294 1504 5362 ζηλωταίο
1533 5297 1766 5368 Κύρτιοι
1813 5301 1840 5354 δ

1988 5305 2133 5350 etate
2165 5296 2364 5349 Turca:
2393 5296 2536 5348 inter
2583 5297 2732 5364 ipsos
2781 5295 2976 5351 Persas
3023 5310 3541 5367 aunumerarentnr,

295 5383 389 5436 καὶ
419 5383 638 5452 Μαραοὶ
669 5384 971 5454 λῃστρικοί.
1000 5379 1078 5437 Ἦ
1106 5388 1185 5438 ὅτι
1220 5388 1430 5458 Πέρσαι
1463 5391 1646 5454 κακῶς
1674 5391 1728 5445 "E

1987 5387 2115 5441 -atio
2143 5387 2427 5442 Plctimuis
2461 5362 2790 5442 credibilior
2823 5399 2974 5443 esset
3008 5407 3021 5442 :
3053 5391 3238 5460 populi
3267 5362 3540 5462 siquidem

293 5492 390 5536 νας
417 5475 682 5543 πρότερον
707 5477 1089 5546 πεποιηκότες,
1117 5478 1338 5541 δικαίως
1367 5482 1823 5537 ἀντιπεπόνθασιν

1992 5479 2062 5548 lui
2092 5477 2369 5532 Persidem
2385 5479 2662 5542 tenebant,
2686 5489 2839 5532 erant
2864 5479 3338 5548 Patisclloreuses,
3355 5482 3545 5538 Achar

293 5565 428 5617 ἁλλὰ
468 5565 518 5616 τί
565 5583 691 5616 ποτε
735 5567 792 5618 οὗ
840 5569 1220 5640 Βακτριανοίς,
1265 5572 1356 5622 καὶ
1401 5572 1728 5640 Σογδ;ανοῖ;,
1776 5594 1844 5629 κα

1989 5572 2224 5633 ιιοιιίιίω,
2256 5569 2414 5640 Magi,
2439 5570 2622 5640 gravis
2646 5587 2709 5626 ac
2736 5573 3029 5627 moderatae
3052 5574 3432 5638 vitminstituti
3456 5592 3542 5632 se-

303 5656 554 5725 Ἀρείοις,
594 5657 686 5710 καὶ
726 5659 997 5719 πλείστοις
1037 5661 1244 5713 ἔθνεσιν
1280 5662 1460 5723 ἄλλοις
1502 5671 1856 5733 σωςαρονεσςὲ-

1987 5671 2206 5716 :tatores
2233 5678 2246 5725 ;
2282 5661 2410 5716 item
2436 5663 2604 5732 Cyrtii
2637 5671 2691 5716 et
2721 5665 2906 5727 Μαι-αἰ,
2943 5667 3276 5733 praedatores
3303 5683 3364 5722 ac
3395 5668 3540 5725 dire-

291 5762 404 5813 ρυις
447 5742 956 5817 Παραπαμισαδῶν,
999 5750 1140 5820 ἅπερ
1181 5750 1530 5821 Ἀλέξανδρος
1572 5755 1844 5824 κατεστρὲε

2226 5771 2296 5822 ιιι,
2321 5754 2462 5825 quod
2488 5755 2665 5810 Persa:
2693 5756 2846 5826 prius
2872 5758 3076 5814 Graecis
3105 5761 3334 5817 malefici
3355 5760 3534 5827 fuere,
3745 5803 3779 5826 ι
