3966 6204
335 361 466 437 ίίήι

1390 367 1758 432 Νονειωι
1791 363 2222 431 CONSTITUT
2236 370 2357 429 [ON

3451 363 3586 429 1022
3609 433 3616 440 κ

395 493 460 549 Ει
489 506 533 546 ει
569 490 765 560 auquis
787 488 854 544 de
883 496 1035 557 parte
1061 486 1165 540 mei
1199 485 1415 556 Imperii
1467 487 1550 542 vel
1611 488 1679 544 de
1739 496 1888 557 parte

2017 483 3583 556 ratoapatpm...........,..

322 580 826 640 tuedominationis
890 587 1140 633 mortuus
1194 578 1362 634 fuerit
1405 581 1460 635 in
1518 580 1697 650 aliqua
1754 590 1898 634 terre

321 675 428 731 mei
469 671 685 743 Imperii
736 671 819 727 vel
877 678 966 724 tue
1023 670 1437 735 dominationis,
1499 687 1586 726 res
1651 669 1898 726 defuncti

306 763 661 836 ‘rlcbentdari
695 763 994 818 secundum
1046 771 1290 819 tenorem
1327 764 1411 819 sui
1468 766 1780 819 testamenti
1843 772 1899 818 et

324 873 418 928 per
438 857 805 913 securitatem.
826 854 890 910 Et
910 855 954 912 si
977 856 1097 912 sine
1134 863 1460 913 testamento
1485 868 1734 913 mortuus
1765 856 1897 923 erit,

320 959 374 1006 et
404 951 707 1007 invenietur
735 948 932 1017 aliquis
959 949 1028 1004 de
1091 964 1292 1019 genere
1317 950 1401 1005 vel
1457 950 1526 1005 de
1584 959 1744 1019 gente
1777 963 1900 1016 sua,

263 1083 280 1091 -
325 1043 485 1098 debet
518 1042 759 1114 recipere
790 1057 878 1098 res
902 1041 1145 1098 defuncti
1182 1057 1278 1112 pro
1342 1052 1496 1111 parte
1547 1042 1810 1098 defuncti.
1839 1044 1904 1099 Et

323 1132 367 1186 si
403 1132 603 1203 aliquis
632 1140 876 1188 mortuus
907 1131 1072 1188 fuerit
1098 1132 1221 1186 sine
1279 1141 1630 1197 testamento,
1691 1141 1748 1188 et
1797 1149 1901 1189 non

325 1223 488 1280 fuerit
518 1225 770 1280 inventus
802 1225 854 1279 in
891 1234 1066 1280 morte
1092 1238 1191 1279 sua
1214 1225 1412 1296 aliquis
1443 1226 1508 1280 de
1537 1240 1739 1294 genere
1790 1240 1891 1282 nec

326 1317 392 1372 de
422 1316 580 1388 gente
611 1333 732 1382 sua,
768 1333 856 1374 res
889 1316 1044 1374 istius
1077 1318 1278 1374 debent
1307 1318 1616 1374 conservari
1638 1332 1704 1374 ex
1742 1329 1899 1388 parte

327 1409 493 1474 illius,
513 1411 667 1476 cujus
685 1417 828 1464 terra
855 1416 957 1474 est,
979 1408 1033 1464 in
1065 1425 1172 1479 qua
1193 1421 1442 1466 mortuus
1460 1411 1604 1475 erit;
1637 1410 1906 1466 etdebent

328 1501 482 1556 reddi
513 1503 612 1557 hec
640 1515 725 1556 res
756 1500 860 1556 illis
887 1499 1210 1558 hominibus
1239 1542 1254 1568 ,
1275 1503 1475 1572 quibus
1506 1503 1608 1558 alia
1656 1517 1780 1573 pars
1813 1519 1910 1558 no-

331 1594 640 1657 titicaverit,
671 1609 766 1662 per
799 1593 1060 1662 scriptum
1087 1601 1143 1649 et
1172 1595 1548 1650 securitatem.

401 1685 736 1740 Conventum
763 1695 847 1741 est
873 1695 927 1740 et
957 1685 1061 1741 hoc
1093 1703 1106 1739 :
1140 1700 1240 1755 pro
1295 1686 1457 1741 rebus
1511 1693 1903 1750 mercatorum,

329 1777 422 1848 qui
450 1777 736 1850 periclitati
763 1785 890 1834 sunt
921 1777 976 1834 in
1013 1777 1172 1834 terris
1195 1778 1300 1833 mei
1355 1777 1572 1846 Imperii
1604 1793 1634 1830 a
1698 1777 1904 1846 princi-

331 1870 419 1940 pio
438 1883 609 1941 nuper
640 1879 914 1927 transacte
939 1879 1150 1940 treuge,
1179 1869 1264 1925 vel
1291 1870 1383 1940 qui
1416 1869 1895 1940 periclitaliuntur,

332 1970 387 2018 et
410 1977 507 2032 pro
533 1962 654 2018 aliis
678 1962 992 2018 hominibus
1021 1971 1110 2018 tue
1163 1961 1554 2018 dominationis
1621 1961 1896 2015 racionem

331 2053 528 2110 fecerit
558 2053 847 2122 Imperium
883 2067 1060 2109 meum
1082 2054 1474 2110 convenienter
1496 2067 1630 2123 ;que
1655 2054 1903 2110 domina-

334 2146 409 2200 tio
435 2154 524 2201 tua
543 2144 705 2201 debet
727 2145 980 2202 similiter
1002 2145 1216 2214 operari
1275 2145 1331 2200 in
1361 2145 1490 2211 illis,
1533 2146 1624 2214 qui
1690 2145 1907 2216 pericli-

335 2240 428 2294 tati
460 2249 586 2294 sunt
619 2239 702 2295 vel
733 2239 1191 2310 periclitabuntur
1223 2238 1278 2292 in
1313 2239 1416 2293 hoc
1455 2247 1720 2307 tempore,
1764 2253 1908 2292 Iner-

334 2332 612 2387 catoribus
637 2331 858 2400 Imperii
889 2332 996 2388 mei
1027 2331 1443 2386 convenienter.

405 2422 746 2479 Conventum
777 2433 861 2478 est
884 2424 1024 2478 inter
1057 2425 1181 2488 hoc,
1248 2423 1393 2492 quod
1455 2436 1554 2476 nec
1617 2421 1907 2489 Imperium

339 2532 540 2583 meum,
572 2531 749 2586 neque
785 2526 909 2572 tuus
927 2515 1238 2584 dispotatus
1268 2511 1768 2569 babeatlieentiam
1799 2512 1912 2566 Ior-
2022 2561 2036 2576 ,

2003 581 2281 650 γήσεικαλ¹
2313 581 2472 649 ὲνμο
2549 623 2562 636 .
2645 620 2658 634 .
2741 621 2753 634 .
2834 618 2848 632 .
2926 577 3110 648 λὼσση
3145 594 3199 631 κ.
3279 619 3293 634 .
3374 617 3388 632 .
3467 620 3483 635 .
3568 619 3582 633 .

2003 672 2256 742 ποικίλην
2283 673 2423 726 οὕτω
2455 673 2589 727 Θεοῦ
2621 673 2816 743 σοφίαν
2846 675 2908 727 ἀν
2943 715 2955 727 .
3036 712 3050 726 .
3130 711 3146 726 .
3226 709 3240 724 .
3321 671 3459 739 σειῆ
3492 675 3586 726 καὶ

2005 764 2082 835 μὴ
2107 765 2403 840 χανήσεται
2436 765 2760 833 ¹πολύφωνον
2791 765 3058 834 ἁρμονίαν
3093 766 3150 818 ἐν
3186 767 3469 833 μουσικοῖς
3501 783 3592 818 τεο

2001 859 2258 930 λεωτάτῳ
2285 862 2591 930 συστήματι
2621 861 2716 914 καὶ
2749 861 2814 929 τῇ
2846 859 2934 912 διὰ
2966 857 3156 911 πασῶν
3195 858 3482 929 συμφωνίᾳ
3510 858 3592 911 δο-

2002 952 2289 1024 ξολογήσει
2326 953 2417 1006 τὸν
2453 953 2773 1022 εὐεργέτην,
2813 951 2911 1004 “Av
2944 951 2999 1004 δὲ
3031 950 3128 1003 καὶ
3182 952 3261 1013 εἰς
3290 950 3388 1022 τὴν
3425 949 3586 1019 βασις

2001 1042 2152 1096 λείαν
2181 1042 2280 1111 τῆς
2310 1041 2750 1112 αὐτοκρατορίας
2789 1039 3079 1111 περιωπὴν
3116 1041 3372 1109 ὲπῆρται,
3406 1040 3465 1091 τὸ
3497 1035 3590 1110 βά-

2007 1154 2094 1208 ρος
2126 1135 2224 1207 τῆς
2267 1135 2486 1206 ὀρειλῆς
2526 1133 2995 1205 ύπερταλαντεύει
3030 1119 3215 1186 πάσαν
3253 1133 3473 1204 κίνησιν
3500 1133 3594 1186 καὶ

2003 1229 2229 1302 δύναμιν
2264 1230 2354 1284 νοῦ
2387 1230 2478 1283 καὶ
2511 1230 2708 1298 σοφίαν
2742 1227 2990 1298 γλώττης
3021 1228 3114 1278 καὶ
3149 1226 3438 1282 εὐπορίαν.
3475 1225 3586 1277 Καὶ

2004 1324 2176 1386 οὓτως
2213 1323 2351 1391 ὑπὲρ
2395 1323 2640 1385 ἅπαντας
2688 1323 2782 1375 καὶ
2818 1322 2866 1373 oi
2918 1320 3160 1389 βασιλεῖς
3215 1319 3313 1390 τὴν
3352 1317 3589 1386 δυνατὴν

2004 1413 2240 1487 ἀμοιϐὴν
2266 1413 2540 1482 ὀφείλουσι
2575 1412 2653 1480 τῷ
2685 1411 2830 1481 Θεῷ.
2871 1398 2935 1464 Ὃ
2965 1412 3059 1463 καὶ
3089 1412 3116 1464 ὁ
3147 1411 3290 1472 θεῖος
3333 1427 3594 1480 χρησμῳ-

2005 1510 2094 1574 δὸς
2119 1508 2284 1562 Δαυῒδ
2307 1509 2365 1562 ὲν
2395 1507 2673 1576 πνεύματι
2701 1504 3116 1574 παρυπέφαινεν

2011 1592 3599 1664 ...ι.........Κύριελέγων

3155 1695 3250 1740 καὶ
3302 1686 3599 1739 ἁσάτωσαν

3145 1783 3241 1832 καὶ
3288 1777 3357 1830 δι’
3390 1776 3602 1831 ἑαυτῶν

2013 1733 2026 1747 ο
2106 1736 2116 1748 ο
2200 1735 2210 1747 ο
2295 1732 2310 1747 ο
2387 1730 2401 1745 ο
2480 1735 2494 1747 η
2580 1735 2591 1746 ο
2677 1734 2689 1747 ο
2771 1734 2783 1747 ο
2869 1731 2882 1745 ο
2963 1728 2976 1741 ο
3061 1730 3072 1743 ο

2013 1920 2028 1935 .
2109 1923 2123 1937 .
2203 1920 2218 1934 .
2301 1921 2312 1932 .
2396 1923 2409 1936 .
2489 1918 2503 1933 .
2773 1919 2787 1932 .
2868 1918 2881 1930 .
2965 1919 2976 1930 .
3053 1871 3603 1938 οὖντεςὲφ’ἑαυτιῖ›ν

2012 1963 3598 2032 ...;.........,ἐκεχειρίαν

2011 2052 3595 2128 ,............μονὰςίδίας

2016 2201 2028 2214 .
2109 2197 2122 2211 .
2202 2197 2216 2211 .
2297 2199 2310 2211 .
2395 2196 2408 2210 .
2491 2198 2505 2212 .
2586 2198 2598 2210 .
2679 2198 2691 2211 .
2779 2199 2791 2210 .
2874 2185 2888 2206 ι
2965 2153 3158 2212 οντοῖς
3189 2149 3446 2218 μοναχοῖς
3471 2145 3603 2215 περὶ

2017 2291 2029 2303 .
2113 2287 2127 2302 .
2205 2287 2221 2301 .
2301 2287 2316 2302 .
2398 2288 2412 2304 .
2497 2285 2513 2300 .
2592 2285 2608 2302 .
2688 2288 2703 2302 .
2781 2289 2795 2301 .
2879 2286 2891 2298 .
2975 2284 2988 2298 .
3072 2235 3608 2301 ,καὶτάςὲκείνων

2025 2378 2224 2394 ...
2299 2378 2314 2394 .
2392 2378 2408 2394 .
2484 2379 2500 2394 .
2584 2381 2598 2394 .
2679 2380 2694 2396 .
2777 2377 2791 2389 .
2871 2377 2885 2390 .
2969 2329 3600 2398 .δὰςὼςὲκμηχανῆς

2020 2467 2034 2482 .
2111 2472 2124 2486 ,
2211 2468 2224 2482 .
2305 2469 2318 2482 .
2401 2469 2414 2482 .
2497 2467 2510 2482 .
2589 2470 2602 2482 .
2687 2435 2876 2480 ασι”.
2954 2464 2967 2476 .
3052 2461 3065 2475 .
3141 2423 3238 2474 καὶ
3285 2421 3608 2488 πολύφωνον

2119 2562 2131 2575 .
2207 2521 2300 2574 καὶ
2371 2558 2385 2574 .
2469 2557 2484 2574 .
2566 2561 2579 2575 .
2617 2537 2684 2590 ην
2717 2519 2818 2588 τὴν
2861 2514 3130 2586 ἁρμονίαν
3174 2513 3404 2580 καὶτῆς
3456 2511 3607 2582 βασι-

340 2627 488 2666 utare
509 2625 806 2681 yperperos
843 2612 928 2663 vel
959 2608 1320 2672 ntanuelatos,
1348 2617 1441 2660 aut
1476 2617 1722 2661 stamena
1750 2619 1907 2673 cqua-

2019 2615 2180 2685 λικῆς
2215 2613 2634 2682 μεγαλειότητος
2667 2610 3057 2666 ἀποτελέσαιεν
3099 2605 3175 2670 ὡς
3231 2604 3475 2669 ἐπάξιον,
3511 2591 3604 2656 καί

341 2705 407 2759 Iis
429 2703 600 2758 formo
623 2701 848 2758 alterius
875 2700 1066 2771 partis.
1693 2706 1700 2712 ”
2023 2709 2147 2770 τοὺς
2205 2705 2456 2776 ἀσκητάς
2508 2704 2625 2758 ἀνθ’
2675 2703 2888 2757 ἑαυτῶν
2947 2701 3140 2768 ἁγίους
3193 2699 3608 2775 παραστήσαιεν

414 2791 682 2847 Convenit
703 2800 758 2845 et
789 2791 894 2846 hoc
914 2807 928 2844 :
951 2791 1244 2859 Imperium
1269 2805 1449 2844 meum
1478 2789 1748 2858 promisit,
1768 2788 1907 2858 quod

2026 2798 2290 2870 ὑμνητάς,
2327 2796 2578 2859 λυθέντες
2607 2796 2664 2848 δὲ
2711 2796 2806 2848 καὶ
2835 2792 2930 2846 τοῦ
2961 2787 3218 2861 σώματος
3251 2791 3388 2858 ὅπερ
3419 2787 3609 2841 παθεῖν

345 2885 600 2956 usquead
635 2885 1078 2955 complimentum
1131 2884 1371 2952 quinque
1435 2897 1705 2936 annorum
1774 2883 1907 2950 paci:

2026 2893 2240 2960 ἀνάγκη
2280 2890 2380 2958 τὴν
2410 2889 2660 2941 σύνθεσιν
2691 2887 3112 2956 δοξολογήσαιεν
3145 2883 3203 2935 ὲν
3233 2883 3444 2943 τούτοις
3475 2881 3608 2935 ἀθά-

349 2993 450 3034 ncc
485 2980 635 3048 galce
666 2992 842 3046 neque
874 2976 1154 3031 currentia
1188 2976 1329 3044 ligna
1395 2976 1610 3044 Imperii
1674 2975 1776 3030 mei
1834 2975 1907 3029 de

2029 3003 2185 3050 νατα,
2224 2984 2318 3038 καὶ
2347 2981 2488 3035 οὕτω
2521 2979 2933 3049 δοξολογοῧντες
2971 2977 3462 3048 παρασκευάσαιεν
3513 2976 3610 3026 καὶ

351 3071 514 3123 beant
537 3068 734 3122 habere
765 3066 1040 3122 licentiam
1077 3065 1313 3119 transire
1339 3065 1406 3119 de
1427 3063 1898 3133 Constantinopoli

2032 3076 2122 3132 τὸν
2155 3075 2534 3146 μεγαλόδωρον
2564 3075 2745 3128 πᾶσαν
2802 3071 3215 3141 μεγαλοδωρίας
3259 3067 3609 3135 ὑπερϐαίνειν

354 3161 457 3213 nisi
485 3159 776 3215 lnociucrit
807 3159 875 3214 de
907 3160 1185 3214 voluntate
1208 3166 1297 3212 tue
1339 3157 1761 3213 dominationis.
1812 3156 1907 3213 Νοε

2026 3168 2333 3241 ὑπερϐολὴν
2367 3170 2424 3220 ἐν
2454 3166 2532 3235 τῷ
2563 3162 2740 3234 καιρῷ
2788 3163 2896 3217 τῶν
2933 3162 3150 3231 ἑκάστῳ
3180 3159 3612 3231 προσοφειλομέ-

351 3267 459 3322 quc
492 3252 778 3306 solidarios
832 3251 992 3308 debet
1049 3250 1238 3306 tollere
1298 3249 1593 3318 Imperium
1649 3265 1822 3305 meum
1891 3266 1907 3304 ε

2021 3276 2128 3314 νων
2155 3258 2551 3327 διανεμήσεων.
2593 3256 2653 3307 Et
2701 3253 2833 3322 γοῦν
2865 3253 3008 3306 οὕτω
3064 3250 3261 3313 ταῦτα,
3296 3250 3413 3312 πῶς
3445 3251 3540 3302 καὶ
3572 3251 3604 3318 ἡ

353 3358 509 3417 parte
535 3357 623 3402 tue
658 3346 1063 3412 dominationis,
1086 3346 1188 3402 nisi
1220 3353 1276 3400 et
1300 3345 1405 3400 hoc
1433 3344 1599 3400 fuerit
1627 3345 1697 3399 de
1729 3345 1907 3400 volun-

2023 3349 2271 3424 βασιλεία
2304 3364 2408 3418 μου
2442 3345 2533 3398 ἐπὶ
2565 3343 2630 3414 τῇ
2685 3346 2749 3397 ὲκ
2785 3349 2979 3412 καινῆς
3033 3339 3437 3412 ἀνεγειρομένῃ
3472 3338 3605 3408 παρ’

355 3450 464 3495 tate
503 3451 589 3494 tue
612 3440 1024 3495 dominationis.
2019 3445 2190 3514 αὐτῆς
2229 3443 2365 3512 μονῇ
2414 3441 2481 3509 τῇ
2520 3437 2663 3492 κατά
2691 3437 2752 3491 τὸ
2783 3436 2910 3507 ὅρος
2940 3435 3010 3488 τὰ
3055 3433 3261 3487 Λένὸου
3287 3431 3609 3500 διακειμένῃ

425 3533 532 3589 Hec
558 3535 736 3596 omnia
767 3533 1019 3602 superius
1049 3532 1326 3586 declarata
1353 3532 1566 3600 iuravit
1621 3531 1907 3598 Imperium

2017 3540 2114 3592 καὶ
2131 3535 2231 3602 τὴν
2253 3531 2348 3586 τοῦ
2371 3533 2538 3586 τόπου
2568 3528 2887 3597 ἐπωνυμίαν
2911 3526 3311 3594 ἐξιδιωσαιμένῃ
3349 3523 3410 3575 ού
3445 3537 3611 3592 φρον-

353 3642 530 3684 meum
561 3627 780 3695 proprio
805 3641 900 3680 ore
927 3641 1092 3695 super
1146 3634 1335 3679 sancta
1399 3625 1490 3679 Dei
1542 3625 1819 3693 evangelia
1871 3635 1907 3679 el

2017 3627 2152 3681 τίσει
2182 3626 2248 3676 τὶ
2283 3625 2361 3685 είς
2383 3619 2735 3690 ἀπαρτισμδν
2763 3619 2856 3671 καὶ
2896 3616 3157 3668 σύστασιν
3183 3611 3390 3681 ταύτης
3415 3629 3429 3674 ;

355 3735 518 3790 super
570 3719 944 3773 lionorabilem
972 3725 1028 3772 et
1080 3716 1356 3771 viviﬁcam
1415 3729 1636 3770 crucem
1663 3724 1719 3770 et
1765 3731 1907 3786 supe:

2095 3714 2165 3769 α’.
2196 3711 2304 3768 Ἦν
2341 3713 2438 3783 μὲν
2459 3713 2569 3782 γὰρ
2598 3711 2626 3762 ὁ
2651 3709 2814 3771 τόπος
2847 3705 3082 3777 ἠρεμίας
3113 3702 3312 3774 χωρίον
3340 3702 3420 3763 είς
3449 3700 3614 3754 ἑαυτὸ

355 3827 580 3871 aconam
617 3810 689 3885 (b)
724 3811 813 3866 Dei
845 3809 1168 3874 Genitricis,
1198 3807 1344 3877 quod
1368 3809 1732 3864 servabithec
1755 3824 1907 3879 usqut

2021 3811 2114 3865 τὸν
2149 3807 2436 3873 σπουδαῖον
2466 3805 2558 3858 καὶ
2591 3803 2899 3872 φιλήσυχον
2933 3795 3367 3865 ὲκκαλούμενον,
3415 3794 3510 3847 καὶ
3536 3792 3614 3855 ὡς

290 3927 292 3929 ν
355 3908 420 3962 ad
435 3906 876 3976 complimentum
906 3903 1151 3974 quinque
1175 3917 1467 3956 annorum.

2024 3900 2088 3955 ἐκ
2123 3916 2282 3952 τινων
2320 3895 2605 3965 συμϐολῶν
2638 3891 2886 3963 ἐναργῶς
2917 3889 3224 3952 ἐδείκνυτο,
3255 3886 3436 3942 καὶτὸ
3469 3885 3614 3938 θεῖον

427 3995 492 4055 Et
527 3995 652 4051 inde
678 3993 876 4050 factum
916 4003 1003 4050 est
1037 4006 1268 4061 presens
1293 3993 1673 4047 chrusobolnm
1703 3991 1907 4046 verbun‘

2028 3999 2208 4052 ἐκεῖσε
2241 3993 2328 4047 διὰ
2361 3991 2678 4062 ψαλμῳδίας
2717 3985 2968 4058 μοναχῶν
2999 3983 3382 4050 ὲδοξολογεῖτο,
3448 3980 3639 4051 ἕδραν

358 4089 459 4144 mei
487 4087 704 4155 Imperii
739 4101 834 4156 pro
871 4100 1056 4141 mense
1078 4083 1327 4153 Augusti,
1354 4082 1440 4138 VII
1467 4082 1759 4138 indicdone
1787 4097 1907 4136 anni

2029 4089 2239 4144 ἑαυτῶν
2298 4083 2691 4154 ποιησαμένων
2723 4079 2814 4132 τὸν
2852 4076 3141 4146 ἐλεύθερον
3202 4075 3342 4144 ἀέρα
3394 4073 3616 4127 καὶτὸν

359 4198 388 4240 a
413 4181 683 4252 principio
711 4179 897 4235 mundi
941 4192 1036 4234 sex
1079 4177 1373 4232 millesimo
1402 4174 1802 4245 ,DCCXXVIII,
1863 4178 1907 4230 in

2033 4182 2383 4237 ἀπολίτευτον
2425 4177 2520 4232 καὶ
2569 4173 2768 4244 ἀτριϐῆ
2816 4172 2928 4234 τοῖς
2991 4167 3210 4230 πολλοῖς
3267 4167 3466 4237 χῶρον.
3503 4165 3615 4216 Καὶ

359 4291 465 4344 quo
509 4284 693 4329 nostra
721 4272 964 4343 potentia
987 4286 1018 4326 a
1055 4269 1165 4325 Deo
1186 4268 1312 4324 data
1345 4268 1705 4340 subsignavit.
1749 4268 1902 4325 Theo

2034 4273 2290 4346 ἀμυδρῶς
2323 4274 2380 4324 ὲν
2433 4266 2608 4336 τούτῳ
2649 4264 2744 4317 καὶ
2791 4262 2912 4332 ἴχνη
2953 4260 3052 4329 τῆς
3083 4258 3321 4329 ἀρχαίας
3353 4256 3613 4326 εύδαιμοο

359 4367 525 4421 dorus
555 4368 608 4420 in
631 4365 850 4422 Christo
882 4362 996 4420 Deo
1023 4359 1515 4430 ﬁdelislmperator
1547 4369 1602 4416 et
1622 4359 1900 4417 moderato

2033 4368 2154 4429 νίας
2203 4359 2344 4434 ἦσαν
2375 4357 2748 4427 ἐντετηγμένα
2770 4369 2784 4383 ⁶
2845 4350 3175 4420 ἀνοικοδομὴ
3209 4348 3337 4403 ναοῦ
3371 4349 3504 4416 πρὸς
3530 4346 3616 4398 εύ-

360 4456 660 4512 Grecorum
699 4456 1010 4513 Cornnanus
1036 4452 1332 4509 Lascarus.

2044 4461 2260 4532 τεχνίαν
2290 4455 2663 4526 ἐξησκημένη,
2694 4451 2799 4504 ὑπὸ
2832 4449 2889 4502 δὲ
2924 4447 3018 4500 τοῦ
3047 4447 3243 4518 χρόνου
3289 4442 3388 4514 τὴν
3419 4440 3617 4510 εὐπρέ-

2049 4531 2208 4605 πειάν
2231 4544 2651 4616 ἀποχρειωμένη
2683 4542 2764 4611 (d)
2791 4556 2806 4570 ο
2841 4541 2939 4593 καὶ
2966 4538 3135 4591 τάλλα
3163 4536 3219 4590 δὲ
3257 4537 3336 4597 εἰς
3366 4533 3620 4586 τοσοῦτον

363 4569 430 4626 II.
464 4569 600 4640 Imp.
617 4569 842 4640 Joqnnis
895 4569 1056 4624 Daca:
1112 4565 1358 4640 Υαιαιιω
1377 4567 1439 4621 de
1482 4566 1806 4640 monasterio
1853 4567 1936 4640 Δανιί
2049 4567 2208 4605 πειαν
2231 4565 2651 4640 αποχρειωιξενη
2683 4565 2805 4640 If“):
2842 4565 3185 4640 XN‘WMGE

2046 4639 2454 4714 ἀφαντωοιντα.
2506 4634 2582 4698 ὼς
2620 4633 2756 4704 μηδὲ
2787 4633 2844 4684 ἐν
2895 4631 3088 4700 μέρεσι
3116 4627 3226 4680 τῶν
3255 4625 3434 4679 ἐκεῖσέ
3488 4639 3619 4676 ποτε

435 4637 660 4695 montem
688 4639 878 4695 Lembo
910 4654 1071 4710 prope
1100 4637 1383 4710 Smyrnam
1458 4637 1811 4692 restaurando
1844 4637 1936 4707 (ο).

993 4708 1084 4779 (Ᾱο
1111 4708 1298 4780 1228ο)
2046 4708 2344 4802 οἰκοδομῶν
2394 4726 2558 4783 αὑτοῦ
2630 4723 3132 4794 ὲγκαταλείμματα
3196 4716 3617 4790 περισώζεσθαι.

543 4825 605 4878 Οί
638 4823 857 4894 οὐρανοὶ
887 4839 1000 4893 φησ
1074 4859 1089 4875 .
1168 4861 1183 4876 .
1264 4861 1277 4875 .
1356 4859 1371 4875 .
1450 4857 1466 4874 .
1543 4858 1558 4874 .
1640 4859 1654 4874 .
1736 4861 1748 4873 .
1831 4848 1843 4871 δ
1922 4858 1938 4873 .
2060 4827 2255 4895 Ἀλλ’ἡ
2291 4822 2536 4894 βασιλεία
2572 4838 2696 4893 μου,
2730 4817 3066 4887 ἀγαπήσασα
3091 4813 3182 4867 τὸν
3211 4813 3371 4866 τόπον
3393 4810 3469 4873 ὡς
3498 4810 3618 4877 ἀρε-

366 4919 581 4987 γλώσση
611 4916 703 4986 μὴ.
782 4955 798 4970 .
878 4954 893 4969 .
953 4919 988 4967 ’.
1069 4954 1084 4969 .
1165 4954 1179 4969 .
1258 4953 1274 4969 .
1353 4953 1368 4968 .
1447 4952 1462 4967 .
1541 4956 1556 4970 .
1637 4953 1650 4966 .
1731 4952 1742 4966 .
1824 4952 1836 4965 .
1920 4951 1934 4965 .
2041 4918 2142 4989 τῆς
2169 4916 2460 4986 σύμμαχον
2485 4913 2581 4966 καὶ
2615 4911 2868 4982 μοναχοῖς
2901 4906 3214 4975 ἐπιτήδειον
3261 4902 3356 4955 καὶ
3384 4915 3620 4989 προσφο-

365 5013 424 5063 τὺ
455 5013 641 5080 νοερὸν
693 5050 706 5063 .
787 5048 802 5063 .
881 5049 896 5064 .
975 5046 990 5060 .
1071 5047 1083 5061 .
1167 5045 1182 5060 .
1260 5046 1274 5061 .
1357 5046 1370 5060 .
1451 5045 1463 5059 .
1541 5045 1557 5061 .
1637 5047 1650 5061 .
1734 5046 1747 5060 .
1828 5047 1840 5060 .
1921 5042 1936 5060 .
2047 4987 2287 5081 ρῶτατον
2339 5005 2682 5074 ἐνδιαίτημα,
2718 5000 2988 5071 ἠθέλησεν
3023 4992 3384 5050 ἀνακαινίσαι
3435 5006 3493 5042 τε
3533 4987 3622 5040 τὸν

365 5101 1264 5172 εὔμουσόντε.......

2043 5099 2188 5162 ναδν,
2220 5099 2313 5152 καὶ
2346 5095 2534 5150 κελλία
2582 5093 2865 5160 ἀξιολόγου
2905 5085 3244 5157 μοναζόντων
3279 5082 3623 5150 συστήματος

365 5191 590 5264 ὀφειλὴν
616 5192 808 5261 εύχαρ.
887 5231 901 5246 .
980 5231 995 5244 .
1075 5227 1090 5242 .
1170 5233 1184 5244 .
1263 5230 1278 5240 .
1358 5229 1371 5245 .
1451 5227 1465 5241 .
1548 5230 1558 5244 .
1640 5227 1655 5241 .
1735 5227 1749 5241 .
1827 5225 1841 5241 .
1878 5229 1882 5234 Α
1923 5224 1938 5240 .
2046 5193 2344 5260 ἀνεγεῖραι,
2379 5189 2474 5242 καὶ
2499 5183 2778 5264 τράπεζαν
2805 5185 2904 5252 τῆς
2954 5182 3012 5233 ὲν
3043 5176 3266 5249 Χριστῷ
3299 5173 3406 5227 τῶν
3463 5189 3624 5264 μονα-

367 5261 665 5355 εύεργέτην
695 5284 800 5338 ἂν.
881 5327 894 5336 .
977 5324 988 5336 .
1074 5323 1086 5336 .
1170 5323 1183 5338 ,
1263 5322 1278 5337 .
1359 5321 1374 5336 .
1453 5323 1465 5334 .
1549 5321 1563 5335 .
1647 5321 1659 5335 .
1740 5321 1754 5335 .
1833 5319 1849 5334 .
1928 5319 1943 5334 .
2048 5284 2162 5355 χῶν
2205 5283 2490 5351 φιλότητος
2535 5261 2979 5346 ἀνοικοδομῆσαι,
3030 5270 3127 5324 καὶ
3173 5265 3342 5321 τᾶλλα
3373 5261 3624 5332 ποιῆσαι,

367 5380 717 5450 ἀποκεκρυμ.
803 5418 816 5432 .
900 5425 912 5435 .
992 5423 1003 5434 .
1083 5417 1098 5432 .
1178 5416 1192 5430 .
1275 5415 1288 5428 .
1366 5413 1379 5427 .
1463 5415 1476 5428 .
1556 5414 1568 5427 .
1651 5412 1663 5426 .
1744 5413 1755 5425 .
1837 5410 1850 5424 .
1930 5410 1944 5424 .
2052 5375 2153 5428 ὅσα
2180 5373 2315 5440 πρὸς
2342 5369 2649 5440 ὑπηρεσίαν
2676 5365 2938 5434 ἀνελλιπῆ
2990 5360 3098 5416 τῶν
3141 5357 3391 5450 μοναχῶν
3444 5371 3625 5450 advrs-

370 5471 534 5539 κόρον
566 5445 808 5542 αὑτῷὴ.
885 5513 899 5526 .
981 5512 992 5524 .
1076 5511 1088 5523 .
1175 5512 1188 5525 .
1273 5508 1286 5520 .
1367 5510 1380 5524 ,
1462 5505 1477 5519 .
1553 5505 1568 5519 .
1649 5505 1663 5520 .
1747 5505 1758 5518 .
1838 5505 1850 5518 .
1933 5505 1948 5520 .
2055 5467 2161 5521 let.
2195 5464 2305 5516 Καὶ
2328 5459 2778 5529 ἀπετελέσθησαν
2800 5457 2910 5510 ἀπὸ
2933 5453 3141 5508 τούτων
3165 5450 3287 5505 τινὰ
3319 5449 3483 5522 μέχρι
3509 5445 3626 5500 δεύ-

2059 5683 2180 5740 qua-
2213 5669 2457 5739 margine
2487 5667 2644 5736 primi
2675 5664 3058 5740 folii‘ahscissa
3081 5659 3420 5718 exciderunt.

409 5731 412 5736 _
447 5677 660 5750 (b)l.e.
699 5677 1247 5750 elxéquintagirwm-
1275 5743 1307 5750 __
1413 5741 1472 5750 η
1585 5742 1596 5750 ,
1835 5740 1865 5750 ..
1895 5743 1903 5750 .

2059 5677 2644 5750 quar‘nt‘argineprimt
2675 5677 2806 5750 tom.

2133 5740 2210 5812 (α)
2243 5740 2428 5805 Forte,
2461 5740 2900 5807 ἀποχρειωμένη.

450 5740 521 5816 (r)
557 5749 655 5816 Exi
688 5749 809 5801 col.
872 5745 1030 5816 Vind.
1057 5740 1208 5816 vhist.
1269 5741 1475 5816 Gr._68
1518 5742 1724 5816 primus
1781 5740 1954 5795 edidit

382 5812 547 5871 Ζτιίηίι.
579 5833 608 5871 a
645 5815 986 5882 Lingenthal.
1016 5814 1174 5869 Initio
1242 5813 1488 5882 quaedam
1555 5812 1955 5877 desiderantur,

746 5859 784 5920 *ἱ
