3966 6204
357 218 495 286 1025

1401 209 1787 288 .NOV’ELLE
1825 206 2515 277 CONSTITUTIONES.

3473 206 3610 271 meo

347 337 651 411 ἁμαρτίαις
697 335 1184 408 προφασιζόμενοι,
1238 337 1321 389 ὅτι
1368 337 1509 406 ὑπὲρ
1541 336 1640 406 τῆς
1668 334 1935 402 συλλογῆς

2068 334 2390 401 mnia.qu:e
2443 331 2576 399 ipsis
2633 332 2924 386 couuuissa
2981 329 3203 384 fuerunt
3258 346 3288 384 a
3340 331 3616 400 prtedictis

349 433 482 487 αύτδ
517 422 732 506 ποιοῦσι
755 431 863 483 τῶν
893 433 956 483 ὲκ
986 429 1168 483 κοινοῦ
1195 429 1424 501 ἐράνων,
1462 432 1777 500 ἀνηκόντων
1809 423 1930 491 ταῖς

351 531 644 596 κωμικαῖς
692 525 891 588 ὲξῦδοις
916 541 975 577 τε
1007 525 1103 578 καὶ
1149 521 1506 595 ὑπηρεσίαις.
1553 517 1664 578 Καὶ
1695 540 1934 578 τοιουτο-

349 617 566 691 τρόπως
589 615 648 671 ού
683 618 844 686 μόνον
877 609 1221 682 ὲπιτρίϐεται
1270 617 1440 687 ῥύπος
1471 617 1583 678 τοῖς
1611 606 1932 682 τετελευτη-

350 712 525 772 κόσιν,
563 704 646 778 ἐφ’
681 693 762 770 οἷς
789 706 1052 776 ἄντικρυς
1083 708 1178 760 καὶ
1205 710 1234 760 ὁ
1258 697 1567 776 Ψαλμῳδδς
1587 707 1676 760 διά
1715 700 1814 775 τῆς
1844 706 1937 759 λύ-

355 818 452 869 ρας
475 800 569 852 τοῦ
589 794 907 867 Πνεύματος
933 797 1028 849 τὸν
1055 798 1348 866 ἐπιτάφιον
1379 796 1546 866 ὕμνον
1577 796 1766 850 πλέκει
1793 796 1938 848 θειό-

350 906 511 960 τερον
578 888 774 960 Τίμιος
829 890 1113 945 ἐναντίον
1163 891 1389 956 Κυρίου
1441 885 1474 944 ὀ
1527 887 1784 953 θάνατος
1820 880 1940 940 τῶν

353 981 541 1034 ὁσίων
583 971 774 1034 αὐτοῦ
799 998 813 1012 ο
845 979 986 1032 ἀλλὰ
1018 981 1112 1032 καὶ
1139 983 1207 1032 τὰ
1229 976 1350 1033 θεῖα
1375 982 1580 1049 τεμένη
1613 973 1940 1046 στυγνάζειν

353 1069 516 1154 οἱονεὶ
539 1066 706 1134 δοκεῖ,
755 1069 1142 1141 περιῃρημένα
1195 1071 1288 1123 καὶ
1340 1068 1794 1139 περικεκομμένα
1840 1069 1940 1136 τὴν

357 1160 766 1229 ἐπικοσμοῦσαν
792 1163 929 1215 αὐτὰ
959 1161 1324 1232 λαμπρότητα
1350 1159 1412 1215 ἔκ
1439 1180 1496 1214 τε
1531 1155 1818 1230 φωταψίας
1849 1163 1942 1214 καὶ

359 1247 550 1316 ἐτέρας
588 1248 916 1319 ὑπηρεσίας,
973 1251 1008 1320 ἢ
1047 1253 1184 1319 προς
1213 1250 1276 1303 τὸ
1309 1252 1454 1304 πάνυ
1509 1246 1686 1313 ἐνδεὲς
1719 1253 1943 1305 ἀντιπε-

363 1339 637 1408 ριτσταται
667 1342 764 1410 τῆς
810 1338 1055 1409 δαπάνης
1118 1341 1472 1412 ἐκλιπούσης,
1517 1345 1584 1412 ἣν
1613 1343 1671 1396 αἱ
1703 1338 1943 1411 ἀφειδεῖς

360 1432 471 1484 τῶν
497 1431 822 1503 πρακτόρων
847 1433 1178 1503 σεσυλήκασι
1210 1436 1413 1504 χεῖρες.

444 1520 511 1575 ’H
532 1524 662 1590 γοῦν
699 1524 948 1592 βασιλεία
1003 1537 1102 1594 μου
1139 1520 1400 1594 ἀθέμιτον
1429 1519 1759 1579 εἶναιτοῦτο
1799 1527 1947 1594 λογι-

367 1613 593 1682 ζομένη,
630 1615 923 1685 διορίζεται
970 1615 1057 1668 διὰ
1112 1614 1204 1668 τοῦ
1244 1613 1509 1686 παρόντος
1540 1614 1943 1688 χρύσοϐούλλου

367 1703 524 1771 λόγον
561 1703 746 1771 αὐτῆς,
783 1707 918 1762 ἐπὰν
974 1709 1055 1772 εἷς
1087 1726 1211 1761 τινα
1238 1710 1346 1761 τῶν
1400 1710 1816 1780 μητροπολιτῶν
1847 1711 1948 1763 καὶ

368 1796 476 1848 τῶν
509 1797 824 1850 ἐπισκόπων
873 1800 1159 1870 ὲπισυμϐᾔ
1189 1801 1443 1864 θάνατος,
1485 1803 1559 1872 μὴ
1587 1802 1724 1855 πόδα
1765 1819 1949 1871 παρα-

372 1885 588 1940 ϐάλλειν
614 1888 748 1950 ὅλως
779 1892 904 1952 τοὺς
954 1892 1094 1944 κατὰ
1147 1891 1342 1961 καιρὸν
1385 1891 1586 1955 δοῦκας
1615 1892 1949 1962 οίουδήτινος

374 1977 604 2046 θέματος
632 1976 666 2048 ἦ
695 1997 818 2034 τινα
847 1982 956 2033 τῶν
1005 1982 1097 2035 ὕπ’
1127 1983 1326 2046 αὐτοὺς
1367 1984 1698 2054 πρακτόρων
1745 1985 1804 2036 ἐν
1837 1985 1951 2047 τοῖς

372 2071 602 2133 κελλίοις
628 2071 736 2123 τῶν
759 2071 1224 2142 τετελευτηκότων
1254 2074 1579 2144 ἀρχιερέων,
1611 2074 1950 2144 μητροπολι-

373 2161 480 2215 τῶν
499 2163 738 2232 δηλονότι
769 2165 866 2216 καὶ
896 2165 1236 2231 ἐπισκόπων,
1259 2168 1355 2220 καὶ
1386 2167 1445 2218 ea
1469 2167 1703 2236 οἱονδήτι
1740 2166 1952 2218 ἐκεῖθεν

375 2253 876 2323 ἀναλαμϐάνεσθαι,
903 2254 936 2326 ἢ
968 2257 1095 2320 τοὺς
1145 2259 1324 2310 ἐκεῖσε
1367 2256 1860 2326 προσκαθημένους
1891 2273 1952 2308 τε

377 2344 469 2397 καὶ
523 2346 965 2416 παρευρεθέντας
1015 2349 1342 2414 προσγενεῖς
1398 2347 1581 2399 αὐτῶν
1637 2347 1670 2414 ἦ
1716 2348 1840 2408 τοὺς
1873 2349 1953 2408 είς

376 2434 682 2502 ὑπηρεσίαν
709 2436 1189 2505 ἁποτεταγμένους
1209 2439 1322 2498 τοῖς
1355 2434 1600 2506 ῥηθεῖσιν
1627 2435 1952 2505 ἀρχιερεῦσι

377 2527 745 2593 κατακρατεῖν
773 2527 869 2577 καὶ
899 2523 1081 2587 ἕλκειν
1110 2529 1188 2588 εἰς
1218 2527 1370 2579 δύσιν
1425 2527 1807 2596 νομισμάτων,
1862 2528 1957 2577 καὶ

377 2615 436 2664 ca
469 2615 700 2685 οἱονδητι
729 2617 836 2668 ἀπὸ
888 2617 1094 2671 τούτων
1145 2619 1649 2687 ἀναλαμῦάνεσθαι.
1695 2621 1962 2691 ’Λποτραο

379 2709 616 2776 στήσεται
641 2709 732 2762 καὶ⁵
759 2711 867 2772 πᾶς
898 2711 1106 2764 ἐκεῖθεν
1134 2713 1447 2782 διασειστὴς
1470 2717 1536 2784 τῇ
1563 2716 1834 2785 ὲμφανείᾳ
1864 2713 1957 2767 τοῦ

383 2796 648 2866 παρόντος
707 2798 1106 2867 χρυσοϐούλλου
1162 2801 1322 2868 λόγου
1373 2805 1471 2870 τῆς
1506 2803 1787 2872 βασιλείας
1833 2822 1958 2873 μου.

381 2885 462 2936 Τά
502 2885 558 2936 δὲ
617 2887 1028 2956 παρευρεθέντα
1063 2891 1120 2942 ἐν
1177 2893 1286 2952 τοῖς
1333 2892 1567 2955 κελλίοις
1609 2893 1718 2945 τῶν
1772 2897 1960 2964 ἀρχιε-

2034 439 2221 477 eorum
2255 423 2509 487 dominis,
2539 422 2836 485 Potestate.
2860 423 3162 490 Capitaneo
3189 427 3386 477 et‘toto
3461 419 3594 476 Com

1999 563 2002 567 ,
2036 515 2180 568 nmni
2203 509 2432 568 Januae:
2467 524 2733 569 venerunt
2763 515 2828 566 ad
2877 509 3164 581 Imperium
3219 520 3490 576 nostrum,
3522 511 3624 565 lm-

2037 607 2246 675 perihm
2284 610 2531 661 nostrmn
2553 602 2759 675 recepit
2791 605 3008 662 eosdem
3069 606 3343 670 hilariter,
3393 606 3615 682 honori-

2041 699 2164 761 ﬁce,
2195 708 2250 754 et
2281 699 2442 754 locuti
2471 698 2689 753 fuerunt
2723 713 2845 754 cmn
2912 695 3145 767 Imperio
3194 708 3381 753 nostro
3439 697 3620 751 omnia

2042 792 2302 858 capitula,
2345 807 2466 859 qum
2491 792 2570 844 eis
2601 793 2889 846 commissa
2918 790 3136 845 fuerunt
3166 790 3420 860 petenda,
3449 799 3502 842 et
3532 805 3624 856 pe-

2041 886 2247 938 tierunt
2273 883 2341 936 ab
2372 883 2488 951 ipso
2513 879 2744 948 Imperio
2775 894 2958 937 nostro
2986 878 3239 937 eﬁ‘eetum
3264 881 3580 935 earumdem
3611 894 3626 931 :

2042 975 2421 1030 descendimus
2476 986 2530 1029 et
2588 986 2831 1028 nostrum
2891 968 3185 1044 Imperium
3247 970 3633 1028 ceudesceudit

2041 1070 2108 1122 ad
2137 1067 2398 1136 przedicla
2430 1063 2665 1136 capitula
2696 1067 3040 1136 complenda,
3073 1078 3122 1120 et
3153 1067 3362 1135 jnravit
3420 1074 3474 1120 et
3499 1081 3624 1132 pro-

2045 1157 2370 1214 misitdictis
2394 1161 2600 1214 nuntiis
2618 1169 2670 1212 et
2694 1159 3146 1228 procuratoribus
3172 1167 3335 1226 atque
3357 1159 3622 1228 syudicic,

2047 1251 2437 1320 recipientibus
2471 1245 2691 1305 nomine
2722 1260 2777 1304 et
2803 1250 2921 1303 vice
2957 1250 3278 1304 Communis
3299 1244 3488 1303 Ianua:
3517 1251 3633 1317 ipsa

2046 1339 2278 1412 capitula
2305 1353 2352 1396 et
2372 1358 2610 1413 prmscns
2633 1341 2973 1412 privilegium
3005 1343 3068 1396 de
3097 1355 3262 1396 aurea
3294 1342 3432 1394 bulla
3466 1342 3638 1410 Impe-

2047 1435 2112 1487 l'ii
2144 1434 2312 1486 nostri
2349 1435 2634 1502 munitum,
2667 1434 2732 1486 ad
2755 1441 2942 1487 sancta
2971 1431 3063 1488 Dei
3088 1430 3363 1501 evangelia
3398 1443 3450 1485 et
3471 1431 3635 1485 hono-

2048 1521 2253 1579 riﬁcam
2285 1533 2338 1578 et
2371 1525 2773 1579 viviﬁcatricem
2805 1539 3018 1579 erucem
3049 1534 3102 1577 et
3140 1538 3329 1577 omnes
3367 1531 3585 1576 sanctus
3614 1541 3628 1576 :

2126 1616 2414 1684 Imprimis,
2456 1618 2594 1685 quod
2631 1632 2658 1668 a
2707 1617 2942 1686 presenti
2998 1615 3083 1670 die
3132 1616 3350 1670 inantea
3411 1615 3634 1669 habebit

2062 1703 2352 1780 Imperimn
2391 1717 2629 1763 nostrum
2669 1721 2723 1764 et
2750 1724 3104 1763 successores
3155 1709 3275 1776 ejus
3308 1724 3550 1762 amorem
3583 1721 3637 1756 et

2055 1815 2239 1870 paceni
2265 1811 2581 1870 perpetuam
2613 1815 2735 1852 eum
2756 1799 3044 1854 Communi
3107 1797 3295 1855 Ianum
3319 1809 3373 1854 et
3442 1798 3642 1852 Distri-

2055 1890 2323 1952 ctualibus
2363 1889 2502 1959 ejus.
2537 1899 2593 1943 et
2619 1892 2762 1959 quod
2795 1891 3016 1944 habebit
3048 1905 3304 1960 guerram
3337 1894 3402 1944 de
3435 1898 3638 1944 caetero

2055 2000 2176 2036 cum
2211 1981 2497 2035 Communi
2525 1977 2856 2036 Venetorum
2884 1973 2938 2034 et
2979 1995 3100 2033 eum
3139 1981 3359 2036 Venetis
3387 1982 3641 2034 omnibus

2057 2074 2292 2128 inimicis
2332 2075 2556 2138 nostris,
2602 2084 2656 2128 et
2700 2071 2841 2143 quod
2885 2089 2990 2127 non
3051 2072 3213 2128 faciet
3276 2089 3490 2144 pacem,
3517 2091 3640 2128 cum

2058 2169 2177 2236 ipso
2211 2168 2526 2232 Communi,
2562 2177 2806 2238 treugam
2849 2182 2946 2220 nec
2982 2169 3332 2223 concordiam
3365 2171 3482 2222 sine
3513 2183 3648 2220 eou-

2058 2259 2290 2312 scientia
2339 2268 2395 2312 et
2425 2260 2704 2312 voluntate
2733 2259 3055 2314 Communis
3089 2258 3302 2314 Ianuar.
3334 2259 3398 2313 Et
3435 2260 3642 2313 dictutu

2058 2349 2368 2402 Commune
2420 2349 2615 2404 Ianum
2659 2366 2764 2403 non
2808 2351 2967 2404 faciet
3015 2368 3226 2420 pacem,
3266 2363 3507 2420 treugam
3553 2369 3646 2404 Ic-

2060 2457 2164 2508 que
2218 2441 2565 2493 concordiam
2628 2455 2748 2494 cum
2809 2442 2926 2510 ipso
2978 2443 3260 2496 Communi
3313 2444 3643 2498 Venetorum

2059 2536 2179 2588 siue
2210 2534 2543 2588 conscientia
2566 2545 2622 2589 et
2662 2535 2942 2589 voluntate
2980 2535 3149 2589 nostri
3181 2536 3419 2602 Imperii.

2132 2627 2288 2690 Item,
2325 2627 2466 2696 quod
2493 2627 2726 2680 salvabit
2756 2642 2850 2696 per
2881 2644 2940 2681 se
2967 2638 3022 2680 et
3077 2627 3325 2680 homines
3359 2628 3440 2681 sui
3468 2628 3642 2698 Intpc-

2066 2719 2150 2778 rii,
2187 2734 2323 2787 quos
2365 2719 2529 2772 habet
2555 2729 2610 2772 et
2643 2717 2735 2772 Dei
2768 2719 3141 2774 misericordia
3193 2721 3539 2790 adquisierit,
3589 2723 3644 2774 in

2065 2810 2201 2863 mari
2227 2821 2275 2865 et
2309 2819 2475 2875 terra,
2510 2812 2560 2863 in
2587 2812 2832 2879 portibus
2863 2821 2918 2866 et
2952 2812 3168 2876 insulis,
3204 2828 3344 2882 quos
3398 2824 3452 2866 et
3510 2830 3647 2881 quas

2064 2902 2228 2956 habet
2261 2901 2359 2974 [et]
2385 2904 2448 2957 de
2477 2914 2674 2956 caetero
2700 2905 2880 2957 divina
2934 2904 3132 2972 pietale
3155 2904 3497 2972 adquisierit,
3528 2906 3648 2956 uui-

387 2981 543 3048 ρέων,
576 2980 642 3034 ἄν
682 3001 738 3035 τε
775 2970 956 3053 βιϐλία
1003 2975 1156 3050 ὦσιν,
1191 2988 1256 3040 ἄν
1285 3004 1343 3039 τε
1375 2987 1604 3059 ξωαρκῇ
1635 2990 1774 3056 εἴδη,
1803 2989 1867 3043 ἄν
1897 3007 1954 3042 τε

2068 3013 2248 3054 versos
2280 2995 2586 3052 Juuuenses
2618 3007 2673 3052 ct
2711 2999 3078 3053 districtuules
3097 2995 3288 3053 Ianua:
3311 3008 3363 3053 et
3384 3015 3501 3064 eos,
3538 3003 3639 3069 qui

385 3069 500 3135 ζῶα
529 3077 622 3126 xei.
651 3075 816 3146 ἕτερά
839 3091 962 3131 τινα
983 3080 1240 3150 χρειώδη,
1272 3080 1716 3149 παρακελεύεται
1741 3083 1774 3150 ἡ
1812 3081 1966 3150 βασι-

389 3162 508 3215 λεία
540 3182 667 3231 μού,
718 3168 1168 3238 παραλαμϐάνειν
1215 3171 1356 3224 αὐτὰ
1384 3172 1474 3224 τὸν
1516 3171 1601 3238 ἐφ’
1637 3172 1846 3242 ἑκάστῃ
1873 3173 1964 3223 ὲκ-

389 3250 590 3322 κλησίᾳ
617 3255 903 3323 οἴκονόμον
955 3257 1188 3311 ἐνώπιον
1227 3258 1322 3311 τοῦ
1369 3259 1574 3330 κλήρου
1611 3261 1832 3325 παντὸς,
1869 3265 1964 3315 καὶ

387 3343 712 3411 οἰκονομεῖν,
758 3341 899 3399 ὥστε
949 3348 1251 3410 ἀνελλιπῶς
1301 3349 1396 3402 καὶ
1428 3350 1691 3420 θεοφιλῶς
1722 3351 1965 3420 γίνεσθαι

388 3435 568 3486 πᾶσαν
598 3437 698 3503 τὴν
727 3437 1187 3510 ἐκκλησιαστικὴν
1221 3438 1534 3510 οἰκονομίαν
1585 3457 1645 3492 τε
1677 3443 1770 3494 καὶ
1797 3437 1965 3494 κατά-

391 3539 601 3592 στασιν,
636 3528 827 3597 μέχρις
859 3529 924 3582 ἂν
951 3531 1134 3600 ἕτερος
1162 3532 1442 3602 ὲνδημήση
1476 3531 1790 3602 ἀρχιερεύς.

473 3619 594 3673 Ἐπὶ
627 3621 800 3692 ’τούτῳ
825 3623 934 3690 γὰρ
961 3625 988 3674 ὁ
1037 3617 1226 3692 παρὼν
1256 3617 1651 3692 χρυσόϐουλλος
1681 3619 1836 3689 λόγος
1869 3616 1966 3688 τῆς

392 3710 669 3783 βασιλείας
703 3731 803 3781 μου
830 3715 1074 3781 ἐγεγόνει
1098 3715 1302 3776 πάσαις
1324 3717 1446 3778 ταῖς
1471 3716 1528 3766 ὲν
1552 3717 1617 3784 τῇ
1651 3713 1806 3785 χώρα
1835 3715 1967 3767 ταύ-

391 3817 460 3876 τῃ
500 3803 862 3873 μητροπόλεσι
897 3805 990 3856 καὶ
1017 3806 1343 3866 ὲπισκοπαῖς
1381 3803 1460 3867 είς
1493 3805 1796 3874 ἀσφάλειαν
1830 3807 1965 3857 αἰω-

392 3895 664 3960 νίζουσαν,
697 3895 987 3957 ἀπολυθεὶς
1018 3897 1160 3949 κατὰ
1194 3897 1284 3948 τὴν
1332 3897 1666 3968 Δεκέμϐριον
1694 3897 1839 3967 μῆνα
1865 3891 1967 3966 τῆς

395 3979 439 4049 β’
473 3985 850 4053 ἔπινεμὴσεως
874 3984 966 4036 τοῦ
998 3983 1171 4056 gap)?
1200 3985 1372 4051 ἔτους,
1402 3991 1458 4040 ὲν
1492 3979 1537 4055 ᾧ
1586 3991 1646 4040 τὸ
1695 3990 1967 4060 ἡμέτερον

393 4073 616 4138 εὐσεϐὲς
647 4075 741 4128 καὶ
768 4075 1168 4146 θεοπρόϐλητον
1203 4081 1596 4152 ύπεσημήνατο
1618 4083 1842 4150 κράτος.

395 4235 486 4289 ιν.
530 4234 666 4304 Imp.
709 4235 981 4292 Michaelis
1036 4239 1324 4310 Pulmalogi
1371 4253 1532 4294 aurea
1559 4241 1703 4295 (mlta
1730 4258 1822 4312 pro
1862 4241 1968 4296 Ce-

785 4311 1086 4364 uuemibua.
1134 4312 1202 4378 (f)
1253 4314 1340 4381 (ιι.
1378 4314 1562 4381 1261.)

403 4414 634 4470 Michael
673 4419 725 4470 iu
759 4420 939 4475 Cristo
975 4422 1084 4476 Deo
1125 4422 1300 4477 ﬁdelis
1335 4421 1632 4491 Imperator
1663 4424 1968 4478 Moderator

472 4510 782 4564 Graecorum
807 4513 978 4566 Ilucas
995 4514 1230 4582 Angelus
1249 4512 1609 4586 Comln]euus
1628 4513 1966 4586 Puteologus.

473 4625 549 4678 Ετ
581 4639 688 4692 quo
712 4622 1038 4678 Guillelmus
1057 4621 1378 4680 Vicecomes
1404 4635 1458 4680 et
1497 4605 1836 4682 Guarnerius
1876 4625 1974 4680 Ju-

394 4717 495 4770 dex
520 4715 752 4784 delegati
787 4713 1010 4770 fuerunt
1041 4718 1297 4770 mandato
1333 4715 1682 4772 dominorum
1716 4734 1966 4783 suorum,

393 4807 644 4859 videlicet
679 4806 889 4858 Domini
919 4806 1131 4861 Martini
1155 4808 1222 4862 de
1250 4807 1413 4864 Facio
1447 4809 1735 4864 Potestatis
1754 4807 1966 4876 Ianum,

398 4897 470 4951 υ..
492 4893 768 4952 Guillelmi
801 4892 1018 4952 Boucha
1041 4895 1192 4968 Nigr.
1243 4899 1526 4969 Capitanei
1558 4899 1799 4976 “Ianuar,
1841 4915 1974 4954 con-

401 5002 568 5040 sensu
600 4997 654 5040 et
677 4990 952 5041 communi
982 4990 1212 5044 consilio
1241 5000 1366 5044 octo
1430 4990 1708 5045 Nobilium
1740 5002 1795 5044 et
1864 4992 1975 5043 An-

400 5079 671 5132 tianorum
709 5077 889 5148 populi
923 5091 978 5134 et
1001 5081 1318 5147 Communis
1349 5080 1563 5148 .Ianuae,
1595 5085 1662 5138 ad
1720 5092 1968 5138 nostrum

404 5168 698 5240 Imperium
730 5171 964 5241 syndici,
997 5173 1174 5227 nuntii
1199 5184 1252 5227 et
1311 5185 1708 5242 procuratores,
1759 5174 1827 5228 ad
1891 5179 1973 5228 lo-

394 5261 689 5331 quendum,
756 5266 1072 5332 petendum,
1107 5265 1468 5328 tractandum,
1511 5266 1970 5332 conﬁrmandum,

395 5354 773 5409 aﬁirmandum
799 5365 856 5410 et
887 5359 1274 5428 complendum
1315 5376 1438 5414 cum
1487 5357 1726 5430 Imperio
1787 5375 1972 5416 nostro

465 5492 996 5568 (I)EdiditDnca_nge
1026 5498 1079 5550 iu
1137 5497 1346 5551 Recueil
1391 5499 1454 5552 de
1529 5499 1754 5554 diverse;
1802 5500 1969 5568 piéres

394 5581 528 5635 patir
557 5566 722 5639 t'hist.
756 5571 819 5618 de
843 5566 1056 5639 ϐοηδιτ,
1079 5571 1166 5620 ed.
1205 5568 1404 5639 I’arisJ,
1437 5584 1488 5632 p.
1517 5571 1550 5623 9
1583 5587 1703 5639 sqq.

467 5636 750 5703 (In/Micam
785 5643 974 5704 (prope
999 5637 1310 5705 Ephesum).
1343 5636 1962 5710 Smyrnam,Adramyt-

719 5728 984 5786 I’n‘tt'oc.
1032 5730 1077 5786 (ἶ
1091 5749 1146 5788 tt.
1195 5731 1366 5788 CLXI
1380 5773 1396 5789 .

2063 3089 2365 3144 Januenscs
2393 3089 2829 3156 appellabuntur,
2859 3091 2910 3145 in
2935 3092 3184 3158 personis
3216 3101 3269 3145 et
3313 3091 3474 3144 rebus
3502 3105 3640 3152 nau-

2069 3179 2273 3248 fragos,
2306 3181 2430 3230 dum
2460 3189 2637 3233 tamen
2677 3181 3002 3236 testiﬁcetur
3057 3183 3317 3238 Potestati
3377 3183 3638 3236 Jauuensi

2067 3284 2162 3322 seu
2191 3269 2446 3338 Capitulo
2477 3271 2555 3324 vel
2584 3271 2912 3326 Consulibus
2964 3273 3173 3338 Ianua},
3207 3280 3299 3345 qui
3357 3285 3486 3328 tunc
3520 3273 3641 3328 fut--

2071 3361 2179 3413 riut
2211 3361 2261 3412 iu
2289 3361 2532 3430 partibus
2559 3361 2854 3428 Romaniae,
2917 3379 3012 3418 eos
3040 3366 3290 3434 cognitos
3334 3365 3640 3422 Jauttenscs

2070 3450 2151 3504 vel
2171 3450 2445 3505 districtus
2473 3451 2659 3506 Januze
2691 3453 2773 3506 vel
2805 3457 2983 3509 dictos
3011 3456 3340 3512 Jauucnses.

2140 3541 2273 3596 Item
2299 3545 2446 3598 dedit
2483 3554 2539 3598 et
2568 3547 2839 3602 coneessit
2861 3549 3026 3602 dictis
3076 3549 3283 3603 nuntiis
3303 3561 3356 3602 et
3380 3551 3643 3622 syutlieis,

2070 3637 2457 3704 recipientibus
2489 3640 2708 3692 nomine
2762 3651 2816 3694 et
2844 3643 2958 3695 vice
3007 3641 3325 3698 Communis
3377 3641 3568 3698 Ianua:
3593 3655 3651 3696 et

2069 3728 2400 3795 singulorum
2430 3730 2786 3787 Janueusium
2815 3736 3113 3789 secundum
3139 3735 3476 3802 libertatem,
3501 3739 3650 3792 frau-

2071 3819 2296 3873 chisiam
2333 3833 2386 3873 et
2421 3821 2822 3878 immunitatem
2877 3826 2942 3879 d'e
2974 3835 3172 3880 caetero
3205 3828 3255 3879 iu
3320 3837 3642 3895 perpetuum

2072 3913 2124 3964 in
2161 3913 2293 3966 mari
2326 3923 2380 3967 et
2413 3922 2580 3980 terra,
2612 3916 2666 3968 in
2694 3917 2940 3985 portibus
2959 3917 3222 3971 etinsulis
3259 3921 3482 3983 nostris,
3509 3934 3649 3987 quos

2078 4017 2129 4061 et
2169 4022 2306 4075 quas
2341 4023 2488 4062 nunc
2525 4011 2686 4062 habet
2716 4009 2844 4081 [et]
2877 4010 2945 4064 de
2969 4019 3168 4064 caetero
3217 4009 3310 4064 Dei
3335 4011 3649 4065 misericor-

2072 4101 2156 4152 dia
2177 4099 2542 4167 adquisierit:
2577 4101 2651 4152 ita
2687 4108 2890 4161 tamen,
2925 4103 3068 4169 quod
3098 4112 3289 4153 omnes
3344 4097 3648 4153 JauueuSo-s

2070 4198 2125 4242 et
2160 4189 2438 4242 districtus
2463 4187 2822 4243 Janueusium
2877 4197 2936 4243 et
2987 4188 3115 4242 dicti
3178 4185 3481 4240 Junneuses
3541 4187 3654 4240 sint

2076 4280 2279 4334 Iranchi
2316 4288 2367 4332 et
2396 4278 2548 4332 liberi
2573 4289 2628 4332 et
2660 4280 2928 4332 immunes
2953 4279 3007 4331 in
3044 4290 3154 4332 loto
3176 4279 3438 4345 prtedieto
3469 4277 3644 4345 Impe-

2077 4369 2156 4422 rio
2188 4385 2306 4424 meo
2335 4370 2402 4424 ιιι)
2419 4371 2564 4423 omni
2595 4372 2944 4430 commercio,
2975 4372 3175 4430 dacita.
3207 4372 3518 4434 exactione,
3564 4371 3649 4421 in-

2079 4461 2270 4514 traudo
2332 4461 2618 4529 Imperium
2669 4475 2848 4514 meum
2916 4472 2970 4513 et
3025 4464 3294 4524 exeundo,
3349 4461 3543 4512 stando
3598 4470 3654 4509 t-t

2078 4553 2256 4602 etttnlu
2286 4549 2354 4602 de
2393 4560 2532 4602 terra
2567 4549 2618 4600 in
2645 4559 2867 4608 terram,
2905 4564 3000 4617 per
3036 4565 3186 4601 mare
3217 4538 3267 4601 et
3292 4565 3388 4616 per
3426 4561 3651 4607 terram,

2080 4654 2199 4690 eum
2225 4639 2492 4694 mercibus
2523 4649 2576 4692 et
2607 4640 2724 4692 sine
2755 4639 3029 4692 mercibus
3059 4639 3183 4692 illuc
3212 4641 3404 4693 delatis
3435 4639 3516 4692 vel
3542 4639 3593 4691 ill
3623 4658 3653 4691 (τ

2080 4728 2296 4796 emptis,
2323 4745 2444 4782 cum
2465 4731 2571 4781 alio
2585 4729 2916 4794 deferendis,
2936 4731 3293 4798 personaliter
3314 4733 3392 4784 vel
3415 4732 3652 4785 reuiitcr.

2151 4817 2282 4873 Item
2312 4821 2460 4875 dedit
2487 4831 2540 4876 et
2561 4826 2834 4878 concessit
2902 4826 2952 4877 iu
2982 4826 3144 4878 tetris
3193 4823 3568 4894 iuiraseriptis
3598 4837 3655 4876 et

2081 4895 2536 4980 qualibet'earum
2574 4917 2639 4967 ad
2674 4915 2906 4970 liberum
2961 4919 3418 4986 proprietatisjus
3476 4925 3532 4972 et
3560 4919 3658 4969 do-

2085 5005 2256 5066 mittii,
2285 5005 2336 5056 in
2361 5006 2532 5068 Anea,
2561 5005 2830 5071 Simirris,
2868 5012 2916 5060 in
2942 5009 3273 5074 Luudimuti,
3308 5021 3358 5062 et
3399 5007 3492 5063 Dei
3548 5013 3656 5060 mi—

2085 5097 2378 5150 sericordia
2403 5098 2454 5151 in
2480 5097 2977 5170 Constantinopoli,
3004 5112 3059 5154 et
3093 5102 3144 5154 iu
3185 5082 3431 5168 partibus
3485 5101 3653 5152 εἰσι-(ιο

2085 5189 2249 5253 nichi,
2281 5193 2420 5259 apud
2455 5191 2842 5257 Corsandrum,
2876 5193 2950 5263 (g)
2988 5204 3042 5246 et
3074 5193 3439 5262 iuftascriptis
3465 5194 3656 5245 insulas

2088 5292 2140 5336 cl
2179 5283 2659 5352 qualibctearum,
2692 5286 2902 5338 scilicet
2949 5287 3000 5340 in
3069 5286 3289 5345 Metelli.
3317 5287 3369 5338 in
3412 5286 3561 5343 Scio.
3603 5295 3658 5334 «ιι

2087 5367 2178 5421 Dei
2211 5369 2581 5422 misericordia
2615 5370 2666 5422 iu
2698 5369 2868 5436 Creti,
2898 5375 2946 5426 in
3007 5374 3377 5444 Nv'gropoute.
3435 5374 3655 5444 logiam,

2084 5504 2241 5581 tium.
2298 5515 2351 5557 et
2411 5518 2606 5581 pra-ter
2651 5509 3159 5581 Constantinopolin
3211 5510 3654 5568 Thessalonicam

2077 5585 2130 5624 et
2165 5573 2550 5629 Cassandriam
2587 5581 2670 5632 hic
2726 5583 2951 5633 tndiruri
2989 5573 3134 5635 notat
3163 5581 3330 5650 Zaqh.
3367 5599 3394 5633 a
3428 5581 3584 5650 Ling.

3236 5737 3310 5798 33
