3934 6198
356 174 503 289 102v

1534 219 2175 285 'CPOLITANORUM
2224 222 2431 284 lMPP.

3478 217 3646 283 1023'

359 336 647 409 palatium,
674 329 1284 399 ecclesiam,halneum,
1322 330 1542 389 furnum
1573 341 1629 388 et
1649 330 1947 404 jardinum,
1976 344 2028 402 Α
2064 335 2214 388 intra
2236 332 2413 403 ipsam
2434 331 2742 395 ecclesiam,
2787 338 2840 385 et
2895 327 3166 385 cimiterio
3216 329 3407 400 ipsius,
3463 338 3636 400 atque

360 429 628 484 etdomos
666 425 996 481 suﬂicientes
1048 424 1117 479 ad
1166 424 1354 479 stallos
1393 410 1794 488 mercatorum,
1837 422 1931 492 qui

361 515 562 571 ibidem
585 514 831 569 venerint
858 528 1019 567 causa
1055 512 1359 584 negotiandi
1392 528 1407 566 :
1443 513 1519 566 ita
1542 520 1746 575 tamen,
1771 514 1917 580 quod

362 606 585 677 ex‘ipsis
612 606 797 674 aliqua
830 605 1022 675 pensio
1048 606 1156 674 peti
1185 619 1291 659 non
1352 602 1517 659 debet
1550 618 1655 657 nec
1687 603 1848 673 exigi,
1881 612 1937 659 et

366 701 417 754 in
447 697 727 768 praedictis
754 697 910 752 terris
941 706 997 751 et
1026 696 1221 751 insulis
1257 697 1460 752 habere
1493 698 1695 751 debent
1728 707 1783 750 et
1811 712 1936 765 pos-

362 792 470 845 sint
493 788 794 845 Januenses
820 796 872 844 et
896 793 946 843 in
978 789 1222 859 qualibet
1252 804 1440 843 earum
1473 790 1537 841 ad
1569 803 1759 844 eorum
1794 786 1933 841 velle

364 883 638 947 consules,
673 882 879 935 curiam
909 889 965 935 et
991 880 1434 950 jurisdictionem
1464 893 1668 932 meram
1699 889 1755 932 et
1793 879 1933 930 mix-

364 981 475 1027 tam
509 972 562 1025 in
595 971 850 1025 civilibus
899 981 954 1025 et
1011 970 1398 1026 criminalibus
1454 970 1713 1024 omnibus
1776 982 1940 1038 super

363 1065 617 1120 omnibus
638 1063 1007 1118 Januensibus
1034 1072 1088 1118 et
1136 1062 1204 1117 de
1258 1062 1516 1118 districtu
1575 1061 1772 1117 ianuae
1805 1059 1935 1134 [et]

363 1160 452 1228 qui
480 1157 732 1213 dicuntur
751 1142 1076 1210 Januenses.
1102 1152 1169 1208 Et
1206 1152 1253 1207 si
1287 1153 1514 1222 quaestio
1566 1154 1693 1221 erit,
1758 1161 1939 1206 utrum

364 1247 559 1317 aliquis
581 1244 685 1301 erit
708 1244 1000 1299 Januensis
1031 1245 1113 1299 vel
1147 1244 1213 1298 de
1243 1244 1502 1299 districtu
1559 1244 1642 1297 vel
1695 1244 1938 1313 appella-

367 1350 473 1406 tur,
505 1338 755 1393 credetur
785 1345 1025 1392 etstetur
1057 1336 1352 1390 assertioui
1384 1336 1672 1391 consulum
1700 1332 1942 1388 Januen-

365 1430 526 1494 sium,
558 1428 649 1497 qui
685 1441 815 1483 tunc
850 1427 1108 1498 temporis
1161 1426 1386 1482 fuerint.
1442 1425 1703 1482 Promisit
1757 1436 1938 1479 autem

364 1529 420 1575 et
448 1522 726 1583 c0nvenit,
756 1519 901 1587 qu‘od
928 1534 1034 1572 non
1074 1520 1306 1587 recipiet
1329 1518 1564 1587 aliquem
1602 1516 1937 1571 Januensem

366 1627 466 1665 nec
506 1611 571 1665 de
599 1600 854 1665 districtu
890 1611 941 1663 in
969 1610 1236 1664 vasallum
1277 1610 1555 1681 hominem
1577 1623 1673 1663 seu
1703 1606 1946 1672 fidelem,

2054 424 2411 480 solumcastrl
2436 421 2794 486 Venetorum,
2821 423 2965 490 quod
3014 431 3100 477 est
3124 424 3181 475 in
3232 421 3346 490 ipsa
3374 422 3627 484 civitate,

2047 517 2093 571 si
2131 516 2329 569 dictum
2348 528 2638 569 commune
2659 514 2948 569 instantem
2970 523 3026 568 et
3040 512 3310 569 efficacem
3333 513 3403 565 ad
3426 512 3631 565 dictam

2046 605 2320 662 civitatem
2369 605 2687 675 capiendam
2723 621 3037 661 succursum
3074 604 3287 659 miserit
3316 605 3628 673 galearum.

2113 699 2247 751 Item
2279 696 2430 753 dedit
2458 706 2516 751 et
2555 697 2831 752 concessit
2850 696 2972 765 jure
3014 695 3368 765 preprietatis
3408 705 3464 748 et
3528 695 3633 747 do-

2039 789 2190 842 minii
2218 804 2339 841 cum
2367 791 2523 857 plena
2551 785 2938 858 jurisdietioue
2962 802 3108 841 mera
3134 796 3189 842 et
3255 786 3428 840 mixta
3490 785 3598 838 civi

2038 888 2202 934 tatem
2234 884 2347 936 sive
2369 881 2547 937 locum
2584 882 2804 937 Simirri
2827 893 2881 936 et
2905 886 3022 950 ejus
3075 896 3289 952 portum
3355 898 3483 935 eum
3534 896 3629 935 su-

2037 972 2298 1053 pradictis
2332 959 2777 1053 possessionibus
2809 982 2863 1027 et
2897 973 3146 1028 districto
3174 984 3232 1028 et
3281 972 3622 1026 habitatori-

2040 1063 2162 1128 bus,
2194 1063 2419 1119 introitu
2457 1067 2718 1136 exituque
2771 1066 2939 1120 maris
2966 1075 3022 1121 et
3049 1074 3214 1122 terra:
3272 1066 3510 1119 liberam
3556 1072 3630 1119 et

2040 1150 2372 1223 expeditam,
2397 1166 2659 1227 perpetuo
2685 1157 3076 1227 possidendam
3106 1172 3126 1212 :
3169 1157 3427 1213 videlicet
3449 1166 3626 1213 totum

2042 1243 2197 1308 illud,
2234 1248 2378 1316 quod
2411 1251 2650 1318 pertinet
2680 1252 3052 1319 imperatoriae
3113 1249 3411 1321 Majestati,
3457 1249 3628 1304 salvis

2038 1334 2255 1402 juribus
2281 1339 2629 1408 episcopatus
2659 1350 2715 1394 et
2753 1340 3113 1395 ecclesiarum
3147 1341 3320 1410 ipsius
3353 1341 3624 1403 civitatis,

2043 1435 2098 1479 et
2128 1440 2315 1482 eorum
2344 1429 2572 1484 militum
2606 1433 2694 1499 qui
2719 1440 2850 1485 sunt
2882 1431 3207 1500 privilegiati
3238 1431 3292 1485 in
3317 1433 3437 1501 ipsa
3468 1432 3620 1486 civi-

2052 1523 2162 1570 tate
2189 1517 2493 1572 inhabitare
2534 1519 2602 1573 ah
2636 1518 3084 1589 ltnperio~nostro
3112 1520 3163 1573 in
3182 1519 3373 1573 ordine
3395 1517 3632 1582 militia,

2050 1622 2170 1675 qua:
2197 1611 2411 1663 cunctis
2441 1619 2525 1665 est
2550 1610 2698 1666 utilis
2754 1612 2824 1666 ad
2886 1626 3050 1665 usum
3102 1610 3528 1672 mercationum,
3576 1618 3631 1663 et

366 1704 492 1773 quia
521 1717 737 1771 semper
767 1703 953 1757 sitsub
980 1702 1131 1757 curia
1170 1700 1635 1773 etjurisdictione
1655 1699 1944 1753 consulum
1980 1713 2028 1772 Β
2056 1697 2216 1751 habet
2239 1699 2436 1753 bonum
2457 1711 2671 1769 portum
2720 1709 2776 1755 et
2802 1710 2886 1754 est
2910 1699 3139 1755 afﬂuens
3166 1699 3318 1753 bonis
3343 1698 3623 1753 omnibus.

365 1789 741 1852 Januensium,
797 1796 851 1845 et
896 1790 998 1844 sub
1027 1790 1157 1859 ipsis
1189 1790 1518 1857 respondere
1547 1796 1795 1842 teneatur
1830 1794 1947 1839 tan-

367 1897 530 1950 quam
558 1882 693 1935 civis
718 1891 772 1934 et
807 1881 1078 1934 habitator
1107 1877 1415 1934 Januensis.

439 1973 573 2031 Item
608 1969 936 2039 promisitet
985 1971 1261 2034 convenit,
1319 1970 1464 2039 quod
1515 1985 1621 2023 non
1677 1967 1942 2035 impediet

373 2063 453 2117 vel
483 2062 729 2131 impediri
756 2060 921 2115 faciet
952 2076 1051 2114 nec
1075 2061 1352 2130 permittet
1388 2061 1441 2114 in
1464 2065 1576 2113 toto
1628 2068 1812 2112 nostro
1835 2057 1944 2111 lm-

371 2154 542 2221 perio,
574 2153 716 2221 quod
745 2152 906 2205 habet
939 2160 994 2205 et
1028 2150 1121 2204 Dei
1154 2151 1531 2204 misericordia
1595 2149 1941 2217 adquisierit,

372 2247 604 2316 aliquem
637 2245 963 2299 Januensem
996 2244 1077 2297 vel
1106 2241 1174 2297 de
1217 2242 1469 2297 ilistrictu
1501 2244 1579 2295 vel
1628 2242 1831 2297 dictum
1858 2239 1949 2295 Ja-

374 2352 632 2391 nueusem
671 2350 768 2404 pro
811 2335 956 2389 facto
1007 2337 1088 2389 vel
1136 2320 1353 2388 delicto
1393 2335 1618 2388 alterius
1653 2335 1947 2389 occasione

373 2427 553 2497 aliqua
582 2427 636 2480 in
677 2426 925 2493 personis
954 2426 1035 2478 vel
1080 2425 1262 2486 rebus,
1298 2427 1392 2479 sed
1423 2439 1581 2493 ptnna
1615 2440 1743 2479 suos
1763 2434 1946 2480 teneat

374 2528 647 2579 auctores,
686 2515 760 2567 ita
802 2513 949 2582 quod
981 2514 1162 2566 caeteri
1190 2512 1393 2565 nullum
1427 2506 1682 2566 damnum
1717 2513 1799 2565 vel
1857 2506 1948 2566 lte-

372 2609 581 2662 sionem
612 2605 886 2674 patiantur
921 2618 1017 2670 pro
1052 2602 1253 2655 delicto
1313 2603 1560 2665 alterius,
1620 2603 1804 2657 debito
1863 2602 1944 2655 vel

377 2700 583 2768 rapina.
619 2696 682 2749 Et
708 2696 751 2749 si
783 2696 906 2764 quis
923 2697 1023 2747 erit
1058 2698 1350 2748 accusatus
1383 2691 1465 2747 vel
1516 2693 1834 2761 incnlpatus
1864 2693 1947 2746 vel

377 2789 670 2857 requisitos
701 2789 767 2841 de
808 2784 988 2851 aliquo
1014 2783 1218 2847 debito,
1279 2783 1465 2849 rapina
1504 2783 1585 2836 vel
1620 2784 1817 2836 delicto
1842 2783 1946 2837 ali.

374 2883 550 2951 cujus,
577 2889 943 2948 cognoscatur
974 2879 1040 2930 de
1069 2876 1154 2929 his
1183 2875 1284 2929 sub
1308 2874 1457 2928 curia
1487 2883 1543 2928 et
1565 2874 1947 2942 jttrisdictioue

375 2973 657 3027 consulum
689 2967 1068 3023 .lanuensinnt.
1101 2965 1166 3027 Et
1194 2966 1238 3020 si
1270 2952 1473 3033 aliquis
1505 2966 1569 3018 de
1601 2975 1748 3019 terra
1773 2965 1946 3019 nostri

2119 1784 2379 1844 Promisit
2409 1791 2606 1846 iterum
2631 1799 2683 1845 et
2707 1791 2961 1846 convenit
2984 1792 3117 1843 dare
3143 1789 3417 1843 annuatim
3451 1803 3621 1843 coni-

2050 1877 2403 1936 muniJanute
2436 1896 2533 1951 pro
2565 1881 2846 1936 solemniis
2904 1896 3200 1954 yperperos
3254 1880 3334 1952 (lt)
3364 1879 3630 1948 quingen-

2047 1980 2132 2026 tos
2164 1973 2340 2026 etduo
2364 1974 2525 2040 pallia
2549 1975 2832 2037 deaurata,
2859 1986 2912 2028 et
2974 1972 3473 2042 archiepiscopatui
3529 1968 3623 2026 Ia-

2046 2063 2331 2117 uuensium
2390 2077 2683 2133 yperperos
2716 2060 2805 2116 LX
2835 2072 2890 2116 et
2933 2062 3155 2131 pallium
3195 2077 3364 2115 unum
3397 2062 3625 2114 deaura-

2046 2163 2183 2214 tum,
2217 2164 2274 2205 ttt
2302 2164 2635 2206 memoratur
2667 2152 2720 2207 itt
2765 2152 3047 2220 privilegio
3112 2150 3285 2204 felicis
3343 2149 3620 2202 memoria:

2050 2244 2260 2300 Domini
2294 2245 2560 2299 Mauuelis
2607 2244 2952 2312 Imperatoris
2980 2244 3251 2312 quondam
3282 2241 3626 2297 Crte-corum.

2119 2335 2248 2390 Item
2279 2339 2532 2407 promisit
2576 2345 2630 2391 et
2659 2339 2934 2399 convenit,
2963 2334 3107 2403 quod
3168 2346 3276 2389 non
3339 2333 3497 2386 laciet
3561 2335 3624 2384 de

2050 2440 2245 2482 caetero
2266 2428 2537 2481 communi
2571 2426 2758 2481 Januae
2805 2429 3057 2482 devetum
3112 2423 3332 2493 aliquod
3392 2426 3446 2475 in
3510 2434 3621 2475 tutu

2048 2518 2193 2571 dictu
2255 2515 2507 2586 Imperio,
2541 2518 2683 2587 quod
2722 2517 2881 2570 habet
2907 2524 2962 2570 et
2996 2514 3088 2569 Dei
3123 2513 3498 2568 misericordia
3530 2512 3622 2564 ad-
3672 2534 3695 2551 -

2050 2610 2321 2677 quisierit,
2367 2611 2431 2662 de
2462 2608 2731 2677 aliquibus
2782 2607 3242 2669 ntercationibus,
3297 2604 3621 2658 VlCllNllth

2050 2712 2210 2769 atque
2238 2715 2427 2771 grano,
2487 2702 2581 2754 sed
2636 2699 2768 2770 ipsis
2816 2699 3204 2759 mercatienes,
3255 2696 3510 2750 victualia
3571 2704 3625 2746 et

2049 2810 2273 2865 granum
2297 2792 2569 2862 permittet
2589 2791 2912 2848 contrahere
2962 2793 3027 2844 de
3056 2798 3171 2843 toto
3191 2787 3303 2858 jatn
3349 2786 3623 2839 antedicto

2052 2884 2283 2954 Imperio
2316 2884 2566 2938 omnibus
2593 2894 2646 2937 et
2675 2883 2906 2951 singulis
2923 2881 3311 2944 .lanuenSibus,
3332 2888 3389 2932 et
3408 2876 3620 2930 deferre

2055 2976 2226 3031 libere
2249 2986 2301 3029 et
2331 2975 2600 3045 expedite,
2629 2976 2747 3029 sine
2782 2973 2964 3042 aliquo
2998 2972 3382 3041 itupedimento
3411 2972 3621 3030 daciue,

379 3064 622 3133 Imperii,
652 3062 733 3117 vel
755 3061 952 3130 aliquis
979 3059 1069 3128 qui
1106 3073 1211 3117 non
1237 3057 1307 3111 sit
1359 3058 1424 3110 de
1484 3066 1674 3110 nostro
1708 3054 1945 3124 imperio
1974 3064 2021 3118 α
2053 3069 2368 3125 commercii
2398 3067 2514 3122 sive
2540 3066 2864 3130 θχηειίοηίε,

382 3168 482 3209 nee
511 3155 581 3209 sit
611 3151 924 3217 Januensis,
951 3147 1238 3208 on‘enderit
1263 3146 1501 3215 aliquem
1558 3147 1946 3215 praedictorum

375 3249 736 3303 Januensinm
776 3244 861 3299 vel
884 3241 1239 3297 erit‘debitor
1267 3240 1335 3293 de
1370 3239 1551 3307 aliqua
1612 3239 1946 3306 quantitate,

383 3339 673 3412 imperium
694 3345 938 3393 nostrum
969 3332 1227 3404 procedat
1255 3342 1307 3385 et
1332 3329 1488 3385 faciet
1508 3328 1776 3399 justitiam
1803 3346 1952 3385 sum-

379 3434 605 3489 mariam
630 3439 695 3486 'et
727 3430 1058 3499 expeditam.

446 3527 604 3589 item,
628 3523 774 3591 quod
807 3536 911 3573 non
952 3520 1227 3586 permittet
1258 3517 1321 3571 de
1349 3526 1548 3570 canere
1597 3516 1650 3568 in
1680 3524 1791 3569 tota
1850 3528 1949 3568 sua

381 3628 526 3672 terra
567 3616 649 3668 vel
683 3603 737 3667 in
782 3611 971 3664 insulis
1003 3609 1173 3662 nostri
1219 3607 1451 3676 imperii,
1481 3621 1618 3675 quas
1681 3606 1843 3659 habet
1896 3614 1954 3659 et

378 3707 473 3764 Dei
531 3701 912 3760 misericordia
974 3700 1316 3769 adquisierit,
1373 3699 1634 3766 aliquam.
1680 3706 1949 3751 armatam

377 3798 518 3863 lteri,
547 3796 690 3866 quod
713 3801 923 3848 armata
949 3792 1024 3846 sit
1049 3802 1105 3845 et
1135 3805 1258 3845 esse
1289 3790 1485 3845 debent
1553 3799 1745 3844 contra
1799 3800 1951 3844 com-

379 3903 542 3944 mune
575 3886 765 3941 Ianua:
789 3886 868 3939 vel
894 3866 1197 3939 Januenses
1220 3895 1276 3938 et
1309 3883 1594 3938 districtus
1632 3898 1647 3932 :
1724 3897 1830 3935 non
1864 3894 1948 3933 re-

379 3980 620 4051 ceptabit
647 3991 827 4045 neque
855 3977 1122 4047 receptari
1176 3978 1453 4045 permittet
1499 3979 1735 4044 aliquam
1771 3989 1953 4026 arma-

381 4087 489 4129 tam
529 4083 718 4128 centra
750 4070 1056 4127 Januenses
1090 4074 1140 4123 itt
1174 4080 1287 4123 toto
1316 4068 1463 4122 dicto
1498 4066 1753 4135 Imperio,
1780 4080 1954 4134 neque

377 4165 640 4222 concedet
669 4163 909 4218 inimicis
931 4162 1235 4216 communis
1259 4158 1619 4213 Janucnsium
1648 4167 1947 4211 mercatum

377 4253 623 4325 aliquod,
658 4251 902 4321 exceptis
929 4250 1164 4312 Pisanis,
1208 4249 1298 4316 qui
1357 4255 1488 4301 sunt
1534 4245 1719 4301 lideles
1774 4247 1950 4299 nostri

2126 3161 2257 3215 ltem
2278 3161 2532 3229 promisit
2571 3171 2626 3213 et
2653 3159 2930 3222 convenit,
2981 3154 3129 3228 quod
3196 3169 3301 3209 non
3357 3151 3623 3207 detinebit

2055 3268 2159 3308 nec
2197 3252 2426 3307 detineri
2453 3251 2615 3305 faciet
2665 3266 2768 3305 nec
2826 3250 3106 3321 permittet
3152 3246 3390 3315 aliquam
3439 3244 3619 3297 navim

2052 3361 2227 3415 neque
2262 3346 2467 3416 lignum
2498 3342 2731 3413 alicujus
2763 3340 3051 3397 lanuensis
3096 3341 3275 3409 aliqua
3304 3336 3618 3397 occasione.

2053 3453 2153 3492 nec
2173 3438 2404 3509 aliquem
2444 3436 2768 3492 Januensent
2792 3430 2845 3488 in
2888 3434 3136 3504 personis
3196 3439 3250 3482 et
3290 3428 3479 3491 rebus,
3526 3429 3622 3481 sed

2053 3531 2198 3600 ipsos
2222 3541 2280 3584 et
2308 3531 2454 3600 ipsas
2487 3542 2702 3597 semper
2760 3527 2913 3580 exire
2956 3522 3235 3594 permittet
3260 3521 3326 3573 de
3375 3529 3489 3572 toto
3518 3518 3623 3572 ltu-

2052 3622 2203 3689 perio
2237 3620 2601 3690 personaliter
2632 3628 2686 3674 et
2718 3619 2962 3679 realiter,
2997 3615 3097 3668 nisi
3131 3612 3338 3680 iuculpa
3353 3623 3439 3665 tus
3481 3612 3619 3663 foret

2054 3712 2125 3767 de
2148 3711 2329 3778 aliquo
2358 3710 2561 3772 debito,
2597 3708 2741 3763 furtu
2773 3708 2855 3760 vel
2909 3707 3119 3774 rapina,
3158 3703 3224 3756 de
3280 3701 3481 3770 quibus
3526 3701 3626 3752 sub

2054 3803 2202 3858 curia
2232 3800 2589 3857 Janueusiuin
2630 3801 2823 3854 debeat
2848 3798 3106 3868 judicari.

2125 3894 2257 3949 Item
2295 3895 2539 3962 promisit
2587 3905 2641 3947 et
2698 3892 2977 3955 convenit,
3035 3895 3178 3958 quod
3231 3907 3335 3945 non
3386 3892 3626 3959 imponet

2056 3995 2149 4040 aut
2173 3986 2350 4053 exiget
2382 4000 2483 4037 nec
2513 3984 2656 4052 exigi
2693 3984 2856 4037 faciet
2909 3983 2978 4036 ab
3003 3982 3183 4052 aliqua
3251 3995 3482 4051 persena
3520 3980 3621 4033 ali-

2054 4078 2196 4146 quod
2222 4092 2418 4131 novunt
2455 4075 2870 4138 commercium,
2899 4074 3132 4127 dacitam
3161 4088 3255 4126 seu
3281 4074 3619 4127 exactionem

2057 4173 2110 4225 in
2139 4178 2252 4224 toto
2277 4169 2508 4238 imperio
2533 4167 2812 4235 praedicto,
2837 4167 2980 4234 quod
3012 4165 3174 4220 habet
3219 4165 3304 4220 vel
3351 4163 3623 4232 adquisie-

2060 4264 2127 4316 rit
2156 4261 2249 4315 Dei
2284 4259 2681 4322 misericordia,
2711 4259 2779 4311 de
2812 4258 2920 4313 illis
2974 4254 3419 4318 tnereationibus,
3476 4267 3613 4319 quas

382 4346 601 4418 Imperii
625 4364 642 4403 :
667 4355 723 4400 et
742 4358 931 4398 omnes
952 4344 1158 4411 piratas
1180 4348 1369 4394 contra
1397 4352 1686 4393 commune
1713 4335 1948 4390 Januen-
1984 4375 2028 4429 ο
2055 4354 2185 4407 em"
2224 4366 2253 4405 a
2275 4349 2647 4404 “mensibus
2668 4364 2767 4403 nec
2831 4347 2959 4416 ipsis
3013 4346 3318 4400 ςεηαίδειιει
3374 4358 3475 4398 nec
3532 4344 3622 4411 qui

380 4439 520 4495 aiunt
554 4438 623 4492 de
663 4444 777 4491 toto
811 4441 1000 4488 nostro
1022 4431 1261 4502 Imperio
1300 4431 1555 4499 expellet,
1574 4437 1629 4483 et
1662 4440 1952 4497 perseque-

383 4541 471 4584 tur
495 4544 589 4584 eos
608 4538 777 4597 atque
795 4524 979 4596 puniet
1008 4524 1302 4578 secundum
1340 4520 1605 4591 justitiam
1634 4517 1951 4573 oﬁ‘ensorcs.

456 4646 586 4696 item
624 4639 901 4710 promisit,
916 4625 1183 4691 convenit
1208 4644 1262 4689 et
1299 4631 1649 4687 conﬁrmavit
1680 4630 1826 4699 jura,
1862 4640 1953 4682 ra-

386 4742 562 4795 tiones
599 4733 674 4804 (Ιι)
703 4743 757 4786 et
782 4727 1123 4800 privilegium
1150 4725 1357 4797 jurium
1383 4724 1839 4784 etaadiliciorum,
1874 4721 1957 4776 di.

384 4833 508 4884 vina
537 4821 912 4880 misericordia
946 4819 1183 4883 favente,
1237 4817 1379 4887 quod
1443 4831 1732 4870 commune
1767 4815 1956 4869 .laouae

385 4939 478 4976 seu
506 4918 704 4985 aliquis
734 4894 831 4983 pro
860 4911 1134 4973 communi
1160 4910 1442 4964 consuevit
1482 4908 1687 4961 habere
1711 4908 1763 4961 in
1822 4907 1955 4961 urbe

386 5026 579 5080 magna
606 4985 1098 5074 Constantinopoli.
1124 5001 1191 5055 Et
1220 5003 1263 5055 si
1295 4998 1555 5054 Dominus
1608 5000 1955 5068 unmipotens

386 5098 719 5157 concesserit
751 5097 985 5166 Imperio
1025 5103 1215 5149 nostro
1270 5106 1595 5161 recuperare
1649 5103 1707 5146 et
1761 5106 1953 5158 capere

385 5191 585 5245 dictant
618 5189 916 5253 civitatem,
948 5195 1077 5239 tunc
1112 5184 1260 5238 dabit
1313 5184 1365 5237 in
1428 5181 1653 5236 civitate
1702 5183 1956 5250 praedicta

384 5279 641 5349 palatimn
662 5276 937 5330 communi
995 5273 1207 5337 .lanuue,
1263 5273 1503 5336 stallum,
1560 5274 1954 5340 possessiones,

385 5380 439 5423 et
469 5370 525 5424 in
549 5368 710 5423 terris
735 5376 789 5420 et
828 5363 1058 5435 gratiam
1084 5362 1247 5417 faciet
1277 5362 1422 5417 dicto
1455 5360 1752 5424 communi,
1801 5357 1956 5412 vide-

387 5460 516 5515 licet
546 5459 686 5528 quod
716 5456 860 5512 dabit
891 5454 1041 5510 dicto
1063 5453 1337 5508 communi
1368 5451 1659 5507 ecclesiam.
1684 5448 1743 5503 S.
1774 5449 1954 5504 Maria:

387 5568 549 5623 quam
578 5554 737 5610 modo
770 5560 953 5607 tenent
989 5546 1262 5610 Venetici,
1310 5560 1431 5600 cum
1458 5543 1632 5610 logiis,
1673 5557 1793 5610 qua:
1828 5549 1954 5594 sunt

460 5666 537 5736 (It)
570 5665 770 5734 Nempe
805 5665 1016 5732 λόγους,
1044 5657 1577 5729 ες.χρυωσού).).ους.
1609 5654 1776 5710 Zacu.

2057 4445 2308 4499 dicuntur
2320 4426 2651 4503 Janufmses,
2677 4440 2785 4494 nisi
2828 4448 2886 4492 ut
2913 4439 3038 4492 hinc
3058 4446 3201 4491 retro
3221 4444 3470 4504 tempore
3496 4432 3622 4487 foe-

2062 4535 2184 4588 licis
2248 4531 2523 4587 memoria:
2583 4531 2788 4584 domini
2838 4528 3182 4597 Imperatoris
3271 4525 3623 4579 Kaloioanuis

2057 4625 2237 4695 agnati
2257 4625 2424 4678 nostri
2457 4623 2677 4677 solitum
2698 4620 2862 4675 fuerit
2894 4620 3111 4688 exigiet
3150 4616 3339 4672 haberi
3388 4617 3458 4672 de
3486 4614 3623 4669 civi-

2058 4715 2201 4770 libus
2242 4715 2682 4769 tnercatiouibus.

2127 4805 2378 4861 Promisit
2411 4808 2607 4861 iterum
2633 4815 2688 4858 et
2713 4802 2988 4868 convenit,
3026 4801 3173 4871 quod
3206 4814 3310 4854 non
3349 4801 3626 4873 permittet

2057 4905 2123 4954 de
2149 4909 2346 4954 cmtero
2376 4897 2638 4968 negotiari
2681 4897 2825 4950 inter
2848 4894 3023 4964 Majus
3070 4908 3219 4945 mare
3251 4892 3491 4961 aliquem
3522 4890 3627 4944 La-

2060 4996 2252 5052 tinum,
2276 4990 2378 5043 nisi
2418 4986 2749 5042 Janueusem
2782 4997 2837 5040 et
2865 4987 3120 5041 Pisanum
3155 4997 3209 5037 et
3234 4999 3356 5046 eos,
3388 4985 3480 5051 qui
3504 4985 3620 5034 def-

2060 5064 2349 5159 fentleruut
2378 5086 2590 5148 portum
2626 5091 2721 5130 seu
2750 5091 2836 5130 res
2870 5073 3145 5138 Vestiarii,
3167 5074 3367 5144 quibus
3388 5072 3627 5126 Januen-

2058 5173 2206 5227 sibus
2240 5172 2487 5224 devetutn
2518 5186 2621 5223 non
2658 5167 2818 5222 faciet
2839 5167 3001 5221 eundi
3053 5168 3193 5220 inter
3250 5162 3425 5234 Majas
3483 5177 3630 5217 mare

2058 5276 2112 5318 et
2142 5264 2402 5318 redeundi
2460 5278 2579 5316 cum
2614 5248 2911 5324 inercibus,
2944 5258 3025 5313 vel
3066 5258 3182 5313 sine
3212 5257 3509 5321 mercibus,
3536 5254 3629 5309 sed

2060 5355 2471 5426 libere-possint
2508 5355 2584 5408 ire
2617 5367 2669 5407 et
2702 5352 2963 5408 redeundi
2990 5349 3051 5421 (i)
3081 5350 3150 5403 ab
3184 5346 3327 5402 omni
3359 5358 3629 5399 continer-

2059 5449 2144 5500 cio
2172 5457 2226 5499 et
2252 5446 2449 5499 redire.
2531 5472 2537 5479 ο

2130 5539 2389 5593 Prouiisit
2417 5540 2640 5606 insuper
2671 5533 3021 5596 eteonvenit,
3079 5532 3306 5585 ﬁrmatis
3358 5542 3417 5582 et
3463 5525 3627 5581 ratili-

2133 5653 2191 5722 (i)
2227 5653 2568 5722 chcitduut:
2602 5654 2874 5714 immunes,
2908 5649 2990 5703 vel
3021 5658 3067 5701 et
3089 5632 3377 5714 ca‘pcditsf
