3934 6198
295 268 302 275 ’
367 266 506 341 I029

366 453 825 525 sentiprivilegio,
857 468 952 521 per
976 451 1301 505 Potestatem
1332 448 1543 515 Ianum,
1574 450 1928 519 Capltaneum

363 544 547 598 Ianua:
575 552 628 598 et
656 551 780 598 octo
810 528 1032 596 Nobiles
1054 548 1109 595 et
1139 541 1406 595 Antianos
1432 552 1485 595 et
1540 551 1710 595 totum
1765 539 1929 595 Com-

367 648 526 690 mune
554 644 609 690 et
631 633 958 689 Consiliarcs
979 630 1172 687 Ianua:
1226 646 1420 687 versus
1479 631 1773 702 Imperium
1835 646 1932 685 no-

365 738 560 789 strum,
593 725 738 794 quod
769 724 1021 779 liberabit
1054 734 1108 778 et
1132 723 1381 779 absolvet
1439 739 1469 776 a
1502 723 1819 778 carceribus
1881 731 1935 777 et

368 818 595 871 vinculis
623 831 812 870 omnes
845 814 1143 872 Ianuenses
1175 825 1229 871 et
1259 816 1326 869 de
1359 816 1611 869 districto
1673 812 1861 868 Ianua;
1883 820 1939 867 et

365 908 455 976 qui
487 908 739 960 dicuntur
790 905 1116 972 .Ianuenses,
1176 907 1270 975 qui
1332 915 1460 959 sunt
1508 905 1563 958 in
1620 902 1937 959 carceribus

370 999 538 1051 nostri
565 997 807 1067 Imperii,
841 1010 895 1052 et
933 997 1081 1067 ipsos
1119 997 1298 1052 redire
1332 1007 1383 1051 et
1427 999 1685 1053 recedere
1711 996 1941 1066 pennit-

368 1097 465 1141 tet.
488 1087 756 1142 Praeterea
780 1089 962 1142 omnia
986 1099 1040 1141 et
1067 1089 1308 1156 singula,
1357 1095 1416 1141 ut
1463 1088 1816 1143 continentur
1843 1102 1938 1142 su-

368 1178 577 1247 perius,
617 1179 868 1248 promisit
889 1189 944 1233 et
989 1182 1244 1234 convenit
1294 1179 1603 1248 Imperium
1665 1191 1937 1243 nostrum,

367 1277 423 1324 et
439 1268 748 1338 iuramento
763 1269 1107 1323 conllrmavit
1131 1285 1227 1340 per
1252 1285 1311 1325 se
1334 1268 1386 1324 el
1421 1285 1770 1326 successores
1806 1284 1943 1338 prte-

369 1358 529 1413 dictis
553 1358 792 1431 syndicis
824 1370 878 1413 et
907 1360 1112 1415 nuntiis
1155 1374 1209 1415 et
1277 1360 1747 1429 procuratoribus,
1801 1360 1971 1415 reci--

370 1448 642 1521 pientihus
671 1451 889 1505 nomine
915 1461 970 1507 et
999 1452 1116 1507 vice
1138 1452 1457 1506 Communis
1484 1449 1677 1507 Ianua;
1703 1463 1758 1507 et.
1829 1455 1941 1507 sin-

370 1540 618 1609 gulorum
655 1537 1036 1606 .Ianuensium,
1866 1536 1869 1539 ’

440 1628 518 1683 Ex
544 1645 650 1698 quo
686 1644 815 1702 ergo
855 1634 1144 1700 praedictas
1198 1634 1490 1705 petitiones
1549 1635 1935 1706 praedictorum

1422 260 1794 330 NUVELL/E
1832 251 2509 324 CONSTI'I‘UTIONES.

366 367 503 421 catis
522 378 614 432 per
634 368 1029 417 sacramentum
1061 358 1148 423 iis,
1179 374 1299 428 quae
1325 361 1677 416 continemur
1705 360 1757 412 in
1789 374 1930 429 ιιι-ως
1971 356 2021 408 Δ

3474 234 3615 303 10ῗο

2049 374 2259 446 possint
2292 354 2629 424 venire‘cum
2663 361 2853 433 galeis,
2882 356 3072 421 armis,
3100 351 3329 446 navibus
3357 360 3411 446 et
3433 351 3610 420 equis.

2038 444 2261 539 etquod
2284 465 2491 519 dictum
2517 458 2845 517 Commune,
2872 449 3128 506 Potestas
3181 454 3238 501 et
3285 444 3617 513 Capitaneus

2038 574 2144 615 non
2172 557 2379 628 possint
2405 555 2554 624 ipsos
2601 548 2868 604 detinere.

2107 627 2244 705 Item
2279 647 2421 717 quod
2453 656 2645 698 omnes
2676 637 2975 694 Ianoenses
3032 639 3089 685 et
3138 630 3207 685 de
3259 627 3518 683 districto
3559 633 3616 676 et

2034 736 2134 814 qui
2155 755 2253 812 pro
2272 734 2637 793 Jannensibus
2662 745 2719 784 se
2745 725 3121 797 appellabunt,
3155 722 3251 814 qui
3304 719 3511 814 fuerint
3558 717 3614 769 in

2040 811 2275 903 Imperio
2301 841 2508 890 nostro,
2537 834 2593 880 et
2622 818 2959 888 adjuvabunt
3011 814 3078 869 ad
3134 811 3535 868 defendendum
3567 818 3621 860 et

2045 923 2335 981 defendent
2368 931 2568 975 terram
2595 915 2762 970 nostri
2812 908 3030 979 Imperii
3079 916 3135 961 et
3170 903 3425 960 homines
3479 904 3618 956 bona

2048 1020 2151 1072 Ilde
2182 1036 2195 1072 :
2223 1029 2328 1070 non
2358 1023 2535 1065 tamen
2559 1007 2773 1078 possint
2806 994 3096 1073 propterea
3132 998 3373 1053 detineri
3429 1009 3624 1065 perso-

2047 1106 2243 1161 naliter
2273 1101 2357 1156 vel
2392 1098 2631 1161 realiter,
2665 1096 2794 1163 quin
2826 1104 3044 1158 semper
3097 1089 3165 1141 ad
3216 1100 3404 1140 eorum
3444 1085 3631 1137 volun-

2048 1207 2212 1251 tatem
2237 1195 2301 1247 de
2323 1199 2511 1246 nostro
2540 1185 2779 1254 Imperio
2836 1182 2989 1238 exire
3024 1177 3241 1249 possint
3268 1188 3323 1230 et
3371 1174 3629 1229 recedere

2048 1285 2408 1358 personaliter
2443 1290 2497 1335 et
2526 1276 2773 1332 reallter.

2119 1375 2251 1429 Item
2275 1370 2417 1442 quod
2455 1369 2499 1424 si
2526 1368 2707 1436 aliqua
2740 1363 2898 1418 navis
2949 1364 3319 1416 mercatorum
3385 1355 3630 1410 .Ianuen—

2049 1462 2191 1518 sium
2219 1441 2381 1515 fuerit
2420 1460 2473 1512 In
2522 1453 2758 1523 Imperio
2809 1459 3020 1513 nostro,
3086 1456 3141 1501 et
3199 1456 3330 1497 tunc
3372 1441 3633 1495 acciderit

2049 1553 2192 1625 quod
2223 1551 2287 1623 (λ’)
2315 1540 2489 1606 stolns
2523 1548 2849 1603 Pisanorum
2872 1541 2959 1596 vel
2978 1540 3310 1595 Venetorum
3340 1535 3426 1589 vel
3484 1533 3625 1587 alie-

2052 1660 2196 1710 I'IIIII,
2224 1645 2313 1714 qui
2340 1643 2542 1697 habent
2571 1648 2827 1706 guerram
2848 1648 2970 1688 cum
2999 1631 3250 1700 Imperio
3304 1638 3515 1692 nostro,
3577 1636 3628 1680 et

371 1723 688 1776 nuntiorum
714 1725 913 1791 recepit
949 1734 1006 1778 et
1036 1725 1351 1790 adimplevit
1375 1726 1664 1795 Imperium
1697 1738 1937 1784 nostrum
1974 1765 2022 1825 Β
2051 1733 2380 1802 Capitaneus
2423 1746 2519 1785 seu
2568 1728 2745 1782 Ducas
2806 1725 2890 1779 vel
2934 1721 3282 1777 CasteIIanns
3339 1719 3469 1782 loci,
3539 1717 3630 1771 ubi

367 1819 423 1864 et.
450 1825 546 1881 per
569 1811 938 1880 juramentum
968 1816 1330 1893 Conlirtnavit,
1364 1816 1685 1883 iuraverunt
1712 1833 1947 1889 namque
1974 1810 2022 1825 υ
2043 1826 2157 1896 jatn
2189 1823 2333 1879 dicta
2366 1822 2518 1876 navis
2547 1827 2712 1885 esset,
2740 1816 3047 1886 requireret
3079 1813 3145 1866 de
3178 1810 3493 1866 hominibus
3538 1824 3634 1863 na:
3716 1870 3727 1882 ί

370 1903 610 1970 praedicti
642 1903 842 1968 nuntii,
865 1905 1115 1959 videlicet
1164 1906 1484 1963 Guillclinus
1530 1907 1848 1965 Vicecomes
1893 1920 1947 1965 et

371 1992 684 2050 Cualterius
713 1995 887 2051 Judex
933 1997 1001 2052 ad
1032 2009 1219 2052 sancta
1258 1999 1352 2054 Dei
1398 2002 1677 2071 evangelia
1699 2013 1756 2056 et
1776 2004 1948 2056 hono-

373 2081 599 2138 rabilem
628 2094 683 2138 et
712 2076 902 2140 veram
934 2102 1153 2142 crucem
1184 2099 1240 2143 et
1266 2103 1458 2145 omnes
1492 2099 1735 2156 sanctos,
1761 2101 1816 2146 et
1864 2105 1951 2146 re-

374 2182 640 2243 ceperunt
660 2190 824 2244 super
857 2178 1072 2233 animas
1098 2192 1229 2234 suas
1253 2190 1308 2234 et
1328 2182 1669 2235 dominorum
1699 2196 1944 2244 suorum,

376 2262 691 2332 Potestatis,
726 2265 1030 2336 Capitanei,
1058 2268 1446 2333 Antianornm,
1476 2278 1600 2325 octo
1658 2268 1933 2323 Nobilium

375 2365 431 2409 et
458 2355 801 2427 Communis,
832 2371 1024 2413 omnes
1047 2359 1340 2427 petitiones
1378 2358 1595 2428 Imperii
1634 2361 1803 2414 nostri
1821 2361 1952 2414 sub-

374 2446 629 2515 scriptas,
658 2458 713 2502 et
742 2446 929 2515 jurare
990 2449 1225 2503 debeant
1293 2450 1630 2531 multotiens,
1699 2452 1952 2507 videlicet

376 2536 645 2604 Potestas,
668 2538 1021 2607 Capitaneus.
1042 2541 1290 2607 Antiani,
1314 2551 1440 2597 octo
1469 2541 1692 2598 Nobiles
1717 2553 1770 2596 et
1789 2544 1953 2597 Com-

378 2642 540 2683 mune
561 2625 848 2692 Janute,ut
868 2630 1201 2697 adimpleant
1232 2631 1361 2693 ista,
1425 2641 1480 2687 et
1526 2647 1621 2701 per
1670 2632 1954 2703 iuramen-

376 2727 490 2772 tum
520 2722 842 2773 conﬁrment
872 2730 929 2773 et
967 2721 1246 2774 ratilicent
1269 2721 1613 2791 infrascripta
1649 2742 1666 2779 :

445 2808 698 2881 Inprimis
726 2809 873 2880 quod
901 2812 1202 2867 Commune
1222 2808 1410 2867 Jannae
1470 2815 1693 2870 habebit
1753 2817 1819 2870 de
1842 2831 1953 2871 θέε·-

378 2913 497 2957 tero
526 2915 714 2971 pacem
740 2911 794 2955 et
816 2915 1060 2954 amorem
1099 2911 1420 2971 perpetuum
1443 2918 1568 2960 cum
1600 2905 1834 2976 Imperio
1857 2924 1955 2962 υο.

383 3005 498 3049 stro
522 3006 586 3047 ac
616 2991 1034 3048 successoribus
1056 2990 1196 3059 ejus,
1224 3005 1281 3046 et
1339 3008 1447 3048 non
1504 2994 1671 3052 faciet
1739 3013 1951 3066 pacem,

2050 1918 2133 1973 vis
2161 1915 2434 1985 praedicta:
2466 1926 2563 1981 pro
2598 1906 2891 1963 muniendo
2917 1915 3187 1969 castrum,
3252 1909 3309 1956 et
3358 1901 3632 1970 pepigerit

2047 2020 2170 2061 cum
2200 2004 2332 2075 ipsis
2357 1999 2729 2057 Januensibus
2763 2013 2864 2069 per
2897 2003 3109 2049 tantum
3142 2002 3379 2062 tempus,
3444 2005 3633 2060 quan-

2052 2106 2165 2150 tum
2219 2105 2438 2164 pactum
2500 2092 2695 2147 fecerit
2753 2088 2931 2143 dando
2981 2084 3115 2154 ipsis
3162 2084 3386 2149 solidos,
3445 2082 3635 2138 videli-

2049 2198 2136 2244 cet
2170 2186 2357 2242 decem
2408 2182 2619 2240 dierum
2673 2181 2759 2236 vel
2815 2179 3007 2249 viginti
3071 2176 3156 2232 vel
3211 2179 3375 2233 unius
3431 2178 3635 2231 mensis

2050 2278 2133 2333 ve!
2189 2279 2309 2344 plus
2362 2277 2451 2330 vel
2501 2275 2704 2335 minus,
2762 2270 2906 2339 quod
2965 2270 3095 2323 dicti
3164 2264 3492 2333 Januenses,
3543 2272 3632 2336 qui

2057 2369 2381 2439 pepigerint,
2432 2375 2719 2421 teneantur
2751 2361 3001 2417 debitum
3056 2360 3243 2414 debito
3291 2371 3530 2413 castrum
3572 2360 3637 2408 i!-
3724 2384 3727 2393 ι

2051 2460 2145 2514 Iud
2192 2456 2483 2513 defendere
2520 2463 2575 2510 et
2624 2454 2835 2508 salvare
2864 2453 3009 2506 sicut
3060 2458 3298 2505 castrum
3349 2450 3630 2518 proprium

2050 2550 2430 2615 Januensium,
2460 2556 2516 2602 et
2546 2562 2651 2600 non
2683 2544 2867 2600 facere
2891 2544 3131 2614 aliquam
3177 2542 3443 2596 malitiam
3497 2542 3630 2596 dicti

2052 2641 2221 2699 castri
2253 2654 2349 2694 seu
2377 2637 2723 2692 traditionem
2756 2632 2888 2688 dicti
2916 2634 3082 2687 castri
3123 2648 3138 2698 ;
3168 2641 3419 2686 teneatur
3473 2630 3636 2685 Com-

2054 2747 2219 2786 mune
2248 2729 2458 2794 Ianum,
2491 2728 2821 2796 Capitanens
2846 2735 2900 2799 et
2943 2723 3195 2779 Potestas
3238 2735 3428 2779 contra
3473 2723 3623 2794 ipsos

2053 2819 2448 2876 correctionem
2485 2827 2540 2871 et
2570 2815 2861 2869 vindictam
2894 2813 3098 2875 facere,
3146 2814 3289 2867 sicut
3342 2813 3391 2865 si
3447 2821 3633 2866 essent

2056 2915 2108 2970 in
2139 2912 2303 2967 simili
2333 2923 2496 2963 causa
2529 2905 2824 2961 traditores
2865 2903 3191 2961 Communis
3250 2903 3634 2958 .Ianuenslum.

2125 3005 2259 3057 Item
2284 2999 2429 3073 quod
2454 2998 2630 3053 nuntii
2661 2997 2879 3066 Imperii
2912 2996 3084 3051 nostri
3126 3009 3344 3064 semper
3404 2995 3474 3048 ad
3542 3007 3641 3049 eo-

385 3095 629 3153 treugam
662 3097 761 3137 nec
794 3081 1141 3137 concordiam
1175 3096 1301 3135 cum
1325 3086 1713 3142 communibus
1768 3088 1953 3143 inimi-
1976 3102 2025 3161 α
2056 3111 2176 3153 rum
2200 3095 2531 3150 voluntatem
2563 3089 2779 3162 possint
2801 3090 3089 3145 extrahere
3112 3088 3179 3143 de
3202 3088 3420 3145 civitate
3448 3084 3641 3141 Ianua.-

387 3174 473 3228 cis
502 3183 699 3228 nostra:
723 3174 1048 3231 communiat
1070 3172 1292 3230 Venetis
1319 3177 1438 3231 sine
1459 3178 1691 3233 scientia
1745 3190 1800 3233 et
1860 3197 1957 3236 vo-

389 3268 597 3320 luntate
630 3266 804 3323 nostri
828 3266 1067 3338 Imperii,
1098 3268 1241 3324 sicut
1265 3268 1562 3338 Imperium
1587 3279 1836 3327 nostrum
1872 3282 1957 3328 te-

388 3366 546 3411 netur
572 3372 678 3410 non
703 3356 880 3414 facere
899 3366 1168 3429 treugam,
1193 3374 1381 3429 pacein
1407 3375 1581 3430 neque
1601 3363 1952 3419 concordiam

380 3460 504 3503 cum
520 3448 903 3505 communibus
948 3449 1185 3506 inimicis
1230 3453 1434 3506 nostris
1478 3451 1696 3508 Venetis
1715 3454 1836 3510 sine
1869 3470 1963 3511 vo-

388 3541 599 3594 luntate
625 3548 680 3617 et
701 3541 1038 3596 conscientia
1060 3540 1187 3596 dicti
1210 3538 1532 3598 Communis
1573 3541 1954 3603 Januensium.

454 3628 587 3685 Item
623 3634 767 3700 quod
800 3632 1104 3695 salvabunt,
1135 3634 1450 3689 custodient
1475 3644 1529 3689 et
1566 3633 1866 3690 defendent
1900 3637 1956 3691 in

382 3720 554 3776 Ianua
580 3733 633 3777 et
651 3723 899 3779 districtu
928 3721 1144 3786 Januae.
1196 3741 1356 3794 quem
1389 3725 1593 3781 habent
1621 3740 1676 3782 et
1710 3729 1778 3783 de
1851 3744 1958 3785 cae-

386 3822 503 3868 tero
528 3813 918 3885 adquisierim,
947 3831 1141 3872 omnes
1169 3819 1394 3874 nuntios
1413 3829 1470 3873 et
1491 3819 1677 3876 ﬁdeles
1708 3821 1958 3878 homines

384 3904 561 3959 nostri
600 3904 837 3973 Imperii.

454 3993 583 4047 Item
616 3997 761 4065 quod
791 4008 979 4052 omnes
1008 3997 1369 4071 mercatlones
1415 4010 1468 4055 et
1530 4015 1719 4056 omnes
1750 4011 1805 4057 et
1841 4001 1958 4056 sin-

358 4088 514 4156 guli,
543 4090 635 4157 qui
667 4099 795 4143 sunt
843 4090 915 4146 de.
943 4100 1087 4145 terra
1119 4092 1292 4146 nostri
1348 4089 1590 4162 Imperii,
1636 4096 1848 4166 possint
1878 4096 1959 4149 ire

382 4173 610 4254 Januam
645 4188 696 4233 et
727 4180 905 4234 facere
927 4183 1306 4250 mercantiam,
1338 4194 1395 4240 et
1443 4195 1616 4239 totum
1649 4187 1953 4243 districtum

383 4268 518 4337 ejus,
546 4284 706 4339 quem
735 4270 898 4325 habet
927 4281 980 4325 et
1012 4272 1080 4327 de
1111 4283 1313 4327 caetero
1344 4276 1688 4345 adquisierit,
1758 4288 1814 4334 et
1863 4295 1958 4333 ex-

384 4360 598 4415 trahere
616 4360 680 4414 de
705 4358 876 4415 Janua
901 4373 955 4417 et
984 4363 1233 4417 districto
1263 4364 1386 4434 ejus
1416 4365 1482 4418 de
1505 4368 1732 4422 oninibu
1752 4386 1779 4424 s
1813 4384 1959 4424 nier-

383 4452 696 4505 cationibns
726 4463 781 4506 et
810 4453 979 4508 armis
1014 4461 1067 4507 et
1106 4456 1264 4524 equis
1296 4431 1461 4510 libere
1489 4457 1610 4511 sine
1646 4458 1827 4529 aliqua
1860 4463 1961 4514 da-
1992 4431 2037 4484 θ

380 4543 489 4596 cita
522 4545 605 4598 vel
636 4547 987 4611 commercio,
1011 4557 1067 4601 et
1094 4548 1239 4617 quod
1269 4548 1382 4602 sint
1410 4548 1575 4603 liberi
1634 4561 1688 4603 et
1743 4551 1953 4607 franchi

384 4635 436 4689 Iit
465 4633 639 4691 Ianua
678 4638 1007 4693 etdistrictu
1037 4638 1178 4706 eius,
1209 4656 1371 4711 quem
1415 4640 1580 4696 habet
1634 4653 1689 4697 et
1758 4645 1954 4714 adqui-

378 4732 554 4808 sierit,
585 4731 766 4785 eundo
787 4741 843 4787 et
870 4732 1163 4798 redeundo,
1188 4743 1243 4789 et.
1271 4734 1416 4802 quod
1437 4734 1694 4789 custodiri
1727 4738 1957 4791 debeant

377 4824 499 4877 sani
531 4832 587 4876 et
612 4821 876 4891 naufragi.

450 4915 583 4970 Item
612 4914 890 4984 quodnon
918 4913 1236 4982 permittent
1260 4912 1787 4983 aliquaruarmatani
1828 4915 1945 4967 Iieri
2002 4932 2009 4943 ·

378 5008 433 5061 in
461 5004 636 5061 Ianua
666 5004 751 5059 vel
777 5004 1032 5062 districto
1050 5005 1169 5074 ejus
1203 5005 1389 5060 habito
1410 5007 1493 5060 vel
1553 5010 1803 5063 habendo
1858 5023 1955 5074 per

377 5098 595 5168 aliquos
626 5099 879 5175 inimicos
911 5098 1127 5168 Imperii
1154 5098 1329 5153 nostri
1361 5110 1418 5153 et
1443 5115 1538 5167 per
1566 5099 1782 5168 aliquos
1815 5099 1951 5153 alios

376 5202 562 5246 contra
585 5191 791 5246 dictum
830 5190 1126 5259 Imperium
1174 5189 1257 5245 vel
1328 5201 1519 5260 gentes
1581 5206 1677 5245 seu
1746 5191 1950 5245 insulas

376 5285 594 5354 Imperii
625 5282 819 5339 nostri.

446 5378 579 5430 Item
608 5375 750 5444 quod
768 5389 959 5429 omnes
975 5372 1277 5430 Januenses
1297 5384 1353 5430 et
1377 5377 1443 5431 de
1462 5376 1712 5431 disuictu
1734 5376 1949 5441 .Ianuae,

378 5466 463 5536 qui
498 5465 771 5520 voluerint
804 5465 994 5519 venire
1023 5463 1076 5517 in
1133 5465 1417 5519 servitium
1472 5467 1645 5522 nostri
1702 5468 1947 5538 Imperii,

2061 3200 2115 3244 et
2146 3189 2391 3243 districto
2425 3186 2611 3240 habito
2633 3194 2687 3238 et
2723 3183 2971 3238 habendo
3034 3182 3204 3237 libere
3257 3181 3376 3236 sine
3430 3179 3616 3249 aliquo

2061 3272 2389 3335 commercio
2416 3290 2567 3332 arma
2601 3282 2655 3331 et
2684 3289 2874 3341 equos.

2132 3367 2263 3423 Item
2295 3384 2415 3423 cum
2451 3381 2677 3423 necesse
2701 3366 2952 3422 habuerit
2986 3365 3269 3436 galearum
3336 3365 3637 3438 Imperium

2071 3470 2320 3518 uestrum
2354 3468 2409 3514 et
2437 3475 2530 3513 eas
2560 3469 2745 3528 petere
2775 3457 3011 3513 voluerit
3040 3472 3137 3526 pro
3189 3459 3481 3515 serviendo
3535 3460 3644 3514 Im-

2062 3554 2212 3624 perio
2234 3562 2439 3616 nostro,
2467 3550 2768 3607 Commune
2799 3548 3010 3611 Ianum.
3061 3549 3393 3619 Capitanens
3421 3559 3474 3606 et
3532 3551 3638 3606 Po-

2040 3656 2234 3709 testas
2264 3644 2331 3699 ab
2363 3658 2467 3699 una
2520 3642 2672 3711 galea
2738 3656 2914 3713 usque
2972 3641 3025 3696 in
3074 3642 3472 3713 quinquaginta
3536 3644 3669 3714 (k).‘

2061 3750 2185 3789 cum
2208 3735 2461 3805 expensis
2484 3733 2702 3805 Imperii
2731 3733 2924 3800 nostri,
2961 3732 3103 3788 sicut
3128 3743 3354 3803 apparet
3386 3744 3443 3791 et
3498 3735 3639 3793 scri-

2061 3839 2214 3897 ptum
2248 3837 2329 3881 est
2358 3827 2428 3881 de
2456 3825 2713 3896 expensis
2744 3828 2796 3880 in
2826 3827 2933 3881 isto
2980 3826 3265 3897 ρτὶνίιυκῖο
3304 3838 3643 3883 sacrameut~
3726 3832 3731 3837 “

2062 3912 2168 3989 [at]
2203 3931 2235 3970 o
2264 3930 2279 3969 :
2313 3915 2568 3970 videlicet
2597 3917 2745 3987 quod
2810 3916 3062 3972 homines
3085 3920 3516 3990 uniuscujusque
3547 3935 3643 3989 ga-

2063 4010 2158 4063 leae
2193 4009 2433 4079 quolibet
2470 4024 2655 4062 mense
2682 4008 3039 4079 babeantpro
3079 4012 3409 4066 victnalibus
3474 4011 3636 4066 Cant.

2061 4099 2152 4155 XC
2176 4103 2242 4155 de
2276 4101 2428 4173 panis
2451 4101 2694 4167 biscotti,
2725 4119 2845 4172 qua:
2863 4114 2990 4159 sunt
3022 4103 3090 4157 ad
3123 4105 3335 4174 pondus
3374 4106 3637 4162 librarum

2064 4194 2339 4247 Romaniae
2365 4194 2515 4247 libra:
2570 4191 2940 4259 XIVIICCCC,
3014 4196 3143 4250 item
3211 4212 3410 4251 carnes
3452 4198 3641 4252 salitas

2062 4285 2220 4339 Cant.
2251 4282 2523 4347 VlJanu.,
2554 4299 2673 4353 quae
2709 4295 2833 4338 sunt
2861 4285 2982 4339 libr.
3006 4283 3318 4341 DCCCCLX
3356 4285 3637 4343 Romana).

2066 4376 2191 4429 item
2225 4391 2446 4429 caseum
2485 4375 2578 4426 lib.
2611 4372 2660 4427 Μ
2725 4369 3022 4437 Romanim.
3068 4376 3417 4441 iternyinum
3449 4379 3515 4429 ad
3542 4376 3642 4430 mi;

2065 4475 2207 4518 trum
2246 4463 2358 4517 Nisi
2386 4461 2587 4517 CCXL.
2618 4463 2748 4517 Item
2773 4466 2914 4534 quod
2945 4468 3196 4521 homines
3223 4466 3504 4520 dictarunt
3545 4486 3638 4537 ga-

2062 4555 2267 4611 learum
2298 4555 2498 4608 debent
2534 4557 2735 4610 habere
2773 4558 2977 4611 solidos
3042 4556 3260 4628 Imperii
3311 4558 3481 4612 nostri
3545 4575 3642 4627 pro

2063 4646 2307 4714 quolibet
2336 4660 2523 4700 mense
2570 4655 2622 4699 et
2673 4659 2768 4714 pro
2799 4648 3042 4717 quolibet
3087 4650 3323 4710 homine,
3349 4650 3493 4703 sicut
3552 4650 3637 4704 hic

2063 4738 2411 4792 continetur:
2457 4737 2708 4791 videlicet
2730 4737 2973 4795 Coinites
3005 4741 3429 4809 uniuscujusque
3471 4745 3637 4813 galea:

2061 4842 2323 4898 yperpera
2360 4827 2423 4882 VI
2469 4840 2522 4883 et
2576 4830 2899 4896 dimidium;
2959 4829 3023 4883 IV
3061 4833 3315 4887 nantileni
3379 4836 3640 4890 uniusmi-

2050 4920 2248 4990 jusque
2268 4922 2436 4991 galeze
2466 4937 2653 4992 yperp.
2679 4921 2822 4981 XIII.
2858 4920 3111 4977 videlicet
3165 4926 3391 4994 quilibet
3419 4928 3637 4982 nauclco

2057 5015 2167 5067 rius
2196 5028 2383 5083 ypcrp.
2419 5013 2484 5066 Ill
2513 5024 2567 5067 et
2591 5013 2707 5068 Itar.
2749 5013 2858 5080 VI;
2923 5017 3166 5086 snperSaI
3189 5027 3345 5071 entes
3378 5020 3636 5074 uniuscn~

2051 5105 2249 5174 jusque
2273 5106 2439 5173 galeae
2461 5120 2647 5176 yperp.
2682 5106 2744 5171 C,
2779 5106 3028 5161 videlicet
3055 5123 3152 5175 pro
3182 5125 3287 5179 quo
3313 5111 3420 5164 ibet
3445 5126 3630 5180 yperp.

2060 5196 2125 5261 II,
2160 5206 2214 5250 et
2250 5197 2570 5263 dimidium;
2596 5199 2920 5265 panetariny
2969 5199 3398 5267 uniuscujusque
3458 5202 3628 5269 galea:

2058 5302 2248 5357 ypcrp.
2276 5288 2292 5341 I
2325 5297 2377 5341 et
2428 5287 2543 5342 Itar.
2578 5286 2780 5355 XVIII;
2818 5291 3057 5356 voglierii
3091 5290 3251 5345 CVIII
3285 5292 3636 5359 uniuscujus-

2059 5394 2165 5447 que
2190 5381 2355 5448 galeae
2418 5396 2606 5450 yperp.
2639 5380 2973 5446 CLXXXIX,
3023 5384 3273 5440 videlicet
3311 5400 3408 5453 pro
3460 5384 3640 5454 quoli-

2061 5477 2150 5524 bet
2181 5470 2199 5523 I
2229 5482 2282 5524 et
2312 5471 2428 5527 kar.
2460 5470 2650 5526 XVIII.
2688 5474 2983 5529 I‘raedictos
3025 5490 3259 5548 uanique
3315 5475 3524 5533 solidos
3578 5486 3635 5529 et
3690 5512 3695 5515 ι

440 5560 506 5634 (j)
539 5558 1139 5634 Quod‘delendumesse
1168 5557 1405 5624 videtur,
1437 5561 1539 5617 nisi
1575 5561 1797 5615 verbum
1829 5562 2102 5615 advenerit
2142 5565 2221 5616 vel
2257 5566 2525 5633 ejusmodi
2568 5566 2700 5634 quid
2755 5568 3043 5622 exciderit.

442 5630 513 5693 (Ir)
551 5629 772 5695 Supple,
803 5631 1057 5682 instruere
1085 5638 1387 5683 teneantur.
