3966 6204
394 311 531 379 1033

1443 311 1809 372 Novum
1849 309 2269 369 ουκ-δτιΤυί
2290 283 2410 369 1οΝ
2425 309 2527 371 ES.

3486 303 3621 376 1034

393 421 652 490 σταυρὸν,
684 419 773 471 ἵνα
827 415 936 471 ἀπὸ
966 416 1065 486 τῆς
1117 419 1355 488 σήμερον
1395 420 1786 488 ήμέρας,ἥτις
1818 420 1964 471 ἐστὶν
1996 426 2038 479 Α
2067 419 2344 488 διαδόχους
2375 421 2542 489 αὐτῆς
2588 420 2678 472 καὶ
2706 420 2802 488 τὴν
2844 417 3177 488 Ῥωμανίαν.
3219 416 3309 479 Εἰς
3340 416 3430 470 τὸν
3467 416 3628 489 Εὐρι-

391 508 837 575 δκτωκαιδεκάτη
899 506 992 559 τοῦ
1047 509 1313 578 παρόντος
1360 508 1581 562 Ἰουνίου
1643 509 1811 577 μηνὸς
1854 509 1957 578 τῆς

393 603 588 669 ὀγδόης
649 597 1006 663 ίνδικτιῶνος,
1061 599 1161 670 ἔχῃ
1215 600 1355 667 μετά
1419 600 1513 652 τοῦ
1571 600 1962 664 εὐγενεστάτου

391 691 584 752 600x64-
618 688 870 752 Βενετίας
905 689 999 741 καὶ
1029 689 1126 756 τῆς
1161 691 1360 757 μικρᾶς
1385 689 1478 742 καὶ
1499 688 1740 758 μεγάλης
1769 688 1964 756 βουλῆς

393 779 572 830 αὐτῶν
621 780 716 830 καὶ
771 776 972 838 παντὸς
1025 776 1121 828 τοῦ
1173 775 1522 844 κουμουνίου¹’
1551 774 1652 844 τῆς
1713 775 1966 836 Βενετίας

391 871 613 936 ἀγάπην
637 867 887 936 καθαράν
909 860 1008 920 ’καὶ
1036 859 1342 919 ἀδολίευτον
1362 865 1534 927 οὕτως
1563 879 1580 896 °

467 960 582 1012 Ἵνα
605 959 748 1027 μετά
781 959 842 1010 τὸ
888 957 1209 1026 συνδεθῆναι
1243 958 1442 1020 αὐτοὺς
1470 959 1550 1019 είς
1573 956 1794 1024 ἀγάπην
1827 954 1968 1023 μετά

391 1049 492 1118 τῆς
551 1048 830 1118 βασιλείας
886 1065 989 1116 μου
1029 1050 1087 1099 οὗ
1125 1052 1232 1115 μὴν
1280 1049 1584 1116 ποιήσωσιν
1629 1041 1795 1100 οὐτοι-
1832 1050 1969 1117 μετά

395 1142 556 1195 ἄλλου
586 1141 778 1208 γένους
817 1140 1042 1210 ἀγάπην
1092 1141 1232 1193 κατά
1256 1141 1354 1207 τῆς
1387 1140 1662 1216 βασιλείας
1683 1157 1786 1209 μου
1808 1158 1822 1172 ο
1854 1139 1968 1194 ἀλλ’

395 1231 517 1282 οὐδὲ
563 1230 659 1282 ἐὰν
712 1231 1046 1302 ἐπιχειρήσῃ
1073 1245 1159 1293 τις
1193 1229 1374 1292 ἄλλος,
1432 1230 1464 1299 ἦ
1499 1229 1581 1299 (s)=
1602 1229 1712 1281 ἀπὸ
1737 1230 1848 1282 τῶν
1874 1229 1970 1281 νῦν

398 1322 785 1390 κρατουμένων
813 1323 891 1385 είς
927 1321 1109 1388 φιλίαν
1160 1323 1258 1390 τῆς
1303 1321 1576 1382 Βενετίας.
1616 1322 1708 1374 καὶ
1741 1321 1965 1391 ὁρμήσῃ

397 1411 545 1464 κατὰ
569 1410 752 1482 χώρας
780 1413 876 1480 τῆς
907 1411 1183 1481 βασιλείας
1219 1429 1346 1479 μου,
1374 1411 1406 1479 ἢ
1434 1412 1462 1461 6
1493 1412 1684 1479 κύριος
1716 1412 1969 1473 πάππας,

399 1502 434 1569 ἢ
469 1505 498 1554 ό
668 1504 966 1572 Φραγγίας,
994 1503 1028 1570 ἢ
1079 1503 1107 1554 ὁ
1147 1503 1249 1570 ῥὴξ
1280 1501 1550 1563 Σικελίας,
1585 1501 1616 1570 ἢ
1651 1503 1677 1552 ὁ
1729 1500 1830 1570 ρὴξ
1862 1502 1974 1553 Κα-

404 1596 652 1658 στὲλλας,
759 1596 788 1646 ό
819 1595 917 1664 ρὴξ
948 1594 1254 1659 ἰγκλινίας,
1294 1593 1327 1664 ἦ
1357 1596 1384 1645 ὁ
1437 1591 1538 1663 ρὴξ
1578 1592 1906 1658 Ῥαγούνας,
1937 1592 1970 1660 ἦ

400 1688 438 1739 ὁ
463 1685 795 1753 αύτάδελιρος
827 1683 920 1736 τοῦ
951 1685 1120 1752 ρηγδς
1159 1685 1436 1754 Φραγγίας
1467 1687 1492 1734 ὁ
1520 1683 1705 1744 κόντος
1754 1683 1970 1750 Κάρου-

402 1777 553 1844 Μςςῆ
599 1776 784 1847 ἕτερος
815 1777 916 1847 ρὴξ
965 1777 1060 1829 καὶ
1091 1777 1304 1838 κόντος,
1347 1774 1381 1843 ἦ
1433 1775 1492 1826 τὸ
1521 1773 1844 1839 κουμούνιον
1873 1771 1968 1837 τῆς
2004 1765 2044 1822 Β

404 1864 652 1928 Γενούας,
680 1869 716 1938 ἢ
747 1867 1154 1938 τὸεκουμούνιον
1187 1867 1289 1935 τῆς
1321 1865 1528 1934 Πίσσης
1548 1903 1564 1929 ,
1596 1865 1628 1934 ἢ
1658 1864 1716 1915 τὸ
1743 1861 1975 1930 κουμού-

401 1975 517 2012 νιον
543 1959 637 2012 τοῦ
667 1960 942 2026 ’Λγκῶνος
972 1959 1004 2028 ἢ
1030 1959 1218 2028 ἕτερον
1243 1956 1586 2026 κουμούνιον,
1625 1955 1656 2024 ἦ
1683 1955 1869 2015 ἁπλῶς
1899 1953 1976 2005 εἱ-

406 2053 529 2106 πεῖν
551 2051 874 2122 Χριστιανός
894 2069 975 2113 τις
999 2051 1032 2120 ἢ
1056 2050 1258 2115 ἀσεϐὴς
1287 2048 1578 2118 ἀλλογενὴς
1599 2045 1818 2117 ὁρμήσῃ
1839 2045 1977 2097 κατά

405 2142 587 2212 χώρας
613 2143 708 2209 τῆς
737 2142 1014 2212 βασιλείας
1047 2143 1202 2212 μουῆ
1236 2143 1478 2208 κάστρου
1509 2139 1542 2208 ἢ
1574 2136 1846 2204 φοσσάτου
1881 2135 1978 2186 αὐ-

406 2234 502 2300 τῆς
525 2273 541 2295 ,
579 2232 667 2286 ἵνα
697 2233 922 2302 συνέλθῃ
980 2233 1042 2300 (ι)
1076 2233 1104 2284 6
1132 2232 1521 2298 εὐγενέστατος
1573 2225 1700 2288 δούξ
1727 2225 1977 2285 Βενετίας

410 2324 529 2392 μετ’
563 2324 740 2377 αὐτῶν
771 2324 884 2392 ἢτὸ
914 2322 1236 2390 κουμούνιον
1267 2325 1362 2390 τῆς
1399 2321 1650 2380 Βενετίας
1677 2319 1710 2386 ἢ
1745 2317 1853 2369 τῶν
1879 2333 1980 2368 κα-

410 2413 750 2485 ραϐοκυρίων
795 2431 880 2477 τις
929 2414 962 2481 ἢ
1006 2415 1120 2466 τῶν
1171 2413 1446 2481 ἀρχόντων
1477 2411 1575 2478 τῆς
1610 2411 1860 2469 Βενετίας
1901 2411 1980 2470 είς

413 2506 596 2573 μάχιην
628 2506 778 2558 κατά
799 2506 897 2574 τῆς
935 2505 1119 2574 χώρας
1163 2504 1264 2570 τῆς
1316 2503 1594 2573 βασιλείας
1625 2520 1728 2572 μου
1763 2503 1796 2570 ἦ
1840 2500 1982 2553 κατά

411 2597 714 2668 διάστρουῆ
764 2599 1034 2663 φοσσάτου
1087 2596 1275 2664 αὐτῆς,
1327 2595 1361 2662 ἢ
1402 2594 1579 2661 λόγοις
1621 2595 1652 2664 ἢ
1689 2593 1904 2661 βουλαῖς
1947 2589 1980 2660 ἢ

415 2685 598 2756 ἔργοις
629 2686 662 2756 ἢ
721 2687 1022 2757 χρήμασιν,
1043 2687 1077 2756 ἢ
1114 2688 1200 2738 ἴνα
1235 2684 1584 2738 ναυλώσωσιν
1635 2685 1818 2744 αὐτοῖς
1850 2683 1984 2746 ξύλα

379 2782 494 2843 ἐίς
522 2779 582 2831 τὸ
635 2778 808 2830 ἐλθεῖν
847 2779 878 2845 ἦ
912 2779 1018 2832 ἀπὸ
1071 2777 1164 2830 τοῦ
1220 2777 1548 2845 κουμουνίου
1587 2776 1780 2839 κοινῶς
1809 2777 1844 2845 ἢ
1878 2776 1984 2829 ἀπὸ

414 2867 860 2938 πραγματευτῶν
897 2867 1084 2928 ίδικῶς
1115 2869 1210 2920 καὶ
1241 2866 1520 2937 ἀρχόντων
1574 2867 1675 2936 τῆς
1711 2867 1982 2933 Βενετίας,

415 2959 558 3012 ὥστε
583 2957 770 3012 λαϐεῖν
796 2957 987 3010 ναῦλον
1016 2957 1049 3025 ἢ
1071 2957 1132 3010 τὸ
1165 2957 1492 3026 κουμούνιον
1531 2956 1634 3026 τῆς
1680 2957 1933 3020 Βενετίας
1951 2956 1986 3026 ή

371 3075 374 3079 ·
415 3069 567 3113 τινας
591 3049 700 3103 τῶν
735 3047 1175 3118 πραγματευτῶν
1221 3048 1255 3117 ἢ
1289 3047 1396 3101 τῶν
1423 3047 1844 3119 καραδοκυρίων
1897 3048 1987 3102 καὶ

405 3142 733 3209 ¹διακομίσαι
780 3140 1009 3210 ἐχθροὺς
1049 3141 1135 3203 είς.
1185 3139 1285 3208 τὴν
1335 3136 1520 3210 χώραν
1566 3139 1670 3206 τῆς
1710 3139 1989 3207 βασιλείας

423 3248 548 3301 μου.
583 3231 645 3284 El
670 3231 727 3285 δέ
750 3248 897 3294 τινες
929 3233 1091 3301 ρἧες
1121 3232 1154 3296 ἢ
1197 3229 1497 3300 πρίγκιπες
1543 3229 1576 3300 ἢ
1609 3230 1788 3282 κόντοι
1817 3229 1852 3300 ἢ
1891 3230 1992 3298 βα-

420 3323 628 3400 ρούνιοι
689 3324 828 3391 μετά
883 3323 1153 3392 φοσσάτου
1188 3322 1484 3392 ζητήσουσι
1535 3322 1868 3393 διαπερᾶσαι
1903 3321 1994 3372 ἐπὶ

419 3415 496 3484 τῷ
520 3415 776 3470 ἀπελθεῖν
807 3415 888 3477 είς
934 3415 1027 3468 τὸν
1057 3413 1151 3467 τοῦ
1205 3414 1409 3485 Κυρίου
1439 3414 1612 3481 τάφον
1641 3415 1672 3477 ἢ
1732 3413 1992 3482 ἀλλαχοῦ,

419 3510 637 3578 πρῶτον
670 3508 760 3562 Eva
809 3507 947 3579 ξητῇ
975 3508 1137 3579 ὅρκον
1185 3507 1245 3571 ἐξ
1270 3506 1449 3560 αὐτῶν
1493 3508 1522 3560 ό
1567 3505 1705 3570 δούξ⁸
1740 3503 1995 3565 Βενετίας

423 3603 516 3656 καὶ
537 3601 599 3656 :6
631 3602 978 3672 κουμούνιον,
1023 3603 1103 3654 ὅτι
1133 3603 1194 3655 οὐ
1224 3602 1300 3673 μή
1355 3602 1551 3656 ἔλθωσι
1607 3600 1750 3654 κατά
1810 3597 1996 3670 χώρας

422 3695 523 3763 τῆς
581 3693 858 3766 βασιλείας
914 3711 1038 3764 μου,
1075 3697 1171 3749 καὶ
1219 3693 1394 3758 οὕτως
1453 3693 1542 3748 ἵνα
1585 3694 1996 3762 παραχωρῶσιν

427 3787 608 3850 αὐτοῖς
633 3786 891 3840 ἀπελθεῖν
928 3787 1056 3839 ἔνθα
1085 3785 1364 3856 βούλονται
1392 3787 1471 3848 είς
1499 3785 1598 3853 τὴν
1622 3783 1865 3836 δουλείαν
1895 3783 1996 3835 a6-

427 3877 568 3930 τῶν
603 3878 653 3930 εί
697 3877 742 3928 δ’
772 3877 903 3940 ἴσως
956 3878 1273 3948 περεγρῖνοί
1313 3894 1455 3939 τινες
1496 3875 1779 3943 θελήσουσι
1811 3874 2000 3926 διαπε-

428 3970 594 4039 ρᾶσαι
621 3970 757 4023 δέκα
788 3969 822 4039 ἢ
852 3967 1024 4023 εἴκοσι
1049 3970 1142 4024 τδν
1172 3971 1432 4040 ἀριθμὸν,
1464 3970 1524 4022 ού
1565 3970 1672 4040 μὴν
1699 3970 1906 4038 ἀπαιτῇ
1940 3966 2001 4032 ἐξ

428 4061 608 4114 αὐτῶν
643 4062 808 4132 ὅρκον
838 4063 867 4115 6
893 4063 1020 4126 δούξ
1052 4060 1304 4124 Βενετίας
1327 4063 1423 4115 καὶ
1457 4062 1518 4115 τὸ
1545 4061 1892 4130 κουμούνιον.

502 4152 621 4206 Ἱνα
649 4153 700 4205 οί
737 4155 1160 4223 πραγματευταὶ
1209 4152 1308 4221 τῆς
1363 4151 1546 4222 χώρας
1591 4152 1691 4221 τῆς
1721 4150 2000 4220 βασιλείας

2074 527 2174 562 πον
2198 511 2281 561 ἵνα
2313 509 2534 578 ἔχωσιν,
2559 509 2611 562 εἴ
2636 527 2689 561 τι
2717 509 2895 576 έχουσι
2919 511 3177 580 σήμερον.

2135 602 2252 653 Ἵνα
2275 599 2435 652 δώσει
2481 601 2662 660 αὐτοῖς
2691 605 2723 668 ἡ
2757 600 3010 668 βασιλεία
3058 619 3156 669 μου
3185 603 3263 664 είς
3305 600 3396 652 τὸν
3435 601 3637 667 ’Λλμυ-

2067 693 2158 762 ρδν
2203 693 2367 743 τόπον
2393 693 2472 752 ei;
2503 695 2766 759 καθισμα,
2800 695 2892 743 καὶ
2920 693 3218 760 ποιήσωσιν
3247 693 3303 742 ὲν
3334 692 3480 760 αὐτῴ
3506 693 3636 742 ἀνα-

2061 782 2320 847 παύσεις.
2353 781 2507 832 Ἐπεὶ
2559 781 2617 833 δὲ
2645 781 2755 849 ἔχει
2789 785 2820 851 ή
2861 782 3105 850 βασιλεία
3137 800 3237 849 μου
3272 782 3451 852 μάχην
3499 783 3636 849 μετά

2065 872 2156 924 τοῦ
2187 872 2446 942 Εὐρίπου,
2477 873 2569 924 καὶ
2591 871 2934 942 εὑρίσκονται
2961 873 3018 924 ἐν
3052 873 3201 941 αὐτῷ
3233 873 3528 937 Βενέτικοι,
3549 873 3637 924 ῖνά

2067 962 2167 1032 ἔχῃ
2220 963 2253 1030 ή
2289 962 2539 1030 βασιλεία
2571 980 2673 1030 μου
2708 963 3276 1033 κατακεκρατημένην
3300 963 3398 1032 τὴν
3438 963 3641 1016 σκάλαν

2067 1055 2161 1107 τοῦ
2199 1055 2491 1124 ’Λλμυροιλ
2524 1057 2671 1118 ὅπως
2695 1056 3094 1127 μὴέπαίρωσιν
3115 1057 3222 1109 ἁπδ
3255 1054 3355 1124 τῆς
3387 1055 3641 1121 τοιαύτης

2070 1145 2276 1206 σκάλας
2312 1145 2563 1214 βρώσιμα
2591 1148 2682 1198 καὶ
2707 1146 2909 1216 πόσιμα
2941 1149 2989 1199 οί
3025 1150 3081 1200 ἐν
3116 1148 3192 1216 τῷ
3233 1148 3455 1217 Εὐρίπῳ
3484 1147 3640 1199 Βενέ-

2069 1254 2229 1298 τικοι,
2259 1238 2354 1288 καὶ
2384 1237 2764 1306 ἀποκομίζωσι
2802 1237 2973 1291 ταῦτα
3014 1238 3094 1300 είς
3120 1238 3430 1307 ζωάρκειαν
3453 1239 3561 1291 τῶν
3587 1239 3641 1289 ἐν

2069 1327 2148 1397 τῷ
2202 1328 2424 1397 Εὐρίπῳ
2477 1327 2689 1397 ἐχθρῶν
2721 1330 2822 1398 τῆς
2878 1329 3157 1397 βασιλείας
3210 1347 3311 1399 μου
3361 1330 3639 1383 Λατίνων·

2075 1420 2268 1487 μέχρις
2299 1419 2364 1470 ἂν
2392 1418 2502 1488 δῴη
2552 1420 2705 1483 Θεὸς,
2731 1421 2826 1473 καὶ
2860 1422 3087 1489 γένηται
3120 1422 3394 1490 ἐγκρατὴς
3423 1422 3455 1488 ή
3496 1419 3645 1487 βασι-
3753 1435 3755 1438 ·

2071 1510 2190 1561 λεία
2217 1527 2318 1577 μου
2343 1509 2437 1561 τοῦ
2460 1511 2722 1578 Εὐρίπου,
2749 1513 2844 1562 καὶ
2882 1514 3001 1564 τότε
3034 1508 3120 1564 ῑνα
3144 1510 3387 1581 ἀπολύσῃ
3419 1511 3450 1579 ἡ
3495 1510 3646 1578 βασι-

2071 1599 2189 1651 λεία
2227 1617 2328 1668 μου
2358 1601 2452 1652 καὶ
2480 1600 2578 1670 τὴν
2620 1600 2874 1671 τοιαύτην
2932 1601 3139 1653 σκάλαν
3188 1602 3325 1672 πρὸς
3371 1600 3432 1652 τὸ
3486 1601 3646 1668 μέρος

2075 1690 2174 1757 τῆς
2202 1691 2622 1752 Βενετίας.”οτε
2680 1691 2738 1744 δὲ
2791 1692 2973 1760 μέλλει
3029 1693 3285 1760 πολεμεῖν
3337 1689 3648 1759 ήβασιλεία

2077 1797 2180 1849 μου
2231 1783 2369 1850 μετά
2426 1783 2521 1834 καὶ
2562 1783 2662 1849 τῆς
2714 1782 2808 1834 τοῦ
2851 1781 2986 1834 Θεοῦ
3019 1782 3273 1851 βοηθείας
3299 1784 3410 1842 τοῖς
3448 1783 3528 1841 εἰς
3556 1781 3647 1832 τὸν

2076 1867 2314 1938 Εὖριπον
2345 1869 2618 1933 Λατίνοις,
2649 1871 2710 1922 οὐ
2750 1871 2858 1938 μὴν
2883 1871 3178 1940 ἀποστείλῃ
3203 1872 3234 1938 ή
3259 1871 3483 1922 Βενετία
3510 1886 3649 1938 συμ-

2079 1959 2335 2030 μαχίανῆ
2389 1959 2578 2030 χρῆμα
2625 1963 2704 2023 είς
2748 1960 3003 2029 βοήθειαν
3049 1961 3246 2014 αὐτῶν.
3281 1961 3440 2013 Ἀλλά
3475 1961 3569 2012 καὶ
3599 1961 3649 2011 οῖ

2077 2052 2234 2120 ἐντῷ
2264 2052 2493 2122 Εὐρίπῳ
2542 2053 2923 2124 εὑρισκόμενοι
2968 2053 3262 2119 Βενέτικοι,
3298 2054 3345 2104 εί
3391 2053 3490 2121 μὲν
3521 2054 3654 2105 ἀπο-

2079 2144 2375 2211 σχισθῶσιν
2400 2145 2506 2196 ἀπὸ
2530 2142 2624 2196 τοῦ
2669 2144 2872 2212 μέρους
2919 2145 3027 2198 τῶν
3059 2147 3237 2198 ἐκεῖσε
3278 2145 3532 2199 Λατίνων
3559 2145 3654 2196 καὶ

2079 2236 2319 2288 πέσωσιν
2352 2235 2552 2299 ίδικῶς,
2584 2239 2677 2289 καὶ
2697 2235 2820 2288 οὐτε
2849 2238 2963 2296 τοῖς
2992 2235 3243 2299 Λατίνοις
3269 2236 3655 2305 συμμαχοῦσιν

2079 2324 2202 2377 οὐτε
2231 2327 2297 2393 τῇ
2333 2324 2580 2394 βασιλεία
2615 2342 2712 2392 μου
2736 2325 3119 2390 άντιδικοῦσιν,
3153 2326 3239 2378 ἵνα
3267 2326 3652 2393 φυλάσσωνται

2082 2417 2173 2468 καὶ
2203 2415 2359 2468 αὐτοὶ
2412 2418 2507 2467 καὶ
2550 2415 2610 2466 τι
2643 2418 2878 2484 πρᾶγμα
2909 2415 3089 2468 αὐτῶν
3129 2415 3278 2483 παρά
3307 2416 3403 2467 τοῦ
3455 2418 3657 2485 μέρους

2080 2508 2179 2573 τῆς
2213 2503 2490 2574 βασιλείας
2528 2521 2652 2572 μου,
2676 2503 2748 2567 ὼς
2779 2505 2873 2557 καὶ
2903 2505 2952 2556 οί
2982 2503 3162 2556 λοιποὶ
3189 2503 3461 2557 Βενέτικοι
3483 2521 3497 2535 ·
3525 2509 3572 2558 εί
3601 2505 3656 2556 δὲ

2085 2595 2527 2664 ἀντιδικήσουσιν
2579 2589 2721 2648 οὗτοι
2780 2596 2915 2664 μετά
2961 2593 3070 2648 τῶν
3100 2597 3281 2648 ἐκεῖσε
3314 2597 3558 2650 Λατίνων
3583 2597 3658 2663 τῷ

2078 2687 2246 2756 ’μέρει
2269 2687 2364 2757 τῆς
2389 2687 2666 2757 βασιλείας
2699 2705 2798 2757 μου
2830 2690 2908 2750 είς
2947 2687 3039 2741 τὸν
3067 2689 3207 2742 κατά
3232 2689 3339 2742 τῶν
3382 2689 3657 2759 Εὐριπιω-

2083 2781 2193 2833 τῶν
2239 2782 2608 2852 γενησόμενον
2665 2781 2923 2850 πόλεμον,
2977 2782 3067 2836 Eva
3095 2781 3191 2834 καὶ
3233 2782 3314 2845 είς
3341 2781 3661 2844 αὐτοὺς-καὶ

2087 2873 2167 2935 είς
2190 2872 2252 2924 τὸ
2292 2874 2524 2942 πρᾶγμα
2567 2873 2747 2926 αὐτῶν
2797 2876 2924 2942 ποιῇ
2970 2875 3014 2942 ήτ
3050 2873 3323 2943 βασιλεία-
3350 2889 3474 2942 μου,
3523 2872 3660 2940 ὅπερ

2089 2963 2363 3033 βούλεται,
2390 2963 2622 3032 ’Λφότου
2645 2964 2699 3015 δὲ
2732 2962 2956 3034 βοηθείᾳ
2979 2963 3114 3016 Θεοῦ
3145 2964 3472 3034 ἐπιλάόηται
3501 2965 3534 3031 ή
3567 2962 3664 3032 βα-

2091 3055 2262 3108 σιλεία
2288 3073 2388 3124 μου
2412 3055 2508 3108 τοῦ
2544 3055 2807 3126 Εὐρίπου,
2843 3056 2936 3111 τδν
2968 3057 3150 3120 τόπον,
3177 3057 3237 3110 ὃν
3277 3039 3593 3128 εὑρίσκεται
3624 3059 3655 3121 ἡ

2096 3149 2313 3200 Βενετία
2339 3147 2539 3218 ἔχουσα
2575 3149 2637 3199 ἐν
2663 3149 2814 3218 αὐτῷ
2849 3149 2990 3202 κατά
3029 3150 3128 3217 τὴν
3149 3149 3424 3218 σήμερον,
3447 3149 3534 3200 ῖνα
3564 3145 3664 3200 δὼ-

2095 3257 2177 3292 σει
2211 3243 2399 3293 τοῦτον
2427 3241 2591 3294 πάλιν
2614 3244 2648 3310 ἠ
2675 3241 2921 3311 βασιλεία
2954 3260 3056 3310 μου
3086 3243 3222 3311 πρὸς
3241 3241 3331 3294 τὸν
3354 3239 3668 3308 εὐγενέστα-

2091 3347 2189 3382 τον
2233 3330 2398 3384 δοῦκα
2448 3332 2701 3394 Βενετίας
2754 3335 2849 3386 καὶ
2887 3333 2948 3385 τὸ
2978 3331 3300 3402 κουμούνιον
3330 3331 3667 3400 αὐτῆς-καὶ

2096 3420 2263 3492 ἔχωσι
2291 3420 2454 3474 πάλιν
2477 3423 2688 3488 τοῦτον,
2705 3422 2903 3485 καθὼς
2926 3423 3112 3493 ἔχουσι
3145 3424 3412 3493 σήμερον.
3435 3473 3438 3477 .

2180 3512 2454 3577 Ὡσαύτως
2478 3515 2563 3567 ἵνα
2589 3513 2752 3567 δώσει
2780 3515 2967 3577 αὐτοῖς
2999 3517 3032 3584 ή
3062 3514 3308 3584 βασιλεία
3335 3531 3436 3584 μου
3467 3514 3562 3567 καὶ
3590 3517 3670 3576 εἰς

2096 3605 2156 3657 τὸ
2185 3607 2349 3675 μέρος
2382 3607 2478 3676 τῆς
2518 3606 2922 3676 Θεσσαλονίκης
2971 3606 3099 3659 ἄνευ
3129 3605 3225 3659 τοῦ
3256 3607 3501 3677 κάστρου
3542 3605 3674 3658 ἔνθα

2097 3698 2312 3751 θέλουσι
2341 3699 2504 3750 τόπον
2529 3700 2610 3760 είς
2636 3698 2884 3768 κάθισμα
2909 3714 2925 3730 ·
2975 3701 3055 3762 είς
3084 3699 3145 3752 τὸ
3179 3700 3344 3770 μέρος
3382 3697 3478 3752 τοῦ
3509 3697 3671 3751 Βολεη

2101 3789 2197 3860 ροῦ
2215 3793 2308 3843 καὶ
2335 3791 2435 3858 τῆς
2462 3790 2643 3855 Λίνου,
2674 3790 2803 3844 ἔνθα
2830 3790 3216 3844 ἀναπαυθῶσιν
3234 3807 3249 3823 ’
3274 3791 3383 3850 ἀπὸ
3410 3789 3506 3842 τοῦ
3538 3789 3671 3840 Στε·

2099 3879 2192 3931 νοῦ
2225 3880 2306 3942 είς
2334 3881 2396 3932 τὸ
2429 3880 2494 3949 μέ
2507 3896 2597 3951 ρος
2626 3881 2724 3947 τῆς
2752 3881 2957 3944 δύσεως
2980 3883 3058 3944 είς
3082 3881 3176 3934 δύο
3215 3882 3428 3945 τόπους
3449 3881 3576 3934 ἔνθα
3606 3880 3671 3933 ἂν
3752 3916 3754 3919 τ

2099 3969 2430 4039 ὀρεχθῶσιν·
2464 3972 2544 4032 εἰς
2581 3971 2682 4039 τὴν
2715 3971 3290 4025 Κωνσταντινούπολιν
3332 3975 3412 4035 είς
3441 3966 3553 4026 οἷον
3587 3974 3674 4024 τό·

2102 4077 2204 4114 πον
2227 4061 2564 4130 θελήσουσιν,
2594 4061 2702 4113 ἀπὸ
2732 4062 2830 4128 τῆς
2867 4062 3104 4126 παλαιᾶς
3133 4063 3480 4133 ὲίςῑαρτήσεως
3513 4063 3673 4146 μέχρι

2102 4154 2197 4206 καὶ
2225 4153 2334 4206 τῶν
2377 4153 2574 4224 Πηγῶν
2603 4153 2675 4222 (εἰ
2701 4153 2746 4204 δ’
2773 4153 2902 4217 ἴσως
2927 4155 3066 4208 ποτὲ·
3083 4154 3193 4208 τῶν
3218 4156 3428 4226 καιρῶν
3461 4154 3675 4225 θελήσει

435 4263 538 4314 μου
564 4248 614 4298 οί
662 4245 951 4316 μέλλοντες
1009 4244 1349 4316 ἀπέρχεσθαι
1403 4246 1484 4306 είς
1508 4243 1764 4296 Βενετίαν
1804 4243 2002 4296 ποιῶσι
2103 4245 2137 4315 ἡ
2171 4244 2416 4314 βασιλεία
2451 4262 2554 4314 μου
2585 4243 2784 4310 δοῦνακ
2809 4245 2975 4298 τόπον
3000 4246 3158 4307 ἐντὸς
3173 4248 3272 4315 τῆς
3329 4247 3676 4299 Κωνσταντι-

429 4341 532 4399 τὰς
584 4336 844 4394 δοκούσας
895 4338 1080 4398 αὐτοῖς
1133 4335 1520 4406 πραγματείας
1569 4336 1665 4388 καὶ
1713 4333 1901 4386 διδῶσι
1939 4333 2002 4385 τὺ
2104 4337 2408 4399 νουπόλεως
2439 4336 2472 4406 ἢ
2507 4337 2605 4406 τῆς
2655 4335 3061 4405 Θεσσαλονίκης
3089 4337 3197 4389 τινὶ
3227 4337 3335 4389 τῶν
3365 4337 3674 4390 Λατινικῶν

433 4427 770 4496 κημμέρκιον
818 4427 962 4481 κατά
1000 4428 1098 4497 τὴν
1133 4426 1426 4494 συνήθειαν
1456 4424 1558 4493 τῆς
1603 4425 1878 4487 Βενετίας,
1906 4423 1999 4477 καὶ
2027 4429 2077 4488 ι)
2104 4425 2462 4494 κουμουνίων,
2513 4425 2601 4478 ἵνα
2649 4426 2770 4478 τότε
2820 4429 3152 4496 προτιμᾶται
3185 4428 3218 4497 ή
3285 4427 3530 4498 βασιλεία
3570 4444 3672 4498 μου

432 4515 736 4578 ἐξωνῶνται
767 4516 838 4569 τά
868 4516 1127 4569 δοκοῦντα
1157 4516 1339 4578 αὐτοῖς
1371 4514 1801 4584 ἀνεμποδίστως.

505 4605 622 4659 Ἰνα
650 4607 748 4669 τάς
773 4606 981 4676 χώρας,
1010 4607 1076 4668 ἀς
1109 4608 1305 4676 κρατεῖ
1332 4605 1537 4676 ἀρτίως
1565 4607 1597 4675 ή
1630 4604 1875 4667 Βενετία,
1904 4603 2006 4673 τὴν

433 4697 698 4767 Κορώνην
728 4699 825 4748 καὶ
869 4695 971 4765 τὴν
999 4696 1268 4765 Μεθώνην
1288 4735 1304 4760 ,
1338 4697 1437 4767 ἔχῃ
1471 4695 1637 4747 πάλιν
1667 4694 1848 4757 καθὼς
1890 4695 2004 4762 ἔχει

433 4791 626 4852 αὐτάς.
659 4789 780 4842 Ἵνα
807 4790 906 4861 ἐχῃ
939 4789 1040 4856 τήν
1069 4790 1231 4857 νῆσον
1261 4789 1506 4858 Κρήτην,
1539 4788 1630 4840 καὶ
1652 4788 1767 4841 ὅσοι
1797 4787 2008 4858 ἄνθρω-

434 4899 526 4934 ποι
553 4881 655 4945 τῆς
679 4879 956 4948 βασιλείας
990 4897 1090 4948 μου
1113 4880 1461 4948 εὑρίσκονται
1489 4880 1690 4942 ἐκεῖσε,
1707 4878 1794 4930 ἵνα
1827 4878 2005 4947 ἐπάρῃ

435 4973 696 5041 αὐτοὺςή
750 4971 999 5040 βασιλεία
1043 4988 1143 5039 μου
1182 4973 1276 5024 καὶ
1339 4971 1399 5022 οὐ
1460 4970 1566 5041 μὴν
1610 4970 2002 5039 μεταχειρισθῇ

436 5063 694 5132 ταύτηνή
723 5061 969 5131 βασιλεία
1007 5078 1131 5129 μου.
1156 5061 1236 5113 Τά
1265 5062 1426 5130 νησία
1461 5060 1555 5112 τοῦ
1575 5061 1799 5127 Αἰγαίου
1833 5061 2004 5114 πελά-

437 5169 591 5220 γους,
623 5153 723 5205 ὅσα
751 5148 900 5221 εἶχεν
923 5154 1003 5214 εἰς
1037 5153 1242 5204 εἴσοδον
1263 5154 1290 5204 ὁ
1322 5151 1448 5214 δοὺξ
1475 5151 1746 5217 Βενετίας,
1787 5152 1876 5205 ἵνα
1906 5153 2008 5204 πά-

437 5245 527 5296 λιν
558 5245 656 5314 έχῃ
691 5245 888 5306 ταῦτα,
920 5246 1018 5295 ὅσα
1051 5244 1106 5295 δὲ
1141 5238 1281 5312 ἦσαν
1330 5243 1434 5292 ὐπὸ
1477 5243 1576 5307 τὴν
1603 5241 1883 5311 βασιλείαν
1915 5243 2009 5295 καὶ

441 5336 500 5384 τὸ
535 5335 927 5404 πριγκιπᾶτον,
961 5335 1048 5385 ὅτε
1080 5333 1131 5385 οἱ
1163 5334 1384 5384 Λατῖνοι
1419 5327 1562 5401 ἦσαν
1598 5334 1884 5402 ἐγκρατεῖς
1908 5333 2008 5401 τῆς

441 5425 1088 5489 Κωνσταντινουπόλεως,
1142 5424 1227 5476 ἵνα
1261 5423 1407 5476 Θεοῦ
1430 5423 1779 5486 εὐδοκοῦντος
1810 5426 2012 5492 γένων-

440 5532 530 5566 ται
558 5515 662 5567 ὐπδ
686 5515 786 5585 τὴν
815 5515 1094 5584 βασιλείαν
1117 5531 1218 5584 μου
1245 5514 1336 5566 καὶ
1363 5515 1489 5575 τοὺς
1517 5513 1884 5583 κληρονόμους
1917 5515 2011 5566 καὶ

514 5625 581 5691 (ε)
611 5623 861 5696 Latinum
899 5628 1176 5696 quuplar
1214 5629 1366 5682 habet
1395 5628 1483 5696 ιμιὶ
1527 5627 1631 5681 sit;
1665 5625 1812 5680 Unde
1874 5628 2011 5682 forte
2081 5633 2104 5654 '

445 5699 792 5751 scruxudum
821 5695 876 5758 ὃς
999 5692 1159 5751 Ζιυιι.

2107 4518 2234 4579 τοὺς
2259 4517 2596 4584 Βενετίκους,
2628 4521 2723 4571 καὶ
2750 4519 2878 4588 διδῷ
2901 4520 3083 4582 αὐτοῖς
3104 4520 3270 4574 τόπον
3299 4525 3378 4584 είς
3406 4523 3473 4575 τὶ
3495 4523 3677 4575 τοιαῦ-

2106 4624 2174 4658 τα
2206 4607 2441 4676 κάστρα)
2467 4623 2482 4638 ·
2515 4610 2595 4668 είς
2620 4609 2722 4676 τὴν
2744 4607 2979 4677 Μαύρην
2999 4607 3274 4661 θάλασσαν
3306 4611 3440 4662 ὅπου
3463 4608 3528 4663 ἄν
3550 4611 3676 4680 ἀρε-

2110 4696 2315 4750 σθῶσν
2347 4699 2427 4760 είς
2468 4698 2531 4751 τὸ
2569 4698 2864 4769 ’Υρτάκιον
2917 4699 3004 4752 ἵνα
3055 4698 3218 4769 ἔχωσι
3261 4701 3456 4753 τόπονο
3511 4703 3590 4764 είς
3616 4703 3677 4754 τι

2121 4787 2474 4856 Ἀτραμύτιον
2535 4789 2605 4840 τά
2635 4789 2870 4858 ὁσπήτια
2928 4790 3023 4841 καὶ
3072 4791 3134 4842 τὸ
3188 4790 3412 4860 λουτρὶν
3448 4793 3516 4845 τὰ
3550 4792 3680 4845 ὄντα

2109 4879 2286 4930 ἐκεῖσε
2306 4895 2320 4910 ο
2356 4879 2438 4940 είς
2465 4877 2563 4948 τὴν
2589 4879 2820 4930 ¹Ἀναιαν
2847 4878 3014 4931 τόπον
3057 4879 3146 4930 ῖνα
3177 4881 3470 4948 είσέρχωντ
3483 4899 3536 4932 αι
3589 4893 3681 4933 και

2111 4967 2440 5038 ἐξέρχωνται
2463 4971 2520 5022 ἐν
2544 4970 2691 5037 αὐτῷ
2709 4986 2723 5000 ο
2755 4970 3019 5034 ὡσαύτως
3040 4973 3132 5024 καὶ
3162 4973 3241 5034 εἰς
3269 4975 3369 5040 τὴν
3392 4971 3666 5042 Σμύρνην.

2183 5060 2300 5111 Ἴνα
2328 5059 2600 5131 ἀποδιὼεῃ
2628 5063 2661 5131 ή
2695 5061 2948 5130 βασιλεία·
2975 5078 3078 5130 μου
3111 5062 3216 5115 ἀπὸ
3240 5065 3341 5131 τῆς
3386 5063 3568 5132 χώρας
3591 5065 3683 5114 αὐ-

2109 5151 2207 5218 τῆς
2238 5151 2333 5203 καὶ
2366 5151 2495 5213 τοὺς
2521 5153 2749 5221 ἐχθροπ
2779 5154 2956 5206 αὐτῶν
3004 5154 3132 5215 τοὺς
3160 5154 3444 5216 Γενουῖτας
3479 5158 3572 5208 καὶ
3622 5156 3683 5205 οὐ

2116 5244 2223 5312 μὴν
2271 5242 2566 5313 παραλάϐῃ
2608 5245 2828 5307 αὐτούς.
2880 5246 3004 5298 Ἐὰν
3047 5245 3104 5297 δέ
3155 5262 3287 5297 ποτε
3329 5245 3437 5297 τῶν
3475 5247 3684 5313 καιρῶν

2114 5334 2558 5402 προσέλθωσινοί
2585 5335 2863 5388 Γενουῖται
2911 5340 2977 5405 τῇ
3015 5337 3263 5406 βασιλεία
3307 5353 3410 5404 μου
3439 5337 3531 5388 καὶ
3567 5353 3673 5388 παι-

2119 5424 2781 5496 ρακλητεύσωσιν-αύτὴν,
2815 5427 2902 5478 ἵνα
2950 5427 3169 5496 δέξηται
3212 5429 3412 5490 αὐτοὺς
3441 5430 3519 5488 εἰς
3553 5428 3684 5492 ἀγά-

2115 5531 2244 5583 πην,
2275 5514 2449 5578 ἄλλως
2491 5516 2552 5568 οὐ
2591 5516 2699 5584 μὴν
2747 5519 2949 5590 ποιήσῃ
2982 5519 3186 5588 ταύτην
3234 5520 3266 5588 ἡ
3302 5517 3550 5588 βασιλεία
3581 5535 3685 5588 μου

2184 5630 2244 5696 (ι)
2271 5627 2503 5683 Omnino
2529 5631 2740 5701 m-galio
2771 5633 2941 5687 deest.
2987 5635 3148 5699 Ζιιιι.
