3966 6204
399 326 406 332 ’
425 323 560 387 Ῑο59

1617 311 2220 386 CPQLITANORUM
2267 308 2470 369 lMl‘P.
2533 317 2536 320 ’

3539 294 3680 360 10(ιο

424 439 586 493 νιδίου
639 435 1066 508 (προκατείχετο
1115 435 1214 506 μὲν
1242 433 1352 504 γὰρ
1389 433 1654 504 πρότερον
1688 433 1719 500 ἡ
1767 430 1998 502 ἡμίσεια
2028 433 2072 487 Α
2101 422 2467 493 ἐνισταμένης
2517 421 2575 472 ti’
2627 418 2728 472 ἰνδ.
2775 418 2868 471 τοῦ
2907 416 3023 481 ,ς’ω’
3066 411 3517 508 ἐννάτουέτους,
3552 412 3611 508 ἐν

406 519 752 600 ·συνεισςρο’ρὰ
780 530 983 598 ταύτης
1021 528 1174 598 παρὰ
1203 526 1300 581 τοῦ
1343 527 1545 598 μέρους
1595 526 1691 596 τῆς
1739 523 1995 600 τοιαύτης

419 623 739 692 ἐκκλησίας,
795 624 828 690 ἡ
880 621 936 674 δὲ
989 620 1153 690 ἐτέρα
1182 619 1412 691 ἡμίσεια
1461 617 1669 691 ταύτης
1710 615 1858 687 παρὰ
1897 614 1994 669 τοῦ

416 715 716 784 δημοσίουο
758 712 962 782 ἀρτίως
993 710 1050 764 δὲ
1091 710 1302 763 εὐδοκεῖ
1340 711 1372 779 ἡ
1429 709 1678 778 βασιλεία
1736 725 1836 778 μου
1901 705 1997 759 καὶ

421 803 860 874 παρακελεύεται
906 803 1006 873 τὴν
1038 803 1261 856 ἃπασαν
1303 802 1511 870 ταύτην
1549 800 1639 854 τοῦ
1688 798 1997 871 βαλανιδίου

422 895 784 965 συνεισιροράν
813 894 965 965 παρὰ
989 892 1082 948 τοῦ
1114 895 1318 963 μέρους
1344 891 1677 962 κατέχεσθαι
1701 892 1797 962 τῆς
1817 888 2001 944 τοιαύ-

419 1005 522 1056 της
546 985 861 1055 ἁγιωτάτης
890 984 1057 1055 μονῆς
1080 984 1455 1056 άνενοχλήτως
1479 983 1572 1037 καὶ
1593 977 1997 1049 ἁδιασεῖστωςΥ

417 1079 620 1150 χωρίον
663 1079 714 1131 οἱ
769 1078 1026 1141 Πεζιάνοι
1067 1079 1206 1148 μετὰ
1248 1076 1357 1131 τῶν
1409 1078 1466 1129 ἐν
1515 1074 1666 1143 αύτῷ
1717 1075 2000 1144 παροίκων

421 1172 515 1223 καὶ
545 1171 766 1223 πάντων
811 1170 918 1222 τῶν
950 1169 1178 1224 δικαίων
1207 1169 1302 1223 καὶ
1332 1168 1513 1239 πάσης
1557 1168 1658 1237 τῆς
1703 1167 1878 1236 νομῆς
1907 1167 2001 1220 αύ-

391 1263 555 1318 ”τοῦ’
608 1262 810 1333 χωρίον
869 1261 929 1314 τὸ
985 1260 1330 1330 Φιλόδενδρον
1385 1259 1522 1329 μετὰ
1575 1257 1686 1310 τῶν
1742 1259 1801 1310 ἐν
1849 1255 2002 1325 αὑτῷ

391 1353 703 1425 ·-παροίκων
753 1353 849 1406 καὶ
908 1349 1324 1406 ύποστατικῶψ
1392 1351 1426 1419 ἡ
1484 1347 1622 1419 μονὴ
1669 1347 1764 1400 τοῦ
1814 1346 1999 1416 τιμίου

407 1446 740 1518 ’Προδρόμου
787 1447 820 1512 ἡ
862 1444 956 1497 τοῦ
994 1443 1328 1514 Σαραφῶνος
1374 1441 1512 1512 μετὰ
1560 1441 1670 1496 τῶν
1708 1441 1802 1493 ὑπ’
1831 1440 2001 1509 αὐτὴν

421 1538 705 1608 παροίκων
751 1537 845 1590 καὶ
876 1535 1078 1589 λοιπῶν
1113 1535 1342 1590 δικαίων
1367 1550 1381 1566 ο
1415 1534 1443 1586 ό
1475 1535 1554 1596 είς
1585 1532 1653 1586 τά
1699 1532 1857 1584 Φῶτα
1897 1531 2002 1600 άμ-

421 1629 603 1682 πελών
624 1646 640 1662 ο
670 1630 704 1698 ἡ
743 1629 800 1681 ἐν
829 1627 907 1698 τῷ
929 1629 1114 1699 χωρίῳ
1143 1626 1252 1680 τῶν
1283 1625 1504 1680 Πολλῶν
1527 1624 1731 1678 Ξενίων
1767 1623 2002 1692 ποσότης

405 1721 531 1775 ’τῶν
562 1721 906 1776 εἰκοσιπέντε
939 1720 1269 1790 ύπερπέρων
1291 1734 1305 1748 ο
1357 1717 1426 1772 τά
1460 1717 1612 1780 ἐντὸς
1647 1718 1744 1786 τῆς
1786 1717 2004 1783 Μονεμ-

422 1815 621 1879 ϐασίας
665 1815 904 1883 όσπήτια
948 1813 1092 1886 άπερ
1127 1809 1244 1882 εἶχέ
1277 1829 1406 1866 ποτε
1436 1814 1464 1865 ό
1516 1811 1682 1882 Ἀρῆς
1704 1827 1717 1839 '
1767 1810 2010 1880 άγρῐδιον
2039 1804 2084 1861 Β

422 1905 481 1957 αί
516 1901 728 1957 Ῥιπίαι
754 1903 853 1957 σὺν
881 1903 959 1973 τῷ
988 1902 1202 1973 πλησίῳ
1237 1901 1430 1957 τούτου
1458 1903 1608 1971 τόπῳ
1632 1901 1708 1972 τῷ
1738 1901 2006 1971 Καλαμίῳ

425 1995 632 2065 καὶτῷ
681 1996 789 2049 τῶν
838 1995 1249 2066 δικαστηρίων·
1297 1996 1622 2065 προάστειον
1654 1994 1760 2048 τῶν
1798 1994 2006 2062 Δαιμό-

426 2105 564 2140 νων·
621 2088 701 2140 ἔτι
749 2087 809 2140 δὲ
862 2089 958 2140 καὶ
1003 2089 1069 2140 τὰ
1104 2086 1402 2157 αύτούργια
1450 2089 1551 2140 ὅσα
1586 2087 1748 2157 μέχρι
1774 2087 1868 2139 τοῦ
1910 2084 2004 2138 νῦν

427 2182 744 2252 εὑρίσκεται
797 2180 1109 2249 κατέχουσα
1146 2179 1240 2232 καὶ
1276 2178 1552 2248 νεμομένη
1581 2179 1615 2248 ἡ
1647 2177 1785 2244 αὐτὴ
1835 2175 2005 2242 ἁγιω-

425 2276 562 2344 τάτη
587 2273 859 2344 ἐκκλησία
893 2274 972 2336 είς
1004 2289 1063 2326 τε
1096 2271 1187 2324 τὸν
1219 2271 1477 2342 Σώρακα,
1519 2271 1618 2342 τὴν
1649 2266 2002 2327 Κουλενδίαν.

425 2369 524 2438 την
572 2364 961 2435 Κουμαραίαν,
1015 2365 1115 2432 τὴν
1170 2363 1485 2429 Βουλκάνην
1540 2363 1636 2415 καὶ
1684 2361 1863 2417 Μέσιν
1911 2362 2008 2414 καὶ

424 2459 689 2522 Δωδχίαν,
745 2456 882 2513 ἀλλὰ
935 2457 1002 2526 δὴ
1037 2457 1133 2510 καὶ
1181 2457 1259 2520 είς
1292 2456 1389 2528 τὴν
1433 2455 1609 2509 Νόδυν
1661 2457 1754 2510 καὶ⁸
1787 2455 1867 2517 είς
1911 2454 2010 2523 τὴν

426 2553 642 2622 Λίμνην
674 2551 766 2604 καὶ
798 2550 885 2603 τὸν
937 2548 1156 2621 Πύργον
1185 2549 1278 2603 καὶ
1322 2549 1386 2602 τὸ
1435 2548 1905 2618 Παλαιόκαστρον.
1942 2547 2010 2600 ’Δ

425 2645 494 2714 δὴ
523 2643 718 2709 πάντα,
752 2642 855 2696 ὅσα
882 2642 1143 2713 ἀνωτέρω
1176 2640 1630 2712 διαλαμϐάνεται,
1662 2639 1887 2704 καθέξει
1915 2639 2008 2693 καὶ

430 2736 802 2806 νεμηθήσεται
824 2735 886 2789 τὸ
919 2735 1084 2806 μέρος
1119 2737 1216 2805 τῆς
1255 2735 1428 2806 αὐτῆς
1457 2735 1769 2804 ἁγιωτάτης
1809 2733 2007 2800 ἐκκλη-

429 2829 552 2890 σίας
600 2828 738 2898 μετὰ
779 2827 889 2880 τῶν
939 2825 1451 2898 προσηρμοσμένων
1480 2827 1666 2886 αὐτοῖς
1721 2826 1885 2896 μέχρι
1913 2823 2004 2877 τοῦ

432 2919 548 2984 νῦν,
581 2919 657 2983 ὡς
691 2921 933 2989 είρηται,
967 2903 1218 2984 δικαίων,
1265 2919 1436 2988 ἤγουν
1468 2919 1591 2986 γῆς.
1645 2918 2005 2985 ἀμπελώνων,

431 3010 718 3078 μυλώιων,
759 3011 1014 3079 δένδρων
1063 3009 1364 3082 διαφόρων,
1397 3010 1727 3078 περιϐολίων
1771 3010 1866 3062 καὶ
1897 3009 2013 3060 λοιο

428 3103 571 3155 πῶν.
602 3101 746 3171 Πρδς
777 3101 990 3164 τούτοις
1019 3101 1076 3156 δὲ
1111 3101 1224 3167 ἕξει
1267 3104 1357 3154 ἐπ’
1383 3101 1571 3166 ἁδείας
1604 3102 1666 3154 τὺ
1705 3101 1872 3170 μέρος
1909 3101 2010 3170 τῆς

429 3198 602 3266 αὐτῆς
632 3198 946 3266 ἁγιωτάτης
978 3197 1279 3267 ἐκκλησίας
1306 3197 1626 3263 ἐξωνεῖσθαι
1653 3198 1747 3249 καὶ
1777 3195 1842 3248 τὸ
1878 3202 2008 3265 πρι-

429 3289 736 3352 νοκόκκιον,
784 3289 922 3358 ὅπερ
954 3289 1005 3341 οἱ
1053 3290 1155 3358 τῆς
1187 3289 1453 3359 ρηθείσης
1505 3288 1668 3358 μονῆς
1705 3285 1798 3339 τοῦ
1830 3287 2011 3358 Σαρα-

430 3382 606 3448 (ptimo;
639 3380 736 3433 καὶ
771 3380 821 3433 oi
849 3380 944 3434 τοῦ
974 3380 1310 3450 δηλωθέντος
1343 3382 1548 3450 χωρίου
1582 3378 1677 3432 τοῦ
1721 3377 2011 3446 Γαγκανέα

430 3473 693 3544 πάροικοι
748 3473 1174 3540 ἐπισυνάγουσιν
1211 3472 1321 3526 άπὸ
1363 3471 1456 3524 τοῦ
1496 3471 1664 3525 τόπου
1691 3470 1785 3524 τοῦ
1819 3469 2010 3537 διαφέ-

431 3583 618 3636 ροντος
652 3568 720 3635 τῇ
759 3565 901 3635 αὐτῇ
951 3565 1236 3635 ἁγιωτάτῃ
1288 3564 1588 3635 ἐκκλησίαι⁹
1641 3565 1767 3617 ὅσιν
1822 3561 2009 3632 μέντοι

430 3657 822 3726 πρινοκόκκιον
852 3655 1272 3721 ἐπισυνάξουσιν
1296 3657 1343 3708 οἱ
1375 3655 1608 3709 τοιοῦτοι
1642 3658 1891 3724 πάροικοι
1915 3654 2012 3724 τῆς

429 3749 731 3818 ἐκκλησίας
759 3747 868 3801 ἀπὸ
889 3747 1224 3817 δημοσιακοῦ
1250 3747 1437 3810 τόπου,
1461 3747 1665 3814 όφείλει
1693 3745 2010 3812 ἐξωνεῖσθαι

429 3840 590 3893 τοῦτο
619 3843 646 3894 ό
677 3841 963 3910 δημόσιος.
1011 3840 1175 3894 Ταῦτ’
1208 3841 1320 3910 ἄρα
1371 3841 1465 3892 καὶ
1494 3843 1558 3910 τῇ
1598 3838 1871 3909 ἐμφανείᾳ
1915 3835 2010 3890 τοῦ

433 3932 704 4002 παρόντος
762 3931 1167 4004 χρυσοεούλλου
1225 3932 1387 4000 λόγου
1439 3932 1536 4000 τῆς
1575 3931 1856 4000 βασιλείας
1909 3946 2011 4000 μου

435 4023 701 4092 μενοῦσι,
752 4024 849 4076 καὶ
891 4023 1386 4094 διατηρηθήσονται
1419 4023 1490 4076 τὰ
1530 4020 1757 4075 τοιαῦτα
1796 4021 2014 4075 ἅπαντα

432 4117 692 4187 κτήματα
716 4117 812 4169 καὶ
835 4115 1141 4188 αύτούργια
1162 4116 1260 4182 τῆς
1287 4114 1679 4186 διαληφθείσης
1702 4114 2014 4182 ἁγιωτάτης

438 4205 740 4274 ἐκκλησίας
771 4204 1166 4275 Μονεμϐασίας
1195 4203 1528 4274 ἀνενόχλητα
1561 4205 1739 4274 πάντη
1776 4204 1869 4257 καί
1888 4206 2016 4257 ἀνα-

436 4295 668 4366 φαίρετα
707 4295 848 4349 κατὰ
879 4296 980 4366 τὴν
1014 4294 1188 4365 νομὴν
1236 4295 1331 4347 καὶ
1361 4294 1624 4363 κατοχὴν,
1662 4294 1730 4364 ἢν
1763 4293 2017 4363 εὑρίσκε-

431 4403 526 4442 ται
568 4370 906 4457 κεκτημένης
942 4385 1020 4450 ὡς
1062 4385 1383 4456 δεδήλωται,
1423 4386 1588 4456 μέχρι
1639 4385 1735 4439 τοῦ
1778 4385 1875 4439 νῦν
1925 4385 2013 4440 ἐπ’

435 4480 645 4544 αὐτοῖς,
678 4479 761 4531 ἐτι
788 4478 844 4531 δὲ
878 4477 1172 4548 άπηλλαγμ
1186 4479 1280 4530 ένα
1309 4493 1370 4530 τε
1403 4479 1499 4531 καὶ
1533 4476 1786 4549 ἀνώτερα
1830 4481 2012 4549 πάσης

437 4573 534 4624 καὶ
591 4571 851 4634 παντοίας
901 4571 1168 4642 ἐπηρείας
1221 4571 1318 4626 καὶ
1369 4571 1691 4634 ἐπιθέσεως.
1747 4562 1852 4626 Καὶ
1904 4573 2014 4644 γὰρ

439 4663 615 4725 οὐδεὶς
649 4663 756 4714 τῶν
783 4662 1044 4716 ἁπάντων
1075 4660 1281 4732 ὀφείλει
1316 4662 1544 4731 ἐπάγειν
1583 4665 1769 4728 αὐτοῖς
1802 4666 2016 4734 οἱανδή-

437 4771 563 4807 τινα
599 4752 780 4822 λύμην
815 4753 846 4820 ἢ
900 4753 1036 4816 ὅλως
1066 4753 1434 4824 κατατριϐήν,
1473 4753 1595 4806 οὗτε
1643 4756 1749 4824 μὴν
1780 4756 1872 4807 ἐπὶ
1900 4757 2013 4809 δια-

441 4846 654 4916 σεισμῷ
685 4849 782 4906 καὶ
813 4845 1000 4916 ἀδικίᾳ
1031 4846 1139 4899 τινὶ
1179 4845 1302 4913 κατ’
1330 4846 1516 4900 αὐτῶν
1542 4846 1884 4901 ἐπιτίθεσθαι
1922 4849 2016 4902 καί

436 4955 546 4990 τινι
568 4938 755 5008 τρόπῳ
781 4937 850 4992 δι’
878 4935 1037 5008 ὄχλου
1067 4937 1316 5005 γίνεσθαι
1336 4955 1349 4969 ·
1383 4939 1506 4991 ἐπεὶ
1535 4941 1629 4992 καὶ
1659 4942 1766 5005 πᾶς
1790 4941 1818 4992 ὁ
1839 4940 2017 4994 10:05-

437 5034 530 5083 τόν
563 5047 616 5083 τι
646 5031 1117 5101 παραθησόμενος
1152 5031 1365 5094 τούτοις
1412 5034 1716 5099 ἐπαγαγεῖν
1758 5035 2014 5103 ἀποπεμ-

441 5121 712 5191 φθήσεται
741 5123 974 5190 πάμπαν
1006 5125 1102 5175 καὶ
1127 5123 1609 5194 ἁποσοϐηθήσεται
1646 5127 1739 5178 καὶ
1763 5127 2017 5193 καθάπαξ

441 5214 926 5284 ἀποτραπήσεται,
952 5213 1027 5277 ὡς
1055 5215 1164 5285 ἄρα
1193 5216 1221 5278 ὁ
1259 5215 1450 5286 παρὼν
1487 5216 1882 5285 χρυσόϐουλλος
1916 5218 2022 5271 λό-

442 5323 540 5375 γος
566 5305 669 5374 τῆς
710 5305 993 5376 βασιλείας
1037 5322 1140 5376 μου
1180 5308 1561 5361 διατάττεταιθ
1597 5308 1657 5373 ὃς
1688 5311 1781 5362 καὶ
1823 5311 2018 5380 ἐπεχο-

445 5396 664 5468 ρηγήθη
700 5397 796 5450 καὶ
826 5395 1206 5468 ἐπεσραὸεύθη
1236 5402 1302 5469 τῇ
1334 5400 1478 5468 αὐτῇ
1504 5399 1784 5470 ἁγιωτάτῃ
1815 5402 2019 5470 ἐκκλη-

445 5490 534 5558 σίᾳ
554 5489 971 5559 Μονεμῦασίας,
1001 5491 1295 5554 ἀπολυθεὶς
1319 5494 1462 5545 κατὰ
1493 5493 1638 5564 μῆνα
1678 5495 1898 5546 Ἰούνιον
1921 5496 2018 5565 τῆς

517 5625 890 5711 ςδχΕῈἸΓθΕῘΟ
916 5630 1126 5711 art-llic
1172 5629 1638 5711 di_(_lortencdidit
1669 5632 1817 5687 Sauli
1853 5631 2008 5686 bella

447 5695 555 5768 σοί..
577 5697 656 5768 dei
687 5695 878 5750 Genet).
909 5698 961 5749 in
993 5698 1206 5762 Galam,
1242 5701 1305 5761 ll,
1339 5719 1388 5768 ι),
1427 5704 1552 5755 2H.

517 5761 604 5828 (lt)
644 5775 1064 5830 ustrumetttutn,
1092 5761 1199 5834 quo
1246 5761 1444 5824 limites
1476 5774 1681 5826 (inlata:
1744 5775 2009 5830 deﬁniun-

2106 518 2204 570 καὶ
2258 516 2319 569 τὸ
2379 514 2647 585 ἡμέτερον
2701 512 2925 576 εὐσεϐὲς
2967 509 3064 565 καὶ
3111 505 3516 579 θεοπρὶϐλητον
3556 506 3688 560 ὕπε-

2109 595 2395 680 σημήνατο
2430 606 2656 679 κράτος.

2193 700 2578 768 Ἀνδρόνικος
2609 700 2680 752 ἐν
2709 697 2947 767 Χριστῷ
2990 694 3069 763 τῷ
3101 693 3227 761 Θεῷ
3260 693 3479 759 πιστὸς
3508 693 3693 758 βασιο

2107 800 2256 862 λεύς
2285 795 2384 850 καί
2416 793 2802 864 αὐτοκράτωρ
2846 794 3150 864 Ῥωμαίων
3175 792 3407 858 Δούκας
3440 790 3695 860 ἅγγελος

2109 887 2433 958 Κομνηνὸς
2468 889 2499 940 ό
2533 886 2976 953 Παλαιολόγος.

2109 1004 2226 1060 XX.
2273 1003 2406 1071 Imp.
2461 1001 3153 1144 AndroniciAseqi§G:)de
3199 999 3480 1070 metropoli
3529 1002 3694 1068 Apro.

2177 1189 2306 1251 (Hoc
2329 1189 2648 1251 privilegium
2693 1188 2790 1251 jam
2835 1185 3085 1251 edidimus
3136 1185 3271 1236 inter
3288 1183 3698 1251 __eortst_itutiones

2109 1247 2405 1374 ἓῖῑιτιίητοίιω
2453 1247 2658 1302 Joannis
2695 1247 2894 1310 'Glycis,
2957 1250 3047 1298 sub
3103 1261 3240 1300 num.
3288 1247 3508 1304 XLVIII,
3579 1255 3694 1296 tom.

2108 1393 2254 1448 XXI.
2296 1392 2431 1462 Imp.
2466 1391 2757 1447 Andronici
2811 1389 3037 1462 senioris
3074 1389 3416 1462 α-ιιτραὺιιίια

2521 1461 2806 1516 nuensibus
2835 1460 2930 1532 (ε).
2963 1461 3053 1531 (Α.
3094 1460 3279 1528 ιδοι.)

3453 1403 3555 1458 pro
3585 1385 3687 1442 Ge,

2089 1615 2105 1627 .
2179 1575 2316 1632 Cum
2354 1575 2660 1631 transmissi
2689 1573 2890 1629 fuerint
2917 1572 2983 1628 ad
3015 1572 3308 1641 Imperium
3343 1579 3592 1625 nostrum
3628 1583 3693 1622 ex

2109 1677 2265 1739 parte
2317 1667 2544 1724 illustris
2573 1665 2832 1722 Comunis
2881 1662 3056 1720 Janue
3087 1663 3299 1719 dilectae
3345 1661 3702 1716 fraternitatis

2111 1759 2339 1830 Imperii
2390 1759 2560 1814 nostri
2619 1757 3010 1812 Ambazalores
3069 1764 3125 1811 et
3167 1754 3363 1808 sindiei
3395 1753 3702 1834 'speci'ales

2115 1851 2328 1906 nobiles
2357 1858 2410 1904 et
2442 1847 2740 1919 prudentes
2779 1846 2902 1914 viri,
2951 1843 3208 1899 videlicet
3239 1843 3484 1896 dominus
3518 1839 3702 1895 Guido

2113 1943 2433 1998 Embriacus
2463 1949 2518 1996 et
2549 1940 2808 1996 dominus
2834 1939 3078 1993 Acursus
3097 1935 3407 1998 Ferrarius,
3445 1935 3512 1988 ad
3536 1949 3704 2002 expo-

2113 2037 2289 2094 nenda
2342 2049 2528 2090 coram
2577 2040 2764 2089 nostro
2814 2031 3048 2102 Imperio
3090 2030 3359 2101 capitula,
3401 2045 3467 2084 ex
3499 2030 3700 2096 quibus

2113 2128 2348 2198 quedam
2394 2124 2464 2180 ad
2513 2125 2755 2194 ipsorum
2802 2122 3157 2179 Januensium
3202 2121 3327 2190 jura
3379 2119 3701 2173 videbantur

2113 2225 2167 2270 et
2195 2213 2480 2271 observari
2511 2213 2804 2277 debebant,
2837 2220 2894 2266 et
2938 2211 3172 2280 quedam
3205 2209 3274 2265 de
3309 2209 3541 2280 speciali
3575 2224 3696 2278 gra-

2114 2308 2188 2362 tia
2243 2307 2603 2378 requirebant
2650 2306 2806 2375 juxta
2855 2320 2916 2360 ea
2964 2319 3068 2374 que
3118 2303 3412 2376 Imperium
3455 2311 3698 2356 nostrum

2113 2399 2294 2455 facere
2320 2401 2597 2456 consuevit
2639 2400 2835 2456 intuitu
2874 2398 3196 2463 ali'ectionis,
3249 2398 3426 2466 gratie
3455 2405 3512 2449 et
3546 2411 3697 2450 amo-

2115 2493 2226 2559 ris,
2271 2507 2432 2563 quem
2464 2507 2591 2562 erga
2650 2492 2862 2548 illustre
2903 2506 3136 2546 comune
3177 2487 3353 2543 Janue
3403 2487 3697 2557 Imperium

2115 2596 2363 2644 nostrum
2401 2587 2608 2643 habet:
2648 2588 2844 2658 quibus
2877 2585 3131 2657 capitulis
3172 2599 3272 2656 per
3307 2581 3533 2638 eosdem
3563 2597 3703 2634 nuu—

2114 2678 2226 2734 cios
2272 2678 2536 2749 expositis
2572 2689 2626 2734 et
2669 2677 2908 2733 narratis
2953 2677 3247 2746 Imperium
3304 2683 3550 2728 nostrum
3602 2687 3698 2726 an-

2115 2785 2288 2826 nuens
2321 2771 2437 2840 ipsa
2471 2770 2747 2826 concessit
2779 2769 3014 2841 capitula
3047 2777 3106 2823 ut
3137 2769 3370 2822 inferius
3395 2765 3702 2836 distingue-

2116 2874 2223 2918 tur.
2272 2864 2330 2919 Et
2389 2878 2516 2919 ecce
2549 2878 2774 2934 presens
2815 2862 3160 2934 privilegium
3195 2874 3359 2915 aurea
3413 2857 3558 2913 bulla
3597 2875 3692 2912 no-

2115 2968 2286 3014 strum
2339 2959 2606 3013 munitum
2641 2958 2814 3014 eidem
2850 2957 3041 3013 illustri
3095 2956 3318 3013 cutmtni
3365 2954 3534 3012 Janue
3563 2969 3698 3008 con-

2125 3051 2369 3104 cedimus
2413 3059 2467 3104 et
2503 3049 2788 3119 largimur,
2831 3049 2900 3105 ad
2941 3046 3385 3114 declarationem,
3435 3047 3595 3100 robur
3643 3057 3698 3096 et

2037 3151 2084 3216 ο
2119 3138 2430 3192 ﬁrmitatem
2482 3139 2780 3194 immobilis
2854 3149 2910 3192 et
2966 3137 3293 3192 inviolabilis
3348 3152 3698 3208 perseveran-

2116 3230 2201 3284 cie
2257 3229 2554 3285 eorundem
2606 3230 2997 3300 capitulorum,
3052 3244 3160 3299 que
3205 3228 3609 3299 acceptavintus
3638 3236 3694 3282 et

2115 3317 2208 3372 illa
2245 3317 2660 3388 adimplevimus
2705 3318 2860 3390 juxta
2913 3319 3335 3389 requisieionem
3373 3320 3548 3389 ipsius
3582 3320 3697 3374 illa-

2113 3408 2245 3463 atris
2298 3410 2572 3465 comunis.
2635 3409 2880 3476 Quorum
2936 3410 3297 3482 capitulorum
3345 3411 3471 3468 talis
3504 3421 3592 3466 est
3628 3422 3675 3466 te

2117 3516 2237 3554 nor.
2685 3561 2688 3564 ,

2186 3593 2368 3650 Primo
2417 3594 2639 3663 quidem
2690 3594 2836 3665 quod
2887 3595 3090 3650 habere
3123 3595 3357 3650 debeant
3388 3593 3691 3648 Janucuses

2115 3685 2168 3739 in
2206 3686 2324 3741 loco
2358 3687 2588 3741 balatbe
2619 3685 2796 3741 locum
2823 3701 2983 3756 quem
3011 3687 3412 3756 requisiverttnt
3442 3687 3496 3740 in
3522 3686 3692 3740 forma

2113 3774 2490 3844 quadrangula
2524 3779 2874 3830 terminatum
2911 3784 2966 3830 et
2992 3776 3349 3846 assignatum,
3385 3778 3686 3830 secundum

2115 3865 2260 3939 quod
2285 3865 2438 3919 locus
2468 3863 2555 3918 ille
2585 3864 2825 3918 ambitus
2859 3871 2941 3919 est
2969 3879 3067 3934 per
3093 3864 3237 3919 facta
3251 3880 3300 3918 ttt
3335 3863 3551 3922 foveam
3582 3863 3692 3917 eir-

2117 3973 2240 4016 cum
2275 3956 2419 4010 circa
2449 3954 2537 4024 (t).
2569 3953 2637 4008 Et
2667 3954 2916 4010 volumus
2947 3963 3002 4009 et
3049 3954 3327 4023 iubemus,
3357 3954 3504 4025 quod
3535 3970 3565 4009 a
3589 3955 3694 4010 eir-

2119 4054 2274 4110 cuitu
2302 4053 2472 4123 ipsius
2497 4051 2600 4106 loci
2642 4051 3016 4108 mensurando
3043 4067 3250 4107 vacuus
3278 4051 3434 4107 locus
3463 4052 3697 4106 totaliter

2117 4143 2352 4199 resideat
2379 4143 2588 4211 absque
2621 4141 2968 4200 babitacione
2997 4141 3180 4211 aliqua
3211 4142 3447 4209 alicujus
3471 4157 3697 4210 persoue

2120 4250 2214 4305 per
2264 4234 2499 4303 spatium
2545 4233 2830 4304 sexaginta
2877 4234 3210 4290 cubitorum.
3255 4233 3377 4288 Eta
3409 4249 3562 4289 muro
3591 4233 3700 4289 Ca-

2120 4321 2216 4376 stri
2258 4321 2490 4377 Galatlte
2560 4322 2861 4377 secundum
2929 4323 3270 4379 latitudinem
3328 4325 3499 4394 ipsius
3563 4326 3700 4378 muri

2124 4426 2295 4480 usque
2339 4412 2405 4465 ad
2448 4412 2685 4480 ipsorum
2732 4411 3088 4467 Januensiutu
3141 4413 3385 4469 confines
3427 4415 3592 4469 etiam
3626 4414 3702 4466 sit

2047 4493 2090 4547 Ι)
2121 4503 2275 4557 locus
2332 4511 2479 4558 totus
2507 4517 2733 4583 _vacuus
2772 4518 2870 4559 nee
2913 4505 3080 4559 alicui
3111 4503 3268 4560 liceat
3295 4505 3698 4564 habitaciouem

2121 4595 2300 4650 facere
2346 4609 2570 4663 quoque
2610 4595 2804 4660 modo;
2842 4597 2981 4650 infra
3030 4613 3160 4654 vero
3182 4597 3358 4654 locum
3393 4598 3698 4669 predictum

2121 4683 2488 4736 habitationis
2515 4684 2754 4751 ipsorum
2805 4682 3166 4742 Januettsiutu
3215 4687 3451 4744 habeant
3483 4691 3582 4758 ipsi
3612 4687 3703 4741 Ja-

2127 4789 2359 4829 uueuses
2408 4774 2719 4831 libertatem
2757 4786 2814 4831 et
2844 4779 3155 4834 mandatum
3201 4779 3434 4836 faciendi
3467 4795 3701 4835 mansio—

2126 4883 2220 4921 ues
2269 4877 2325 4920 et
2381 4876 2686 4922 structuras
2743 4878 2799 4923 et
2852 4869 2988 4927 alias
3045 4872 3334 4928 ﬁrtttitates
3385 4885 3444 4929 et
3486 4888 3696 4928 omnem

2125 4958 2286 5011 aliam
2331 4957 2682 5013 securitatem
2733 4959 2798 5012 ad
2850 4975 3039 5015 eorum
3099 4963 3436 5018 voluntatem
3486 4973 3700 5033 praeter

2127 5055 2334 5100 tantum
2363 5050 2521 5103 modo
2551 5065 2764 5104 murum
2800 5053 2992 5117 castri,
3024 5054 3169 5123 quod
3199 5056 3421 5124 quidem
3453 5065 3698 5110 constru-

2121 5152 2212 5191 ere
2245 5136 2297 5189 in
2339 5137 2457 5206 ipso
2487 5137 2605 5192 loco
2637 5141 2884 5194 volumus
2914 5159 3022 5198 non
3058 5146 3243 5198 licere.

2193 5227 2324 5281 Item
2369 5231 2511 5297 quod
2549 5229 2783 5286 habeant
2817 5233 2868 5286 in
2915 5235 3105 5288 cedent
3137 5234 3256 5291 loco
3306 5234 3606 5290 Januenses
3637 5246 3696 5289 et

2120 5319 2212 5387 qui
2248 5320 2836 5378 tettentttr'Januenses
2866 5324 3172 5380 libertatem
3233 5328 3352 5382 sine
3394 5329 3573 5397 aliquo
3598 5327 3697 5380 iut-

2123 5408 2455 5478 pedimeuto,
2491 5419 2546 5465 et
2570 5413 2803 5467 habeant
2835 5415 3121 5469 macellum
3146 5427 3200 5470 et
3233 5417 3574 5472 macellarios
3600 5414 3693 5470 Ja-

2124 5500 2434 5566 tnuensium,
2483 5509 2537 5556 et
2594 5503 2846 5560 messitas
2885 5502 3265 5573 Januensiutn,
3323 5508 3539 5578 logiam,
3587 5505 3698 5561 baL

2125 5645 2231 5702 tur,
2269 5652 2480 5714 ‘mett‘se
2541 5638 2680 5710 Maio
2732 5641 2847 5698 ind.
2905 5643 2921 5697 Ι
2991 5659 3040 5698 a.
3085 5645 3216 5700 68H
3257 5647 3330 5714 (ιι.
3363 5644 3495 5698 Chr.
3539 5644 3691 5708 ίῦοέ)

2121 5707 2377 5787 ιιι-μίίιίειὶίυ
2421 5707 2789 5787 imperatoris
2809 5717 3113 5787 scriptuttt,
3173 5707 3458 5771 excudent
3509 5707 3696 5771 arclttu

2119 5777 2284 5832 edidit
2313 5777 2464 5832 Sauli
2499 5777 2532 5832 l.
2564 5783 2601 5834 l.
2641 5798 2692 5849 p.
2730 5783 2854 5837 209.
