3966 6204
346 328 475 394 1061

1405 342 1551 403 Νυγ
1566 348 1606 401 Ii
1619 347 1775 404 ΜΛέῖ
1812 348 2493 434 (ὩδδΤΙἸὌἸῚΟΝΕΞ.

3458 369 3588 432 1082

335 451 516 499 neum,
555 439 806 507 proprias
859 442 940 494 sui
969 440 1249 509 ecclesias,
1303 449 1644 504 sacerdotem
1699 452 1778 504 vel
1819 438 1981 515 εει-Ἀ
2010 459 2154 522 quod
2203 458 2316 512 fieri
2366 463 2555 516 debeat
2611 467 2879 522 satisfatio
2918 469 3089 538 ipsius
3133 471 3372 541 dampni,
3427 483 3590 546 pt‘utt'l.

333 529 584 582 rerdotes
616 529 923 586 Januenses
957 543 1011 588 et
1040 531 1288 602 Latinos,
1321 548 1582 595 stateram
1617 553 1672 597 et
1705 545 1906 611 ponde-

333 625 544 673 ratores
585 613 965 688 Januensium,
1017 627 1246 692 scribas,
1293 646 1580 687 mansuras
1623 643 1677 688 et
1723 637 1905 690 omnia

333 709 438 763 alia
467 726 570 780 quc
597 713 890 768 voluerint
921 718 990 770 ad
1041 713 1372 777 voluntatem
1410 735 1465 779 et
1509 726 1767 795 placitum
1806 744 1899 781 eu-

334 819 476 858 rum.
510 806 818 861 Ponderare
851 821 1032 864 tamen
1088 815 1320 869 debeant
1353 818 1548 886 prefati
1580 822 1904 888 pendet-ato-

334 907 421 948 res
473 895 711 963 ipsorum
766 911 1026 967 presente
1073 905 1259 959 scriba
1329 909 1412 960 vel
1467 908 1573 964 alio
1603 911 1806 964 nuncio
1835 927 1898 964 ex

329 996 484 1054 parte
526 991 784 1046 comercii
817 991 1038 1062 Imperii
1081 999 1276 1053 nostri.
1337 1000 1404 1052 Et
1434 1000 1535 1069 ipsi
1563 1002 1780 1070 quidem
1811 1000 1902 1056 Ja-

330 1092 562 1134 nnenses
608 1081 810 1136 habere
835 1084 1068 1141 debeam
1110 1089 1480 1144 onmimodam
1504 1091 1811 1149 libertatem
1843 1102 1896 1148 et

331 1166 684 1225 franchiziam
715 1172 781 1227 ad
817 1177 1224 1244 ponderandum
1265 1183 1640 1240 mercaciones
1673 1200 1894 1244 eorum:

328 1259 496 1312 ceteri
547 1275 676 1316 vero
709 1265 802 1333 qui
853 1267 1102 1323 radentes
1144 1282 1271 1326 sunt
1322 1275 1654 1330 commercio
1682 1276 1897 1347 Imperii

334 1349 528 1414 nostri,
567 1352 697 1408 dare
735 1355 968 1411 debeant
996 1374 1093 1428 pro
1122 1361 1236 1429 ipsa
1264 1364 1633 1431 ponderatura
1665 1367 1718 1421 id
1751 1369 1895 1436 quod

327 1447 410 1493 est
441 1440 644 1498 decens
679 1451 976 1506 secundum
1029 1453 1435 1514 ordinacionem
1468 1467 1522 1512 et
1550 1463 1904 1517 consuetudi-

288 1559 294 1570 ι
327 1545 477 1596 nem,
517 1534 590 1588 ita
622 1539 765 1606 quod
805 1554 912 1594 non
945 1543 1118 1612 possit
1161 1545 1438 1604 occultare
1477 1563 1536 1606 se
1568 1552 1652 1606 vel
1681 1554 1897 1609 defrau-

325 1621 459 1677 dare
489 1630 845 1687 comercium.

397 1716 529 1772 Item
558 1737 679 1774 cum
731 1724 782 1777 in
819 1724 1010 1784 eodem
1052 1727 1171 1784 loco
1215 1731 1326 1786 sint
1353 1734 1587 1792 ecclesie
1617 1743 1730 1793 tres
1753 1737 1890 1793 Gre-

322 1819 532 1870 corum,
567 1825 730 1878 super
757 1815 954 1882 quibus
979 1817 1143 1873 habet
1167 1822 1536 1880 omnimodam
1570 1835 1888 1895 p0testatem

325 1901 702 1958 sanctissimus
751 1905 1003 1964 dominus
1068 1913 1339 1978 generalis
1405 1917 1738 1986 patriarcha,
1800 1920 1894 1974 de-

327 1988 490 2045 beant
542 1994 682 2062 ipsas
711 1997 975 2056 ecclesias
1035 2001 1237 2061 habere
1264 2008 1578 2066 sacerdotes
1623 2009 1801 2076 (ἐκεῖ,
1837 2021 1892 2066 ει

326 2093 547 2137 catttare
578 2095 632 2140 et
658 2087 940 2145 celebrare
986 2092 1038 2147 in
1069 2094 1220 2163 ipsis,
1262 2098 1405 2166 quod
1439 2113 1536 2168 per
1564 2099 1740 2169 ipsum
1768 2116 1892 2155 san-

321 2170 625 2228 ctissimum
676 2178 953 2235 dominum
1013 2186 1383 2254 patriarcham
1432 2190 1739 2258 generalem
1798 2206 1894 2246 an-

319 2263 524 2318 nuatim
561 2265 721 2324 fuerit
753 2271 1087 2331 ordinatum.
1345 2273 1358 2280 ’

387 2353 518 2410 Item
546 2358 692 2426 quod
736 2375 946 2427 omnes,
976 2364 1068 2433 qui
1105 2368 1406 2422 secundum
1453 2371 1738 2426 veritatem
1771 2371 1892 2430 fue-

316 2444 426 2499 rint
472 2446 777 2508 Janueuses
800 2465 854 2508 et
883 2455 976 2524 qui
1010 2459 1384 2514 nominabitur
1404 2470 1458 2516 et
1493 2466 1763 2520 tenebitur
1793 2467 1884 2522 Ja-

315 2538 561 2602 nuensis,
605 2555 727 2596 esse
773 2545 968 2601 debeat
1005 2547 1106 2602 sub
1143 2551 1394 2607 exaruine
1443 2554 1593 2610 curie
1643 2557 1886 2626 ipsorum

311 2623 690 2696 Jauuensium,
723 2631 848 2688 licet
871 2641 1237 2706 transpositus
1255 2641 1420 2698 fuerit
1442 2645 1510 2700 ad
1529 2647 1691 2703 aliam
1710 2653 1889 2707 natio-

311 2727 462 2779 nem,
496 2716 613 2771 sive
644 2721 911 2778 masculus
945 2722 1108 2780 fuerit
1138 2729 1250 2785 sive
1287 2731 1512 2790 femina.
1546 2735 1602 2791 Si
1639 2737 1764 2795 facti
1801 2757 1890 2797 es-

310 2815 431 2860 sent
465 2806 624 2883 Gr’eci
653 2811 738 2866 vel
768 2813 992 2871 alterius
1025 2819 1280 2886 nationis,
1316 2836 1477 2890 prout
1501 2829 1546 2883 si
1567 2828 1772 2887 Grecus
1807 2837 1886 2890 vel

311 2890 484 2950 Greca
520 2897 600 2952 vel
625 2898 762 2956 alius
786 2904 874 2972 qui
914 2907 1019 2962 sub
1041 2906 1424 2977 jurisdictione
1453 2928 1639 2974 nostra
1666 2922 1774 2977 sint
1807 2925 1887 2980 vel

307 3002 432 3044 esse
459 2982 693 3047 debeant
720 2998 1032 3055 rendabiles
1055 3001 1285 3073 imperio
1310 3018 1519 3076 nostro,
1555 3012 1686 3069 licet
1709 3016 1888 3072 efIice-

310 3086 502 3133 rentur
537 3081 860 3152 Januenses,
892 3089 1126 3147 debeant
1162 3109 1283 3152 esse
1307 3099 1408 3154 sub
1431 3105 1682 3162 examine
1712 3113 1882 3177 partis
1913 3131 1954 3184 α

307 3168 522 3238 Imperii
570 3175 766 3242 nostri,
815 3194 916 3235 nec
960 3187 1415 3255 computabuntur
1447 3192 1502 3244 in
1551 3210 1779 3254 numero
1829 3213 1884 3254 el.

303 3264 646 3322 ordinatione
686 3268 987 3329 franchizie
1023 3286 1076 3331 et
1121 3277 1385 3336 libertatis
1406 3281 1781 3344 Januensium.

378 3355 509 3408 Item
537 3359 678 3425 quod
709 3364 1062 3422 concedimus
1089 3370 1230 3438 parti
1255 3370 1495 3439 ipsorum
1523 3373 1876 3438 Januensium

300 3443 477 3501 locum
511 3451 873 3512 habitacionis
909 3457 962 3511 in
997 3469 1139 3516 terra
1163 3462 1530 3530 Smirnarum,
1571 3479 1627 3524 et
1651 3481 1880 3539 permit-

302 3538 469 3594 timus
496 3542 646 3612 ipsos
674 3546 877 3606 habere
899 3550 952 3605 in
983 3553 1171 3608 eodem
1199 3553 1320 3611 loco
1349 3557 1570 3627 tugiam,
1600 3562 1878 3634 balneum,

300 3629 544 3695 fta-num,
576 3637 866 3693 ecclesiam
894 3651 948 3696 et
974 3643 1077 3697 alia
1111 3659 1216 3713 que
1245 3649 1557 3717 specilicata
1591 3665 1718 3709 sunt
1745 3673 1809 3726 pa
1823 3675 1877 3711 r-

301 3723 605 3781 ticulariter
643 3729 696 3782 in
727 3733 964 3801 capitulo
991 3736 1059 3790 de
1097 3736 1312 3808 Galata,
1344 3751 1400 3794 ut
1433 3743 1634 3798 dictum
1667 3723 1772 3802 est.

368 3815 500 3870 Item
531 3821 672 3887 quod
697 3823 1034 3882 salvabimus
1062 3837 1170 3882 tam
1194 3831 1250 3885 in
1276 3833 1411 3887 mari
1437 3849 1598 3904 quam
1626 3838 1678 3892 in
1710 3850 1874 3908 terra,

295 3905 350 3961 in
385 3908 633 3975 portibus
657 3922 710 3966 et
734 3911 929 3975 insulis
957 3933 1097 3987 quas
1121 3918 1388 3977 habemus
1425 3933 1480 3980 et
1521 3927 1756 3982 habituri
1787 3946 1879 3984 su-

294 4016 416 4056 tnus
441 4016 537 4071 per
566 4004 798 4072 gratiam
841 4009 934 4062 Dei
987 4021 1043 4064 et
1068 4010 1524 4071 intercessionem.
1547 4017 1666 4088 ejus
1717 4035 1875 4077 sanc-

293 4093 502 4154 tissime
517 4097 837 4168 ,Genitricis,
879 4116 1070 4160 omnes
1099 4103 1400 4163 Januenses
1437 4115 1582 4167 etde
1623 4114 1873 4171 districtu

288 4183 464 4242 Janue
493 4197 546 4243 et
568 4207 758 4248 omnes
787 4196 1093 4252 nominatos
1129 4195 1430 4255 Januenses
1460 4213 1512 4257 et
1543 4207 1634 4273 qui
1661 4221 1754 4274 pro
1780 4207 1874 4262 Ja-

293 4283 596 4340 nuensibus
619 4286 1028 4354 distinguuntur
1051 4290 1133 4344 vel
1168 4294 1519 4358 tenebuntur,
1549 4299 1598 4350 in
1625 4302 1870 4366 personis

289 4383 346 4424 et
379 4373 541 4429 rebus
591 4378 845 4433 omnibus
875 4395 1088 4447 eorum,
1138 4392 1192 4437 ct
1217 4383 1322 4439 hiis
1354 4385 1432 4456 (ιι)
1463 4387 1554 4456 qui
1597 4392 1870 4457 patientur

291 4465 634 4534 naufragium
688 4476 744 4523 et
796 4467 926 4524 inde
973 4475 1272 4539 evaserint,
1323 4477 1369 4528 si
1427 4478 1860 4536 testificabuntnr
1895 4480 1936 4534 D
1966 4488 2262 4550 consulum
2315 4497 2416 4555 Jan

289 4572 387 4622 per
429 4556 618 4610 literas
647 4558 942 4616 Potestatis
973 4559 1147 4616 Janue
1170 4578 1264 4618 seu
1295 4563 1588 4623 Potestatis
1616 4571 1696 4625 vel
1720 4570 1858 4626 Cou-

287 4645 424 4698 sulis
455 4645 802 4702 Ianuensium
840 4649 932 4717 qui
966 4651 1016 4703 in
1067 4652 1318 4720 partibus
1351 4651 1612 4713 Romanie
1645 4659 1858 4715 inveni-

287 4747 450 4790 cntur
478 4752 542 4792 eo
584 4747 827 4808 tempore
879 4757 987 4810 quo
1028 4743 1130 4798 hoc
1189 4747 1294 4800 tale
1345 4747 1651 4816 contigerit,
1693 4763 1744 4804 et
1768 4753 1861 4805 de-

291 4837 648 4883 monstratum
674 4828 846 4884 fuerit,
864 4847 963 4901 per
987 4834 1288 4904 hujusmodi
1322 4838 1685 4894 testimonium
1713 4842 1860 4912 lpSttS

283 4932 406 4971 esse
427 4917 725 4975 Januenses
751 4921 834 4976 vel
861 4925 928 4978 de
955 4925 1205 4980 districto
1230 4925 1401 4983 Janue
1437 4928 1520 4985 vel
1552 4933 1859 4990 nominatos

281 5020 336 5064 et
367 5011 661 5080 appellatos
689 5012 1014 5072 Januenses.
1381 5028 1384 5032 '

355 5099 490 5154 Item
521 5103 663 5170 quod
689 5101 1018 5171 Januenses,
1055 5114 1110 5162 et
1138 5109 1228 5178 qui
1259 5110 1389 5167 dicti
1423 5112 1625 5172 fuerint
1663 5127 1718 5174 et
1761 5135 1859 5175 no-

281 5189 474 5242 minati
518 5189 721 5246 fuerint
749 5191 1051 5253 Januenses
1085 5209 1143 5253 ut
1174 5215 1360 5272 supra,
1395 5205 1441 5258 si
1468 5206 1755 5278 contigerit
1790 5213 1854 5264 It-

280 5280 360 5332 eri
389 5281 469 5336 eis
499 5281 721 5338 offensio
751 5300 844 5340 seu
890 5287 1182 5359 dampnum
1219 5293 1434 5362 aliquod
1481 5295 1534 5349 in
1561 5299 1724 5355 terris
1752 5301 1857 5355 Im-

281 5371 416 5440 perii
464 5375 634 5428 nostri
665 5376 733 5431 de
779 5380 1080 5449 naufragiis
1136 5385 1582 5451 provenienlibus
1609 5391 1674 5444 ad
1709 5393 1856 5461 ipsos

279 5479 400 5518 cum
445 5465 607 5521 rebus
649 5469 908 5538 ipsorum,
936 5483 990 5528 et
1024 5475 1316 5544 dampnum
1372 5481 1519 5548 passi
1553 5481 1754 5540 fuerint
1789 5491 1854 5544 de

280 5551 413 5622 ipsis
466 5559 626 5613 rebus
667 5573 762 5628 per
815 5560 1027 5633 aliquos
1061 5565 1333 5634 subjectos
1368 5566 1587 5640 Imperii
1655 5580 1851 5642 nostri,

335 5732 429 5803 .(u)
466 5733 602 5804 Lege
629 5737 740 5793 Iros.

2012 545 2111 613 ipsi
2145 552 2498 616 probaverint
2526 553 2578 629 ip
2609 559 2839 612 veritate
2869 569 2922 614 et
2943 561 3254 628 juraveriut
3277 565 3332 618 in
3362 545 3586 634 preseu-
3632 631 3651 641 η

2009 636 2083 690 tia
2141 638 2357 696 illorum
2397 645 2488 712 qui
2546 653 2868 716 potestatem
2901 651 3192 708 habuerint
3228 655 3584 716 Januensium
3639 636 3648 666 ί

2009 740 2264 795 presente
2305 736 2508 791 nuncio
2565 738 2781 807 Imperii
2811 743 3004 799 nostri.
3053 745 3299 803 Probare
3355 751 3589 807 debeant

2004 820 2253 877 similiter
2306 842 2428 882 cum
2460 831 2601 886 veris
2623 832 2950 900 juramentis
2973 838 3134 893 etiam
3183 842 3274 895 alii
3304 843 3396 912 qui
3437 847 3586 900 inve-

2006 912 2224 969 nientur
2275 917 2328 970 in
2381 921 2576 976 eodem
2606 926 2889 998 naufragio
2925 930 3014 998 qui
3052 934 3326 988 evaserint
3357 938 3424 990 de
3466 939 3586 1008 ipsn

2004 1009 2246 1075 periculo
2291 1025 2548 1078 presente
2588 1018 2703 1086 ipso
2757 1022 2957 1075 nuncio
2993 1022 3204 1091 Imperii
3256 1029 3449 1092 nostri,
3494 1034 3582 1097 qui

2004 1099 2183 1156 videat
2221 1105 2370 1176 ipsos
2419 1119 2584 1167 testes
2622 1113 2830 1182 jurare,
2863 1123 2923 1166 ut
2961 1101 3123 1184 supra
3157 1119 3363 1176 dictum
3393 1134 3496 1189 est,
3531 1137 3583 1179 i-t

2001 1192 2248 1252 sufﬁcere
2278 1200 2470 1257 debeat
2499 1203 2600 1259 hoc
2629 1207 2698 1261 ad
2719 1219 3090 1268 ostensionem
3126 1223 3178 1271 et
3203 1217 3581 1284 probationem

1997 1287 2265 1350 veritatis.

2071 1379 2201 1436 Item
2264 1387 2409 1449 quod
2465 1392 2830 1458 prestabimus
2880 1409 3095 1467 semper
3151 1400 3292 1470 parti
3359 1403 3582 1460 illustris

1997 1475 2246 1530 comunis
2295 1477 2470 1535 Janue
2501 1490 2556 1535 et
2593 1484 2820 1553 singulis
2854 1483 3213 1546 Januensibus
3259 1502 3315 1546 et
3361 1494 3428 1549 de
3468 1496 3579 1551 dis-

2002 1565 2162 1620 trictu
2201 1567 2375 1624 Janue
2405 1582 2458 1626 et
2495 1572 2734 1642 illorum,
2760 1578 2851 1646 qui
2884 1577 3215 1636 tenebuntur
3262 1585 3581 1642 utJanueno

1996 1670 2106 1723 ses,
2137 1658 2443 1718 libertatem
2471 1658 2527 1718 et
2564 1663 2926 1722 franchiziam
2973 1679 3029 1726 et
3082 1671 3478 1730 immunitatem
3511 1681 3578 1734 de

1996 1757 2179 1802 cetero
2216 1763 2429 1819 semper
2457 1761 2566 1808 tam
2603 1755 2657 1809 in
2693 1757 2831 1811 mari
2859 1773 3025 1827 quam
3063 1761 3116 1816 in
3164 1774 3332 1831 terra,
3362 1767 3414 1822 in
3449 1783 3578 1838 por-

1997 1832 2142 1888 tibus
2163 1845 2217 1890 et
2257 1837 2449 1894 insulis
2478 1843 2685 1900 nostris
2719 1859 2855 1914 quas
2881 1848 3144 1908 habemus
3174 1863 3226 1908 et
3255 1832 3576 1914 habebimus

1994 1920 2094 1978 Dei
2137 1926 2515 1986 misericordia
2544 1942 2597 1987 et
2620 1948 2717 2004 per
2748 1936 3198 1998 intercessionem
3228 1948 3575 2003 sanctissime

1994 2011 2087 2070 Dei
2114 2016 2438 2086 Genitricis,
2468 2021 2542 2078 ita
2573 2026 2714 2095 quod
2747 2041 2934 2084 omnes
2965 2027 3264 2090 .Iauuenses
3286 2047 3340 2090 et
3369 2040 3433 2093 de
3466 2040 3576 2094 ἀίε-

1946 2172 1951 2176 ι
1995 2106 2154 2161 trictu
2192 2108 2372 2167 Janue
2420 2122 2476 2169 et
2516 2116 2608 2184 qui
2653 2124 2907 2174 tenentur
2936 2118 3233 2180 Januenses
3263 2127 3372 2183 sint
3401 2128 3570 2184 frenei

1992 2207 2046 2252 et
2105 2198 2288 2264 liberi.
2347 2203 2515 2260 nichil
2581 2207 2854 2267 solventes
2907 2212 2960 2266 in
3004 2224 3116 2270 tota
3166 2226 3308 2272 terra
3340 2219 3573 2291 Imperii

1993 2287 2161 2341 nostri
2211 2304 2310 2357 pro
2340 2296 2612 2352 cornercio
2645 2313 2745 2355 nec
2781 2317 2947 2358 causa
2983 2305 3214 2376 alicujus
3245 2312 3568 2373 exactlonis.

1994 2375 2258 2434 intrantes
2289 2383 2540 2440 videlicet
2569 2403 2665 2456 per
2697 2400 2863 2447 totam
2912 2375 3359 2468 terramilmperii
3391 2405 3566 2457 nostri

1993 2468 2076 2521 vel
2102 2482 2360 2528 exeuntes
2391 2487 2456 2528 ex
2492 2476 2629 2546 ipsa,
2687 2485 2984 2541 vcndentes
3015 2498 3071 2542 et
3100 2502 3346 2548 ementes
3377 2503 3434 2549 et
3475 2508 3570 2550 ex-

1992 2559 2330 2618 cambiantes
2360 2566 2440 2620 vel
2461 2568 2680 2639 aliquod
2711 2575 2852 2629 aliud
2877 2581 3220 2649 negocianles
3241 2587 3414 2642 modis
3439 2603 3570 2644 con-

1992 2653 2163 2707 suetis
2193 2659 2788 2732 ntercaeionis,ipreter
2815 2667 2896 2722 sal
2934 2677 2989 2724 et
3017 2674 3323 2744 masticem,
3352 2689 3561 2736 stantes

1991 2754 2049 2800 et
2074 2749 2140 2801 de
2167 2755 2310 2802 terra
2337 2749 2391 2804 in
2435 2760 2636 2808 terram
2671 2767 2951 2824 exeuntes,
2982 2777 3079 2832 per
3117 2775 3318 2822 terram
3352 2772 3436 2826 vel
3455 2787 3563 2843 per

1993 2851 2162 2902 mare,
2181 2852 2304 2893 cum
2334 2845 2766 2916 mercacioriibus
2785 2851 2869 2905 vel
2895 2853 3012 2909 sine
3035 2861 3457 2929 meracfonibus,
3496 2869 3563 2918 ad

1989 2926 2105 2984 loca
2129 2929 2434 2988 deferentes
2458 2934 2540 2988 vel
2567 2936 2688 2992 inde
2713 2943 3060 3001 extrahentes
3091 2961 3155 3002 ex
3183 2926 3455 3019 emptione
3483 2957 3566 3008 vel

1990 3021 2098 3075 alio
2115 3021 2267 3078 lucro
2285 3035 2337 3080 et
2353 3027 2478 3082 alibi
2499 3027 2818 3099 deferentes,
2837 3039 3191 3105 personaliter
3206 3057 3298 3098 seu
3322 3046 3559 3103 realiter.

2055 3112 2188 3168 Item
2214 3115 2261 3170 si
2289 3117 2410 3186 quis
2436 3117 2733 3178 Januensis
2766 3126 2851 3180 vel
2878 3129 2968 3197 qui
3007 3138 3219 3186 tenetur
3245 3148 3300 3189 ut
3320 3135 3561 3193 Januen-

1989 3209 2066 3262 sis
2091 3210 2317 3264 solverit
2340 3211 2541 3280 aliquid
2569 3217 2652 3269 vel
2684 3218 3096 3289 dampnillcatus
3127 3226 3262 3281 foret
3298 3230 3349 3283 in
3384 3231 3562 3302 aliqua

1990 3307 2132 3353 terra
2195 3300 2435 3370 subjecta
2491 3303 2724 3376 Imperio
2785 3320 2994 3378 nostro,
3026 3324 3082 3369 et
3137 3317 3373 3374 ablatum
3417 3300 3562 3378 esset

1986 3387 2090 3444 sibi
2137 3391 2345 3446 ratione
2371 3392 2604 3450 staliana
2636 3399 2718 3452 vel
2755 3403 2997 3457 ntaxeric
3026 3415 3118 3460 aut
3147 3419 3365 3478 prepter
3397 3413 3560 3469 aliam

1986 3493 2206 3536 causam
2255 3483 2336 3538 vel
2369 3486 2586 3542 modum
2623 3501 2905 3560 operatum
2939 3495 3103 3551 fuerit
3138 3511 3328 3555 contra
3359 3505 3560 3561 dictum

1983 3565 2339 3626 franchiziam
2354 3583 2408 3629 et
2426 3575 2728 3634 libertatem
2755 3581 2994 3650 ipsorum
3017 3585 3393 3660 Januensium,
3414 3595 3557 3664 quod

1985 3659 2278 3729 Imperium
2317 3678 2558 3723 nostrum
2586 3670 2764 3729 facere
2790 3677 2983 3734 debeat
3015 3682 3266 3738 satisﬁeri
3298 3697 3352 3740 et
3379 3659 3556 3744 resti-

1987 3941 2204 3997 testatis
2230 3958 2325 3998 seu
2357 3945 2649 4004 Consulum
2672 3950 3021 4012 Januensium
3047 3960 3191 4030 quod
3223 3964 3469 4020 dederint
3492 3967 3556 4022 il-

1977 4031 2068 4088 lud
2101 4034 2189 4089 tali
2225 4039 2386 4093 modo
2425 4052 2518 4095 aut
2544 4041 2780 4099 ablatum
2821 4048 2983 4105 fuerit
3019 4054 3086 4106 ab
3115 4053 3266 4123 ipsis.

2045 4125 2178 4182 Item
2228 4131 2375 4200 quod
2423 4147 2526 4187 rion
2559 4137 2801 4203 recipere
2843 4141 3036 4197 debeat
3069 4147 3137 4201 de
3167 4158 3350 4204 cetero
3380 4149 3553 4220 Impe-

1975 4217 2113 4272 rium
2145 4230 2390 4278 nostrum
2429 4224 2662 4294 aliquem
2703 4228 3032 4288 Januensem
3080 4239 3161 4292 vel
3198 4240 3266 4294 de
3299 4217 3546 4301 districti:

1971 4308 2143 4368 Janue
2177 4314 2230 4368 in
2262 4319 2574 4385 vassallum,
2607 4323 2677 4376 ita
2711 4327 2850 4394 quod
2884 4331 3156 4385 eximatur
3188 4345 3243 4388 et
3282 4351 3391 4392 non
3427 4355 3548 4395 esse

1972 4401 2296 4460 debeatsub
2333 4412 2587 4468 examine
2621 4425 2677 4469 et
2721 4418 3103 4486 jurisdictione
3136 4424 3424 4484 Potestatis
3463 4437 3547 4485 νυι

2425 4506 2694 4570 uensium,
2744 4513 2834 4564 sed
2870 4513 3063 4568 debeat
3103 4518 3212 4581 ipse
3249 4521 3371 4575 talis
3400 4523 3546 4592 judi-

1965 4585 2080 4638 cari
2138 4601 2234 4656 per
2297 4589 2445 4660 ipsos
2484 4606 2642 4664 prout
2681 4603 2844 4656 ceteri
2901 4607 3048 4661 cives
3097 4619 3150 4662 et
3204 4611 3541 4671 habitatores

1961 4673 2156 4734 Janue.

2039 4769 2170 4825 Item
2197 4777 2336 4843 quml
2371 4793 2471 4833 nun
2505 4781 2858 4851 impediemus
2882 4803 2980 4845 nec
3001 4792 3246 4863 impediri
3275 4796 3540 4855 faciemus

1965 4878 2063 4918 seu
2097 4866 2348 4937 impediri
2382 4878 2764 4940 permittemus
2798 4881 2850 4935 in
2884 4891 2994 4938 tota
3047 4894 3191 4942 terra
3219 4892 3390 4946 nostri
3439 4893 3539 4947 im-

1964 4956 2120 5020 perii,
2167 4973 2328 5028 quam
2383 4963 2641 5023 habemus
2687 4971 2840 5025 etde
2881 4976 3054 5042 gratia
3107 4976 3197 5032 Dei
3235 4979 3532 5040 Geuitricis

1962 5049 2321 5119 acquiremns,
2354 5055 2587 5126 aliquem
2615 5057 2940 5120 Januensetn
2977 5076 3032 5122 et
3059 5070 3124 5123 de
3159 5071 3408 5130 districta
3435 5075 3532 5131 Ja—

1961 5155 2064 5196 nne
2091 5155 2310 5212 propter
2363 5146 2563 5204 factum
2623 5167 2718 5208 seu
2751 5155 3007 5213 delictum
3054 5160 3138 5215 vel
3190 5162 3394 5221 furtum
3434 5183 3527 5224 seu

1960 5231 2202 5299 rapinam
2229 5235 2310 5289 vel
2351 5236 2589 5294 debitum
2615 5243 2844 5298 alterum
2878 5248 2930 5301 in
2961 5264 3193 5318 persona
3231 5255 3314 5310 vel
3347 5271 3404 5311 re
3433 5259 3531 5311 ali-

1957 5335 2084 5388 qua,
2145 5326 2239 5378 sed
2293 5320 2678 5400 unusquisque
2711 5334 3004 5396 Januensis
3049 5343 3132 5398 vel
3169 5347 3258 5415 qui
3311 5358 3527 5407 tenetur

1955 5410 2242 5472 Janucnsis
2279 5420 2378 5474 sub
2414 5422 2568 5490 culpa
2592 5425 2760 5494 ipsius
2788 5431 2877 5484 tali
2919 5434 3080 5488 modo
3113 5440 3410 5494 examinari
3433 5441 3528 5498 de.

1956 5501 2083 5557 beat
2112 5507 2209 5558 sub
2257 5512 2404 5564 curia
2452 5522 2505 5564 et
2533 5512 2916 5581 jurisdictione
2948 5520 3244 5581 Potestatis
3275 5529 3356 5584 vel
3387 5531 3531 5586 (ἰου-

1956 5596 2088 5649 sulis
2110 5595 2484 5668 Janucnsium,
2514 5615 2566 5660 et
2601 5612 2742 5676 Quod
2768 5615 3022 5681 puniatur
3055 5629 3108 5674 et
3139 5622 3326 5678 reddat
3356 5632 3531 5682 raciu-
