3966 6204
370 284 496 347 1081

1463 291 1510 352 Ν
1515 290 1661 352 OVE
1671 244 1828 352 [ΔΑΕ
1867 292 2012 353 (1οΝ
2020 291 2291 355 STl'l‘UT
2296 293 2422 352 ΙοΝ
2432 293 2542 353 ES.

3477 299 3616 366 1082

363 397 462 457 τὰς
494 395 720 464 ἀφέσεις
763 393 974 448 ἐκεῖθεν
1003 395 1114 456 τοῖς
1144 393 1440 474 χρῄζουσιν
1473 393 1554 459 οἷς
1587 396 1801 468 ἔφημεν
1831 400 1943 451 ἐνε-
1970 409 2014 461 Α
2043 399 2125 450 ότι
2162 397 2499 467 καταλόγους
2528 400 2806 467 ἐξετάζειν
2851 405 2947 458 καὶ
2994 409 3350 478 παρασκευὰς
3381 411 3617 470 ἐπινοεῖν

365 489 617 557 κειμένοις
652 489 903 558 παρέξει.

438 577 553 632 Καὶ
574 577 756 631 τοίνυν
781 576 874 631 τοῦ
909 578 1114 632 Βέκκου
1144 580 1330 644 κακῶς
1358 581 1680 651 ἐπιφυέντος
1706 585 1772 654 τῇ
1816 584 1941 639 Ἐκ-

370 667 591 737 κλησίᾳ,
629 669 722 720 καὶ
753 666 874 721 ὅλον
909 669 1052 720 κατά
1083 670 1287 740 ταύτης
1322 671 1415 724 καὶ
1453 671 1563 724 τῶν
1594 671 1766 742 ὀρθῶς
1801 675 1938 746 αὐτῇ

363 759 702 828 δεδογμένων
730 759 950 830 τὸν-τῆς
979 760 1206 831 θολερᾶς
1249 763 1563 833 ἀνατροπῆς
1600 765 1696 816 καὶ
1741 765 1942 832 συγχύο

367 867 504 914 σεως
552 851 629 904 ίδν
668 850 1057 920 ἐξεμέσαντος,
1109 852 1472 924 ἀπηλάθησαν
1521 854 1620 923 μὲν
1653 855 1816 918 εὐθὺς
1846 854 1939 908 τοῦ

365 943 607 1013 βήματος
637 943 994 1009 ἐξωσθέντες,
1048 946 1162 998 ὅσοι
1215 949 1462 1009 καὶτοῖς
1508 947 1718 999 ἐκείνου
1780 946 1939 1016 χερσὶ

369 1033 710 1104 χρησάμενοι
743 1037 838 1090 καὶ
870 1035 977 1089 ὑπὸ
999 1037 1225 1099 ταύταις
1255 1037 1578 1108 τελεσθῆναι
1610 1039 1938 1107 νομίσαντες

364 1126 516 1188 ἐντὸς
546 1127 714 1180 αὐτοῦ
770 1128 1169 1199 παρεισέδυσαν
1189 1145 1204 1160 ⁸
1259 1131 1308 1182 εί
1339 1130 1397 1184 δέ
1432 1148 1513 1193 τις
1541 1131 1650 1184 τῶν
1681 1131 1938 1186 τοιούτων

363 1222 459 1274 καὶ
485 1219 665 1273 λαθὼν
697 1221 1058 1290 ἐναπέμεινεν
1087 1221 1145 1283 ἐς
1174 1220 1332 1291 δεῦρο
1385 1223 1790 1293 κρυπτόμενος,
1843 1226 1938 1278 καὶ

363 1315 522 1384 ήμεῖς
553 1315 654 1384 μέν
681 1331 864 1383 φαμεν
894 1313 1126 1384 πρῶτοι,
1159 1312 1370 1382 φασὶ-δ’
1390 1314 1593 1384 ὁμοίως
1616 1315 1749 1385 ἡμῖν
1771 1319 1864 1368 καὶ
1888 1316 1936 1368 οί

363 1407 460 1460 νῦν
491 1409 775 1478 γενόμενοι
829 1406 948 1477 μεθ’
1001 1407 1180 1478 ἡμῶν,
1221 1407 1526 1478 ἐξωσθῆναι
1576 1409 1672 1460 καὶ
1707 1409 1937 1480 ἀπορρι-

364 1498 533 1566 φῆναι
571 1497 794 1561 τούτους
831 1498 927 1551 καὶ
958 1497 1158 1562 παντὸς
1185 1499 1443 1552 ἐκπεσεῖν
1482 1498 1627 1552 θείου
1661 1500 1754 1552 καὶ
1787 1500 1937 1570 ἱεροῦ

361 1585 876 1658 λειτουργήματος,
929 1590 1021 1643 καὶ
1083 1588 1456 1659 ἐξωσθήσεται
1508 1591 1667 1660 δῆλος
1697 1591 1936 1660 γεγονὼς

363 1679 460 1732 καὶ
493 1680 960 1750 ἀπορῤιφήσεται.
989 1681 1063 1734 Οὐ
1091 1681 1200 1754 μὴν
1221 1681 1358 1735 ἀλλά
1398 1682 1490 1736 καὶ
1533 1683 1586 1736 εί
1624 1701 1706 1746 τις
1737 1684 1794 1737 ἐν
1816 1683 1935 1736 δια-

2041 488 2243 553 ὃπλων,
2276 490 2370 543 καὶ
2401 490 2603 554 πολλάς
2635 493 2698 564 δή
2739 512 2892 560 τινας
2941 502 3032 550 καὶ
3087 499 3330 568 μεγάλας
3365 503 3612 573 ἀπαριθ-

2044 581 2166 648 μεῖν
2210 579 2356 650 ἔχειν
2387 581 2486 646 τὰς
2528 583 2787 654 δυνάμεις
2819 588 2876 640 ἐν
2907 594 3019 651 τοῖς
3051 593 3170 642 κατ’
3204 592 3412 664 ἐχθρῶν
3441 596 3618 663 ἀγῶσι

2042 673 2160 741 (καὶ
2194 674 2301 744 γάρ
2326 674 2392 728 ἂν
2428 675 2570 729 οὓτω
2602 676 2858 747 βασιλεὺς
2883 683 2993 743 τοῖς
3030 682 3130 751 μὲν
3159 685 3494 754 πολεμοῦσιν
3526 693 3620 743 ἀν-

2041 766 2423 838 τικατασταίη,
2479 769 2710 840 φοϐερὸς
2750 771 2936 835 αύττῖς
2987 774 3124 843 πρὸς
3173 776 3388 844 ἄμυναν
3439 779 3612 849 ἥκων,

2039 858 2152 920 τοῖς
2199 856 2245 911 δ’
2295 859 2560 930 ὑπηκόοις
2608 860 2772 914 δώσει
2825 861 2969 915 πάνυ
3024 881 3076 916 τι
3134 865 3378 936 θαρρεῖν,
3422 869 3618 934 μεγάλ’

2046 947 2186 1001 ἄττα
2235 949 2407 1003 ταῦτα
2450 951 2904 1022 ἐπιδεικνύμενος
2950 950 3030 1017 οἷς
3079 955 3220 1026 ὑπὲρ
3269 955 3449 1010 αὐτῶν
3501 957 3615 1031 ἔχει

2042 1040 2186 1106 μετά
2223 1038 2361 1092 Θεοῦ
2395 1041 2652 1112 χρῆσθαι)
2679 1057 2694 1072 θ
2733 1043 3021 1113 βασιλικῆς
3066 1046 3112 1098 δ’
3158 1045 3359 1114 ὁμοίως
3391 1049 3488 1101 καὶ
3524 1066 3614 1119 φῖ·-

2040 1129 2364 1201 λανθρώπου
2399 1132 2647 1205 γνώμης,
2684 1136 2810 1205 μηδ’
2849 1135 3133 1207 ὀλιγώρως
3167 1135 3276 1190 τῶν
3321 1139 3616 1195 πολιτικῶν

2039 1223 2183 1293 ἔχειν
2219 1223 2340 1292 μηδ’
2369 1225 2466 1294 ἐᾷν
2501 1225 2577 1288 ὠς
2610 1226 2770 1295 ἔτυχε
2809 1227 2978 1280 ταῦτα
3017 1228 3300 1299 φέρεσθαι,
3353 1232 3476 1300 μηδ’
3507 1233 3616 1285 οίε-

2041 1313 2164 1366 σθαι
2198 1317 2346 1368 τουτὶ
2378 1318 2616 1386 πρᾶγμα
2641 1319 2880 1390 σπουδῆς
2908 1320 3129 1390 ἥττονος
3162 1320 3331 1385 ἀξιον,
3355 1321 3490 1376 ἀλλὰ
3522 1325 3616 1376 καὶ

2040 1408 2168 1478 περὶ
2201 1408 2380 1462 αὐτῶν
2431 1410 2543 1462 δεῖν
2596 1405 2734 1464 εῖναι
2768 1412 3011 1482 νομίζειν
3065 1413 3261 1477 πολλὰς
3299 1416 3614 1486 ἐκδαπανᾷν

2039 1501 2325 1569 φροντίδας
2361 1502 2436 1565 ὡς
2460 1502 2524 1556 ἂν
2555 1503 2647 1556 καὶ
2670 1503 2870 1572 ἀριστά
2892 1521 3009 1568 πως
3031 1506 3308 1570 διοικοῖτο,
3347 1506 3610 1576 εὐνομίας

2038 1591 2314 1663 πανταχοῦ
2342 1592 2754 1665 καθισταμένης
2789 1597 3002 1651 καὶτοῦ
3032 1613 3092 1665 γε
3129 1598 3244 1650 ἴσου
3275 1599 3364 1652 καὶ
3395 1599 3608 1654 δικαίου

2038 1684 2218 1748 καλῶς
2249 1689 2360 1750 τοῖς
2391 1689 2560 1740 πᾶσιν
2593 1691 3103 1761 ἀπονενεμημένου.
3138 1693 3244 1747 Δύο
3271 1697 3379 1766 γὰρ
3403 1696 3609 1750 τούτων

361 1769 554 1837 κόνοις,
591 1770 646 1822 εῖ
681 1789 764 1835 τις
794 1774 851 1824 ἐν
885 1773 1146 1843 ἱερεῦσιν,
1181 1776 1241 1826 ὲν
1273 1775 1595 1838 ἐπισκόποις
1640 1776 1694 1827 εἴ
1723 1793 1808 1838 τις
1838 1777 1932 1842 ἐγ.
1966 1757 2008 1812 Β
2037 1777 2248 1850 καιρῶν
2281 1779 2473 1847 ὄντων,
2505 1781 2726 1852 είρήνης
2761 1757 2966 1854 δηλαδὴ
2999 1788 3093 1840 καὶ
3119 1757 3383 1857 πολέμού,
3426 1791 3520 1843 καί
3544 1805 3609 1860 γε

359 1861 638 1931 κλήμασιν
668 1863 951 1934 ἐλεγχθείη
976 1866 1062 1916 ἐπ’
1089 1865 1345 1935 ἀληθείας
1371 1867 1721 1936 ἐνισχημένος
1749 1868 1934 1920 ὁπωσ-

359 1953 582 2020 δήποτε,
612 1955 969 2026 καθαιροῦσιν
999 1955 1162 2009 αὐτὸν
1197 1957 1292 2008 κα)⁸
1321 1956 1416 2009 τοῦ
1452 1955 1665 2026 βαθμοῦ
1704 1960 1796 2010 καὶ
1831 1959 1930 2026 τῆς

356 2045 564 2111 τάξεως
597 2045 680 2116 ἐφ’
706 2043 776 2121 ἦς
817 2049 1049 2119 ἕστηκεν
1084 2048 1486 2115 ἐξελαύνουσιν,
1536 2049 1568 2120 ἢ
1605 2048 1720 2118 βίου
1770 2052 1932 2121 χάριν

360 2139 595 2210 βεϐήλου
651 2141 747 2192 καὶ
805 2141 880 2211 μή
915 2140 968 2193 τί
1001 2135 1065 2210 γε
1095 2144 1158 2212 τῇ
1205 2140 1326 2212 θείᾳ
1364 2141 1458 2194 καὶ
1511 2142 1632 2212 ἱερᾷ
1685 2141 1933 2214 τραπέζῃ

363 2231 461 2286 καὶ
488 2234 599 2294 τοῖς
629 2233 687 2284 ἐν
712 2230 886 2304 ταύτῃ
912 2234 1156 2302 φρικτοῖς
1185 2230 1512 2300 μυστηρίοις
1536 2232 1931 2301 προσήκοντος,

359 2323 392 2393 ἢ
427 2324 762 2393 χειροτονίας
795 2324 984 2376 ἕνεκεν
1015 2322 1274 2388 καθάπαξ
1309 2324 1774 2392 ἀπηγορευμένης
1813 2325 1932 2384 ταῖς

360 2416 750 2478 άποστολικαῖς
781 2416 875 2470 καὶ
902 2418 1192 2484 πατρικαῖς
1233 2415 1605 2485 παραδόσεσι·
1643 2413 1738 2466 καὶ
1780 2430 1932 2476 ουτος

358 2510 562 2580 ἥκιστα
601 2509 848 2578 οὐδαμῶς
908 2508 1236 2579 ἐκφεύξεται
1268 2510 1368 2577 τὴν
1420 2505 1598 2576 δίκην,
1657 2506 1726 2574 ἢν
1777 2506 1934 2560 αὐτοὶ

361 2601 484 2655 κατ’
535 2601 702 2655 αὑτοῦ
736 2601 1024 2655 ἀπόστολοι
1071 2619 1130 2654 τε
1169 2601 1285 2670 ἅμα
1322 2602 1414 2653 καὶ
1458 2600 1702 2670 Πατέρες
1735 2599 1933 2653 καθαι-

366 2691 588 2761 ροῦντες
619 2693 945 2760 ἐξήνεγκαν.

442 2784 696 2836 Ἔσονται
730 2786 827 2836 καὶ
864 2787 914 2837 οί
962 2785 1054 2837 τοῦ
1095 2786 1499 2855 πατριαρχικοῦ
1539 2787 1640 2856 μὲν
1684 2788 1742 2840 ἐν
1774 2787 1937 2857 μεθέ-

365 2871 445 2937 ξει
478 2872 762 2940 γενόμενοι
793 2873 1006 2942 θρόνου,
1042 2871 1158 2927 εἶτα
1204 2875 1392 2929 τοῦτον
1439 2879 1932 2948 παραιτησάμενοι,

364 2967 560 3035 μηκέτ’
594 2965 681 3018 ἐπ’
729 2967 892 3018 αὐτὸν
924 2966 1078 3030 αὖθις
1123 2969 1184 3021 ού
1236 2971 1336 3040 μὲν
1379 2965 1474 3024 οὖν
1505 2971 1930 3040 ἀναϐεϐηκότες,

2034 1869 2141 1922 τῶν
2175 1874 2520 1942 πραγμάτων
2573 1879 2703 1944 περὶ
2735 1875 2908 1930 ταῦτα
2952 1879 3138 1945 σαφῶς
3191 1881 3607 1952 διαιρουμένων,

2036 1962 2372 2034 ἀμφοτέροις
2405 1965 2660 2035 βασιλεὺς
2689 1968 2855 2032 ἀξίως
2882 1972 3190 2040 ἀπαντήσει
3219 2013 3234 2036 ,
3290 1974 3470 2036 καλῶς
3503 1975 3612 2026 διε-

2037 2053 2142 2108 λὼν
2163 2056 2257 2108 καὶ
2280 2056 2578 2128 παρασχὼν
2599 2058 2662 2111 τὸ
2685 2058 2979 2116 ἐπιϐάλλον
3004 2062 3286 2134 ἑκατέροις
3317 2065 3412 2118 καὶ
3439 2066 3614 2136 πρόσ-

2034 2163 2223 2215 φορον,
2261 2148 2455 2220 εἰρήνῃ
2496 2149 2596 2219 μὲν
2627 2146 2689 2202 εὖ
2721 2149 2916 2220 ἔχοντα
2963 2153 3028 2205 τὰ
3072 2152 3330 2208 πολιτικά
3369 2155 3608 2220 δεικνὺς,

2032 2243 2144 2303 τοῖς
2187 2241 2244 2295 δὲ
2283 2245 2542 2313 πολέμοις
2578 2247 2781 2318 κράτος
2821 2251 3113 2320 πόρρωθεν
3164 2253 3493 2324 μελετήσας.
3530 2257 3606 2309 Ού

2039 2333 2146 2398 μὴν
2179 2332 2313 2383 ἀλλὰ
2338 2337 2470 2402 περὶ
2513 2337 2612 2404 μὲν
2643 2338 2850 2390 τούτων
2881 2340 3088 2404 οὕτως’
3125 2344 3398 2397 ποιεῖσθαι
3425 2346 3482 2397 δὲ
3515 2349 3610 2401 καὶ

2036 2423 2295 2490 πρόνοιαν
2324 2423 2531 2494 ψυχῶν,
2567 2430 2750 2482 πᾶσαν
2788 2429 2888 2500 τὴν
2914 2432 3152 2500 σπουδὴν
3179 2437 3317 2503 πρὸς
3346 2437 3608 2504 οὐρανοὺς

2037 2511 2282 2584 θεμένων
2338 2517 2433 2568 καὶ
2482 2516 2581 2588 ζῇν
2637 2521 2778 2573 κατὰ
2830 2523 2964 2576 Θεὸν
3005 2525 3260 2591 καθάπαξ
3316 2528 3608 2598 ἑλομένων,

2036 2606 2180 2674 φημὶ
2233 2608 2428 2676 χρῆναι
2461 2609 2551 2663 τὸν
2583 2612 2646 2663 ἐκ
2676 2612 2812 2667 Θεοῦ
2857 2614 3216 2684 βασιλεύοντα
3251 2620 3421 2690 μηδὲν
3456 2623 3613 2677 ἐλατ-

2034 2715 2128 2751 τον
2159 2700 2335 2770 ἐαυτῷ
2363 2704 2638 2774 προσῆκον
2665 2703 2805 2760 εἶναι
2837 2710 3102 2779 νομίζειν,
3134 2714 3216 2767 ὅτι
3243 2715 3320 2784 μὴ
3351 2717 3443 2768 καὶ
3478 2718 3613 2786 μᾶλ-

2035 2789 2126 2844 λον
2157 2797 2553 2866 φροντιστήρια
2583 2799 2792 2852 τούτων
2841 2805 2932 2855 καὶ
2982 2805 3154 2874 σεμνὰ
3201 2809 3521 2878 καταγῶγια
3553 2814 3612 2864 ἐν

2037 2884 2376 2954 ἐπιμελείαις
2416 2889 2646 2955 τιθέναι,
2675 2895 3030 2950 συνίστασθαί
3067 2915 3126 2951 τε
3163 2900 3340 2954 ταῦτα
3373 2901 3471 2971 τὴν
3515 2905 3613 2975 ἀρ-

2035 2978 2135 3050 χὴν
2166 2981 2258 3033 καὶ
2305 2985 2678 3052 συνιστάμενα
2714 2984 2948 3055 βεϐαίως
2983 2989 3075 3041 καὶ
3113 2990 3372 3059 ἀσφαλῶς
3430 3013 3613 3065 παρα-

359 3059 441 3112 ὅτι
475 3058 601 3130 μηδ’
633 3058 812 3125 ἔξεστι
847 3057 940 3112 τοῦ
975 3059 1164 3114 λοιποῦ
1213 3063 1402 3132 ὅρκοις
1432 3061 1612 3115 αὐτῶν
1657 3059 1931 3148 ἀκαταλύ-
1957 3094 2001 3155 C
2038 3071 2243 3139 μένειν.
2271 3071 2424 3134 Τίνος
2456 3072 2517 3145 δὴ
2546 3073 2710 3144 χάριν
2732 3094 2746 3144 ;
2771 3079 2945 3148 ὃτι“δὴ
2979 3082 3071 3134 καὶ
3103 3083 3150 3134 οί
3179 3057 3238 3136 ἐν
3267 3087 3378 3150 τοῖς
3401 3057 3613 3155 τούτοις

361 3167 474 3214 τοις
507 3151 604 3214 τὰς
639 3154 1003 3224 παραιτήσεις
1048 3154 1619 3224 κατασφαλισαμένων
1639 3171 1651 3185 υ
1682 3145 1792 3208 ’καὶ
1818 3155 1935 3207 δια-

363 3242 587 3311 μενοῦσι
609 3243 791 3298 τοίνυν
823 3245 985 3315 μέχρι
1019 3245 1224 3308 παντὸς
1251 3245 1385 3297 αὐτὸ
1410 3245 1475 3316 δὴ
1508 3246 1667 3298 τοῦτο
1690 3247 1751 3299 τὸ
1775 3244 1934 3310 δόξαν

360 3333 528 3398 οὕτως
561 3336 744 3399 αὐτοῖς
775 3335 1067 3405 τηροῦντες
1102 3337 1196 3390 καὶ
1230 3336 1649 3408 περισώζοντες.

433 3428 514 3480 Τὰ
559 3427 614 3480 δέ
667 3443 730 3496 γε
777 3427 878 3495 τῆς
930 3428 1053 3480 καθ’
1082 3429 1231 3499 ἡμᾶς
1275 3428 1624 3502 Ἐκκλησίας,
1657 3432 1826 3502 αὐτῆς
1869 3431 1934 3504 δὴ

360 3524 504 3592 λέγω
537 3524 740 3595 ταύτης
791 3523 891 3594 τῆς
942 3523 1236 3596 καθολικῆς
1285 3541 1345 3578 τε
1393 3530 1487 3579 καὶ
1540 3527 1931 3600 ἀποστολικῆς,

360 3615 644 3685 ἀκραιφνῆ
675 3613 942 3684 δόγματα,
981 3615 1058 3678 ῶς
1084 3615 1142 3667 ἐν
1173 3615 1525 3684 Εὐαγγελίοις
1558 3616 1762 3687 δηλαδὴ
1791 3633 1935 3684 παρ-

361 3705 628 3776 ελάϐομεν
670 3710 763 3759 καί
811 3706 862 3760 οί
903 3705 1195 3760 ἀπόστολοι
1232 3708 1536 3778 παρέδοσαν
1579 3709 1710 3779 ήμῖν
1750 3711 1843 3762 καὶ
1880 3711 1931 3762 οί

366 3800 608 3871 Πατέρες
643 3796 939 3868 ἐκήρυξαν,
979 3799 1075 3852 καὶ
1117 3799 1534 3872 ἀνεκηρύξαμεν
1584 3801 1797 3875 μεγάλῃ
1838 3803 1935 3856 καὶ

361 3890 594 3961 λαμπρᾷ
620 3891 684 3960 τῇ
715 3891 890 3960 φωνῇ,
920 3893 1015 3943 καὶ
1037 3890 1492 3962 ἐκραταιώσαμεν
1518 3893 1797 3962 ἀσφαλῶς,
1823 3895 1934 3946 πᾶν

367 3981 519 4033 νόθον
580 3979 991 4050 παρεισφθαρέν
1032 3980 1218 4042 αὐτοῖς
1268 3981 1555 4034 ἐπίϐουλον
1599 3983 1778 4053 δόγμα
1837 3983 1933 4036 καὶ

365 4070 561 4142 ἐχθρὸν
617 4072 714 4123 καὶ
763 4070 1025 4140 πολέμιον
1079 4071 1479 4138 καταϐαλόντες
1527 4075 1792 4142 γενναίως
1841 4077 1936 4130 καὶ

363 4159 760 4230 ἀπωσάμενοι,
829 4161 926 4213 καὶ
958 4159 1053 4212 νῦν
1085 4159 1242 4224 αὖθις
1282 4162 1373 4216 τὸν
1435 4164 1551 4218 ίσον
1585 4165 1785 4234 τρόπον
1839 4166 1934 4219 καὶ

365 4251 781 4322 κραταιὼσομεν
820 4253 911 4305 καὶ
946 4251 1384 4322 ἀνακηρύξομεν.
1440 4255 1552 4308 Καὶ
1605 4258 1667 4308 τὸ
1709 4257 1934 4325 γεγονὸς

364 4337 571 4396 ἐσεῖταί
611 4344 776 4397 πάλιν
815 4345 1204 4414 γεγενημένον,
1255 4347 1350 4398 καὶ
1400 4347 1558 4400 πάντ’
1607 4346 1760 4401 ἔσται
1794 4350 1935 4403 καθὰ

362 4437 426 4505 δη
479 4436 574 4490 καὶ
614 4435 886 4502 λέλεκταί,
922 4439 991 4489 τὶι
1043 4439 1142 4508 μὲν
1175 4437 1273 4490 καὶ
1303 4436 1363 4502 ἐξ
1398 4438 1573 4509 ἀρχῆς
1619 4440 1782 4504 εὐθὺς
1836 4444 1931 4494 καὶ
1966 4462 2007 4517 υ

365 4529 496 4596 πρὶν
530 4527 563 4597 ἢ
591 4526 735 4597 ὑμᾶς
770 4528 1073 4598 έκζητῆσαι
1119 4525 1296 4597 ὀρθῶς
1331 4530 1425 4580 καὶ
1469 4529 1650 4593 καλῶς
1692 4530 1936 4601 πραξάν-

360 4637 470 4673 των
493 4621 649 4689 ἡμῶν
676 4623 770 4674 καὶ
797 4619 1158 4684 τελεσάντων,
1187 4619 1255 4672 τὰ
1295 4619 1352 4673 δὲ
1386 4621 1481 4673 καὶ
1511 4620 1607 4674 νῦν
1646 4621 1801 4692 ὑμῶν
1832 4623 1934 4693 χά-

364 4729 452 4782 ριν
485 4711 579 4764 κα)⁴
602 4711 699 4780 τῆς
725 4711 912 4780 κοινῆς
938 4711 1123 4764 ἕνεκεν
1151 4711 1376 4784 εἰρήνης
1405 4712 1516 4766 δεῖν
1541 4714 1932 4784 ἐπεγνωκότων

363 4806 459 4856 καὶ
491 4803 790 4873 ὑποστῆναι
826 4807 920 4856 καὶ
954 4803 1180 4872 πρᾶξαι.

361 4934 602 4991 XXXIII.
629 4935 766 5003 Imp.
792 4937 1082 4991 Andronici
1106 4938 1328 4992 senioris
1353 4955 1514 4994 aurea
1544 4939 1690 4996 bulla
1716 4943 1779 4996 de
1813 4959 1936 4998 con-

389 5007 673 5076 jungendis
709 5011 1040 5062 monasteriis
1076 5009 1274 5063 Galem‘
1301 5019 1350 5063 ει
1374 5009 1431 5065 S.
1460 5010 1894 5068 Βειιιννεοιὶωιὶε.

361 5120 536 5189 Λόγος
567 5120 961 5192 χρυσόϐουλλος
1009 5124 1102 5175 ἐπὶ
1131 5126 1198 5194 τῇ
1231 5123 1421 5177 ἐνώτει
1461 5128 1560 5197 τῆς
1595 5129 1655 5182 ἐν
1704 5129 1781 5200 τῷ
1830 5131 1936 5184 Γα-

435 5216 610 5285 λησίῳ
645 5214 814 5284 μονῆς
866 5215 960 5269 καὶ
1007 5215 1106 5285 τῆς
1157 5215 1315 5286 ἁγίας
1357 5216 1757 5288 Ἀναστάσεως,
1788 5221 1928 5277 ῶστε

430 5309 524 5362 τοῦ
565 5307 754 5359 λοιποῦ
793 5306 868 5378 μὴ
907 5307 1021 5374 δύο,
1047 5308 1187 5362 ἀλλά
1234 5310 1363 5378 μίαν
1405 5311 1612 5375 ταύτας
1659 5311 1800 5368 εἶναι
1837 5318 1932 5371 καὶ

333 5453 336 5456 ,
432 5397 523 5467 ὑφ’
555 5399 634 5452 ἐνὶ
667 5399 926 5468 τετάχθαι
953 5401 1048 5452 καὶ
1083 5401 1313 5468 ἄγεσθαι
1351 5403 1768 5475 καθηγουμένῳ.

435 5536 733 5608 Βασιλικῆς
765 5536 822 5590 δέ
855 5536 963 5607 ἀρα
995 5537 1094 5590 καὶ
1126 5535 1362 5606 σπουδῆς
1395 5537 1794 5611 ἐπαινουμένης
1840 5545 1934 5599 καὶ

362 5624 542 5687 καλῶς
604 5625 835 5695 ἐχούσης
892 5627 1230 5697 προθέσεως,
1296 5630 1524 5681 κάκεῖνα
1585 5629 1684 5700 μὲν
1745 5635 1804 5685 ἐν
1848 5635 1930 5688 ὅτι

353 5716 642 5781 ,πλείστοις
667 5719 911 5774 τίθεσθαι
940 5723 1005 5790 τῇ
1037 5718 1259 5790 μελέτῃ,
1290 5723 1716 5793 στρατευμάτων
1744 5725 1930 5799 δηλον-

2033 3163 2235 3232 τρόπον
2284 3164 2344 3217 δν
2378 3166 2592 3237 ἔφημεν
2643 3172 2831 3241 κόσμῳ
2863 3173 2956 3225 καὶ
2984 3177 3096 3238 τοῖς
3137 3177 3196 3228 ἐν
3225 3179 3416 3250 κόσμῳ
3445 3183 3612 3235 πᾶσιν

2033 3254 2443 3326 ἀποταξάμενοι
2476 3259 2569 3310 καὶ
2601 3258 2719 3328 Θεῷ
2753 3262 2900 3333 μόνῳ
2930 3264 3018 3318 διὰ
3046 3265 3165 3334 βίου
3205 3271 3405 3335 παντὸς
3436 3289 3608 3342 προσ-

2033 3347 2244 3418 ανέχειν
2276 3350 3102 3425 ἐπεγνωκότες,ἐξευμενίζουσι
3159 3362 3262 3430 μὲν
3306 3365 3470 3419 αὐτὸν
3515 3369 3610 3420 καὶ

2034 3439 2192 3493 ἵλεων
2215 3441 2345 3511 ἡμῖν
2383 3443 2788 3512 ἀπεργάζονται
2822 3444 2945 3510 ταῖς
2969 3449 3222 3515 ἱκεσίαις,
3257 3455 3611 3522 παρασκευά-

2035 3531 2187 3594 ζουσι
2219 3532 2275 3585 δὲ
2307 3533 2404 3587 καὶ
2448 3537 2608 3606 χεῖρα
2657 3535 2914 3616 βοηθείας
2943 3539 3042 3611 τὴν
3077 3547 3347 3614 κραταιὰν
3391 3547 3608 3616 ὀρέγειν

2035 3623 2128 3677 ἐπὶ
2160 3627 2270 3688 τοῖς
2307 3625 2432 3680 καθ’
2460 3629 2612 3698 ἡμᾶς
2655 3631 2790 3685 πᾶσι
2824 3634 3136 3705 πράγμασι.
3173 3637 3448 3706 Καὶγοῧν
3494 3641 3608 3694 ἔστι

2034 3720 2194 3770 παντὶ
2227 3717 2305 3787 τῷ
2337 3719 2517 3785 καλῶς
2566 3725 2926 3796 σκοπουμένῳ
2971 3728 3174 3799 καὶ,τῷ
3206 3747 3270 3798 γε
3321 3731 3608 3804 δυναμένῳ

2038 3809 2279 3882 συνετῶς
2307 3812 2517 3882 κρίνειν
2544 3814 2722 3868 έκεῖνο
2750 3815 2816 3886 δὴ
2865 3820 2956 3871 καὶ
3000 3817 3200 3886 λέγειν,
3251 3821 3326 3876 ὠ;
3378 3823 3477 3878 ὅσα
3523 3842 3605 3887 τις

2033 3901 2216 3972 φέρων
2267 3905 2452 3966 αὐτοῖς
2509 3908 2783 3976 σεμνείοις
2830 3911 3095 3980 θεοφιλῶς
3145 3915 3456 3986 ἀνατίθησι,
3495 3918 3606 3972 τῶν

2033 3990 2206 4062 ταύτῃ
2236 4009 2316 4046 τοι
2345 3993 2496 4062 βιοῦν
2521 3999 2862 4069 αἱρουμένων
2886 4001 2982 4062 τὰς
3012 4008 3328 4073 σωματικὰς
3356 4009 3606 4077 ἀνάγκας

2033 4080 2231 4136 ὡσανεὶ
2275 4084 2368 4138 τὸν
2401 4087 2605 4159 τρόπον
2633 4089 2824 4143 τοῦτον
2871 4097 3368 4166 παραμυθούμενος
3415 4103 3507 4154 καί
3543 4120 3605 4171 γε

2034 4175 2290 4246 χορηγῶν
2329 4177 2627 4248 πράγματα
2679 4178 2820 4253 [καὶ]
2865 4186 3148 4256 κτήματα,
3178 4183 3252 4242 ὧν
3287 4193 3382 4244 καὶ
3418 4195 3606 4262 σφίσιν

2035 4269 2218 4332 αὐτοῖς
2284 4269 2372 4326 διά
2427 4271 2525 4342 τῆν
2585 4272 2955 4346 φθειρομένην
3012 4278 3158 4350 ζωήν
3223 4285 3602 4354 ἀπαραίτητος

2037 4360 2215 4429 χρεία,
2250 4359 2411 4414 πλέον
2443 4363 2814 4432 συμϐάλλεται
2857 4368 2951 4419 καὶ¹
2995 4370 3169 4440 ῥοπὴν
3200 4373 3293 4425 ἐπὶ
3324 4377 3384 4426 τὸ
3424 4379 3604 4444 κρεῖτο

2035 4468 2127 4503 τον
2157 4453 2277 4514 ταῖς
2309 4456 2520 4516 κοιναῖς
2553 4455 2734 4510 δίδωσι
2764 4461 3126 4527 συντελείαις,
3161 4463 3193 4532 ἢ
3223 4465 3310 4516 ἐπ.
3336 4468 3444 4528 τοῖς
3469 4468 3606 4523 κατὰ

2036 4541 2243 4612 κόσμον
2304 4543 2606 4599 λυσιτελεῖν
2660 4547 2929 4615 δοκοῦσιν,
2989 4555 3035 4604 εὶ
3099 4554 3272 4608 ταῦτα
3341 4557 3604 4628 ἐτύγχανε

2037 4635 2410 4704 συνεισφέρων
2446 4638 2540 4690 καὶ
2576 4640 2911 4707 προστιθείς.
2942 4641 3125 4710 Χωρὶς
3158 4645 3212 4697 δὲ
3249 4649 3452 4700 τούτων
3491 4648 3605 4718 ἔχει

2037 4742 2087 4776 τι
2115 4728 2210 4781 καὶ
2242 4727 2428 4795 κέρδος
2459 4727 2712 4798 βασιλεὺς
2746 4732 2876 4785 ίδιον
2907 4735 3003 4804 τῆς
3040 4736 3206 4806 καλῆς
3241 4739 3444 4809 ταύτης
3473 4759 3604 4810 προ-

2034 4817 2298 4885 αιρέσεως
2334 4818 2542 4873 ἕνεκεν.
2569 4822 2630 4874 EE
2659 4823 2767 4894 γὰρ
2793 4825 2977 4890 αὐτοῖς
3009 4827 3072 4898 δὴ
3096 4828 3300 4892 τούτοις
3325 4834 3435 4895 τοῖς
3464 4833 3604 4904 ὑπὲρ

2035 4906 2134 4974 τὴν
2160 4907 2311 4958 κάτω
2345 4909 2656 4978 γενομένοις
2699 4913 2832 4983 ῦλην
2865 4918 2959 4968 καὶ
2989 4917 3099 4970 τῶν
3139 4924 3310 4990 χαμαὶ
3339 4928 3602 4994 πραγμάο

2036 5014 2143 5050 των
2185 5003 2501 5068 συρομένων
2532 5003 2918 5060 ἀποσπάσασιν
2951 5009 3176 5075 ἑαυτοὺς
3202 5015 3293 5066 καὶ
3322 5015 3462 5078 ὅλοις
3495 5017 3604 5071 ἀνω

2035 5105 2096 5157 γε
2126 5093 2512 5160 πορευομένοις
2539 5096 2847 5165 συναίροιτο
2877 5101 2970 5152 καὶ
3003 5107 3398 5172 συνεφάπτοιτο
3439 5127 3604 5163 σπου-

2035 5181 2130 5250 δῆς
2153 5184 2248 5234 κα)⁵
2274 5187 2360 5237 τὸν
2384 5185 2547 5239 καλὸν
2569 5187 2753 5247 αὐτοῖς
2779 5191 3092 5259 ἑξομαλίζοι
3117 5197 3337 5267 δρόμον,
3365 5201 3603 5270 γίγνοιτο

2036 5273 2101 5326 ἂν
2130 5275 2346 5338 πάντως
2393 5277 2606 5342 τούτοις
2657 5282 2754 5334 καὶ
2810 5285 3035 5354 μέτοχος
3067 5289 3176 5341 τῶν
3221 5291 3602 5361 ἀποκειμένων

2035 5365 2099 5417 ἐκ
2128 5365 2260 5417 Θεοῦ
2294 5366 2586 5437 βραϐείων,
2632 5374 2768 5442 πρὸς
2798 5375 2856 5428 ὃν
2892 5380 2983 5428 καὶ
3011 5379 3079 5432 δι’
3105 5381 3164 5433 ὂν
3197 5383 3249 5434 οῖ
3292 5401 3348 5435 τε
3382 5385 3602 5454 ἱδρῶτες

2034 5457 2130 5509 καὶ
2175 5460 2242 5511 τά
2295 5462 2686 5532 σπουδάσματα
2746 5469 2838 5523 καὶ
2875 5473 2908 5540 ἡ
2963 5471 3058 5526 τοῦ
3108 5474 3363 5545 σώματος
3417 5481 3600 5543 αὐτοῖς

2033 5549 2308 5618 τυραννὶς,
2333 5551 2588 5623 αἴσθησιν
2623 5559 2723 5626 μὲν
2757 5564 2852 5612 καὶ
2885 5564 2988 5631 τὴν
3038 5565 3159 5618 κατ’
3206 5569 3374 5638 αὐτὴν
3417 5572 3600 5625 πᾶσαν

2034 5638 2228 5710 ἡδονὴν
2257 5643 2544 5713 φυγοῦσιν,
2579 5650 2634 5712 ἐς
2662 5650 2716 5703 δὲ
2741 5655 2916 5723 ψυχὴν
2950 5661 3239 5727 στραφεῖσι
3280 5662 3374 5715 καὶ
3397 5665 3598 5728 ὑλικῶς

2033 5731 2171 5803 αὐτῇ
2204 5739 2616 5808 προσθεμένοις,
2643 5744 2715 5798 Ού
2752 5745 2861 5816 μὴν
2904 5749 3040 5808 ἀλλὰ
3072 5753 3242 5808 ταῦτα
3270 5757 3368 5823 μὲν
3402 5758 3602 5822 οὕτως.
