3934 6198
378 306 381 311 ν
410 257 545 321 ιιδτ

1590 247 2195 309 Cl‘ULlTANORUM
2246 246 2454 307 IMPP.

3516 228 3695 294 1088

382 410 383 413 η
410 376 680 430 πλείστων
728 376 826 429 καὶ
866 369 976 423 τῶν
1008 367 1425 438 ὑποδειγμάτων
1470 367 1975 437 καταφαινομένην.
2009 383 2052 438 Α
2082 367 2197 429 δεὶς
2229 365 2464 427 ἀδικίαις
2495 360 2753 416 ὁπωσοῦν
2803 356 3165 431 χαριζόμενος
3189 368 3203 383 ·
3237 352 3415 406 ἐκεῖνο
3439 351 3496 405 δὲ
3528 351 3706 421 μᾶλ-

411 471 522 524 Καὶ
564 468 629 538 δὴ
680 466 915 537 πρώτως
943 461 1169 532 ἐμαυτῷ
1202 461 1581 532 δικαιοσύνην*
1623 459 1899 527 νομοθετῶ
1927 458 1983 511 δὲ

410 560 556 613 δυοῖν
588 559 813 623 ἕνεκεν,
872 556 932 608 16
974 554 1110 624 μὲν,
1146 551 1212 604 ἵν’
1257 552 1420 615 αὐτὸς
1474 553 1544 604 τὰ
1593 550 1807 621 μεγάλα
1856 565 1987 618 κερ-

411 651 600 704 δαίνω.

483 740 618 793 Τίνα
644 738 709 809 δὴ
732 736 908 791 ταῦτα
936 751 951 803 ;
1001 733 1165 789 Δαυῖδ
1203 733 1434 787 ἄκουσον
1484 733 1672 803 σαφῶς
1697 732 1946 801 λέγοντος
1970 746 1984 759 ·

423 850 442 884 1
488 832 709 892 Δίκαιος
740 828 944 898 Κύριος
976 826 1075 879 καὶ
1120 824 1470 887 δικαιοσύνας
1510 825 1766 893 ἠγάπησε
1802 824 1919 891 (n1),
1964 839 1985 873 ι

417 924 548 985 καὶ,
587 940 605 973 1
652 921 766 973 Οὐκ
798 915 940 972 εἶδον
965 958 981 983 ,
1019 917 1155 987 φησὶ
1180 957 1197 983 ,
1232 916 1443 970 δίκαιον
1480 914 1991 985 ἐγκαταλελειμμέ-

417 1029 506 1066 νον
542 1013 643 1082 (μ),
683 1029 702 1062 ι
737 1012 859 1073 καὶ,
899 1026 917 1060 ι
953 1009 1169 1069 Δίκαιος
1217 1006 1292 1069 ὼς
1338 1006 1513 1074 φοίνιξ
1568 1006 1798 1075 ἀνθήσει
1845 1005 1942 1075 (ο),
1969 1024 1987 1058 ι

419 1103 534 1164 καὶ,
571 1118 589 1152 ι
635 1098 757 1163 Φῶς
784 1097 1029 1151 ἀνέτειλε
1097 1095 1177 1166 τῷ
1228 1095 1426 1165 δικαίῳ
1460 1094 1539 1167 (ρ)
1567 1111 1583 1128 ·
1625 1114 1643 1148 ι
1695 1096 1793 1148 καὶ
1824 1093 1997 1149 πολλά

419 1194 570 1261 λέγει
598 1191 913 1260 φιλοπόνως
941 1188 1105 1243 οἱονεὶ
1149 1191 1262 1250 τοῖς
1290 1188 1504 1259 ᾄσμασι
1546 1186 1999 1257 προσκαθήμενος

421 1287 519 1338 καὶ
564 1283 787 1353 ψάλλων
836 1282 918 1344 είς
974 1278 1349 1349 δικαιοσύνην.
1406 1280 1467 1332 El
1524 1279 1581 1331 δέ
1635 1278 1792 1331 ταῦθ’
1823 1278 1999 1341 οὕτως

2086 456 2176 508 λον
2222 454 2583 524 ἀληθέστερον
2635 451 2802 519 φάναι
2866 451 2960 503 ᾶτε
3009 438 3076 514 δὴ
3127 446 3225 499 καλ⁸
3268 441 3709 513 παραπλησίως

2090 546 2234 616 ἔχον*
2274 547 2428 599 ποῖον
2458 545 2523 616 δὴ
2551 543 2752 610 10610;
2789 543 2913 596 Ὀτι
2943 560 3009 611 γε
3038 538 3296 608 καθάπερ
3321 537 3415 589 ἐπὶ
3440 533 3536 586 τοῦ
3580 550 3708 585 πυ-

2092 638 2184 707 96;
2217 636 2250 705 ἢ
2294 636 2471 704 φωτὸς
2508 636 2610 688 οῦκ
2643 634 2790 686 ἐστιν
2829 633 3011 700 εὑρεῖν
3040 630 3119 700 τῷ
3149 628 3250 699 μέν
3280 641 3427 687 τινος
3462 620 3707 690 ἀποψυ-

2090 729 2292 800 χούσης
2317 729 2622 798 δυνάμεως,
2668 725 2748 797 τῷ
2778 724 2834 778 δέ
2880 722 3103 786 σκότους
3142 717 3466 790 μετουσίαν,
3499 714 3708 774 οὕτως

2092 817 2200 871 066'
2232 821 2291 871 ἐν
2325 818 2449 888 ἐμοὶ
2474 816 2700 886 γνώμην
2729 814 3051 887 ἐνοχλοῦσαν
3084 810 3295 865 ἄδικον.
3342 807 3405 858 Εἰ
3436 805 3499 858 δέ
3541 818 3699 855 ποτε

2094 910 2257 979 τυχὸν
2289 911 2385 961 καὶ
2406 890 2644 979 ἠδίκησα
2676 905 2918 977 ἐμαυτοῦ
2936 921 2991 957 τι
3014 903 3120 956 τῶν
3148 899 3379 954 δικαίων
3407 894 3696 965 προδοὺς,

2095 1001 2254 1054 τοῦτο
2288 1002 2448 1069 μόνον
2475 999 2729 1068 ἠδίκησα·
2764 998 2871 1051 οὐδ’
2908 994 3146 1049 ἐνταῦθα
3182 991 3282 1062 μέν
3322 984 3441 1042 οῖδα
3469 984 3703 1047 καλῶς,

2096 1094 2219 1146 ἐπεί
2250 1111 2332 1145 τοι
2365 1094 2459 1147 καὶ
2490 1090 2773 1160 πανταχοῦ
2813 1090 2985 1143 κακδν
3018 1087 3364 1160 βλάπτεσθαι
3396 1080 3705 1139 δικαιοσύ-

2098 1203 2217 1255 νην,
2250 1185 2549 1255 καθυφῆκα
2598 1186 2643 1238 δ’
2672 1181 2766 1237 οὗν
2800 1182 2858 1236 ἐν
2900 1183 3014 1245 τοῖς
3062 1180 3354 1243 τοιούτοις,
3390 1179 3459 1231 ἵν’
3493 1178 3559 1229 ἐκ
3594 1173 3702 1227 τοῦ

2073 1278 2387 1355 .περιόντος
2420 1278 2564 1347 ὑμᾶς
2604 1276 2697 1329 ἐπὶ
2728 1277 2788 1328 16
2820 1276 2886 1327 τὰ
2929 1274 3117 1327 δίκαια
3164 1272 3337 1343 τιμᾷν
3381 1269 3555 1334 ἕλξω,
3593 1268 3707 1319 καὶ

423 1376 533 1445 ἔχει
586 1373 729 1457 (ἔχει
770 1374 826 1425 δέ
880 1371 1099 1435 πάντως
1138 1371 1360 1438 οὕτως),
1420 1371 1572 1424 ἐστιν
1626 1372 1756 1425 ἀλλο
1795 1388 1850 1423 τι
1888 1372 1999 1424 τῶν

426 1467 685 1520 ἀπάντων
727 1464 762 1534 ἢ
802 1462 1004 1534 μᾶλλον
1038 1462 1178 1517 αὐτὰ
1202 1463 1268 1533 δὴ
1298 1462 1370 1515 τὰ
1393 1463 1576 1517 πάντα
1606 1460 1893 1516 συλλαϐεῖν
1922 1463 2002 1525 είς

2101 1370 2358 1439 ἀπέχοιτε
2392 1368 2719 1423 παντάπασι
2754 1368 2863 1422 τῶν
2910 1366 3236 1437 ἀλλοτρίων,
3266 1367 3396 1420 ὅταν
3425 1366 3522 1418 καὶ
3548 1362 3704 1427 περὶ

2103 1461 2171 1513 τὰ
2203 1462 2379 1513 οίκεῖα
2418 1463 2490 1531 μὴ
2527 1461 2808 1524 παντελῶς
2854 1458 3356 1531 ἀκριϐολογεῖσθαι,
3385 1455 3501 1508 ἀλλ’
3537 1452 3706 1505 εἰδέ-

426 1558 485 1609 ἓν
516 1558 611 1608 καὶ
643 1557 741 1623 τῆς
772 1553 996 1622 ἀγάπης
1041 1552 1135 1605 τοῦ
1190 1552 1326 1606 Θεοῦ
1360 1553 1557 1622 κέρδος
1602 1551 2001 1622 προτιμότερον
2102 1570 2191 1605 ναι
2220 1570 2274 1604 τι
2322 1554 2419 1605 καὶ
2452 1554 2759 1623 συγχωρεῖν
2806 1552 2865 1618 ἐξ
2918 1551 3103 1605 αὑτῶν
3145 1567 3210 1618 γε
3235 1549 3346 1603 τῶν
3376 1548 3499 1600 καθ’
3526 1545 3706 1615 ἡμᾶς

428 1649 599 1701 θεῖναι
616 1664 633 1715 ;
664 1646 774 1700 Καὶ
816 1645 926 1715 μὴν
960 1644 1137 1706 οὐδεὶς
1168 1638 1323 1714 οἶμαι
1378 1643 1488 1696 τῶν
1522 1642 1779 1696 ἁπάντων
1823 1642 1880 1703 ἐς
1913 1656 2002 1693 το-
2106 1643 2450 1712 πραγμάτων
2479 1642 2655 1712 ἔχοιτε
2682 1641 2782 1711 τὴν
2812 1641 3181 1695 διδασκαλίαν.

432 1740 621 1793 σοῦτον
651 1738 763 1791 061‘
794 1737 1056 1798 ἀπονοίας
1096 1733 1224 1788 οὔτε
1274 1736 1404 1805 περὶ
1444 1734 1577 1787 Θεὸν
1606 1733 2003 1803 ἀγνωμοσύνης
2032 1723 2079 1784 Β
2180 1736 2287 1786 K01
2335 1736 2517 1798 τοίνυν
2565 1733 2737 1797 οὕτως
2786 1734 2901 1802 ἐγὼ
2955 1736 3088 1805 περὶ
3128 1732 3463 1802 δικαιοσύνης
3506 1729 3709 1798 γνοὺς

430 1832 673 1887 οὐδέποτ’
708 1831 863 1885 ἔσται
895 1829 1083 1892 κακῶς
1127 1829 1435 1899 ἀφιγμένος
1456 1870 1472 1897 ,
1508 1827 1653 1881 ὥστε
1700 1828 1911 1882 τούτων
1941 1828 2007 1899 δὴ
2108 1824 2252 1879 οὓτω
2288 1829 2384 1878 καὶ
2414 1828 2639 1897 κρατεῖν
2670 1825 2845 1896 αὑτὴν
2875 1827 2933 1878 ὲν
2964 1826 3103 1878 πᾶσι
3127 1826 3219 1878 τδν
3241 1824 3523 1893 εἰρημένον
3549 1821 3710 1888 ’τρὸ-

433 1927 568 1995 πρδς
617 1924 831 1992 αἵρεσιν
876 1923 1085 1989 ἀμφοῖν
1132 1921 1441 1990 κειμένων,
1494 1920 1717 1989 ἀγάπης
1767 1920 2008 1990 δηλονότι
2096 1935 2213 1973 ,πον
2248 1917 2497 1987 ἐνόμισα,
2538 1918 2706 1988 ζήλου
2739 1918 2984 1988 δηλονότι
3014 1918 3149 1989 πρὸς
3182 1917 3282 1986 τὴν
3311 1916 3451 1984 ὑπὲρ
3476 1914 3710 1981 ταύτης

431 2012 570 2066 Θεοῦ
606 2013 702 2065 καὶ
751 2012 935 2078 πάσης
988 2010 1149 2077 εἴπερ
1178 2003 1292 2063 οίόν
1342 2008 1392 2061 τ’
1430 2005 1499 2081 ἦν
1548 2008 1650 2080 τῆς
1684 2009 1916 2073 κτίσεως
1953 2012 2010 2063 ὲν

431 2105 658 2174 ἐξουσία
701 2103 989 2172 γενέσθαι,
1034 2102 1233 2172 διπλῆν
1283 2101 1408 2172 ἔσχε
1455 2103 1707 2173 γνώμην,
1766 2103 1863 2156 καὶ
1912 2102 2011 2155 οὐκ

434 2198 594 2261 εὐθὺς
633 2198 726 2249 ἐπὶ
764 2189 900 2249 Θεὸν
945 2193 1186 2265 ἔδραμεν
1230 2195 1595 2265 ἀγαπητικῶς
1626 2195 2012 2265 προκαλούμε-

435 2309 526 2344 νον
556 2292 651 2343 καὶ
685 2289 981 2360 προσιόντα
1029 2288 1094 2359 δὴ
1141 2287 1335 2341 τοῦτον
1381 2288 1711 2358 βουλόμενον
1744 2290 2012 2344 εἰσποιεῖ-

436 2384 583 2438 σθαι.
618 2384 783 2435 Ὀσον
826 2381 884 2434 δέ
908 2383 1002 2434 καὶ
1032 2379 1177 2443 τοῦτ’
1204 2380 1361 2442 αὖθις
1387 2384 1553 2433 παντὶ
1582 2381 1680 2450 μέν
1708 2381 2013 2454 ἀνθρώπῳ,

438 2476 647 2546 βασιλει
715 2473 758 2526 δ’
796 2477 889 2525 ἐπί
921 2472 1121 2543 μᾶλλον
1172 2472 1250 2542 μὴ
1290 2472 1398 2525 ἀπὸ
1442 2471 1577 2525 Θεοῦ
1629 2472 2014 2541 ἐγκαταλελεῖ-

437 2566 592 2635 φθαι,
646 2563 859 2621 ἐκεῖθεν
894 2563 937 2616 δ’
970 2560 1054 2632 ἐφ’
1092 2562 1299 2616 ἅπασιν
1350 2560 1724 2632 ἐξηρτημένον
1755 2562 2016 2630 ἀσφαλῶς

438 2658 640 2711 εἰδέναι
672 2656 1069 2727 συναιρόμενον
1119 2655 1252 2709 Θεὸν
1280 2654 1463 2726 έχεινί
1515 2656 1575 2733 Et
1628 2655 1688 2709 δὲ
1737 2656 1830 2708 καὶ
1863 2657 2019 2709 ἀνθεῖ

442 2751 599 2818 μόνος
647 2748 854 2810 δίκαιος
910 2747 1020 2800 τῶν
1063 2745 1239 2801 ἄλλων
1304 2746 1523 2800 πάντων
1569 2745 2019 2817 ἀπομαραινομέ-

440 2858 571 2907 νων,
609 2839 753 2910 ἐχεις
782 2842 811 2893 6
835 2856 889 2892 11
924 2839 1123 2909 μᾶλλον
1156 2837 1318 2902 0616;
1354 2838 1744 2908 συμφερόντως
1771 2840 1877 2908 πρὸ
1902 2837 2019 2892 τοῦ-

446 2932 505 2993 δε
537 2931 632 2985 τοῦ
662 2929 833 2986 καλοῦ
862 2931 1115 3001 τιμήσεις
1145 2930 1180 3002 ἢ
1216 2929 1244 2983 ὃ
1263 2946 1326 2998 γε
1361 2929 1525 2983 πλέον
1555 2930 1652 2983 τοῦ
1679 2929 1857 2997 φωτὸς
1887 2931 2021 2998 ἀγα-

445 3029 643 3094 πήσεις
678 3023 888 3078 ἀνωθεν
917 3023 976 3088 ἐξ
997 3021 1277 3076 ἀνατολῶν
1332 3022 1541 3091 μήποτε
1572 3021 1877 3091 ιλυομένων
1905 3025 2016 3086 τοῖς

445 3117 675 3180 δικαίοις
706 3116 1097 3186 ἐγγιγνομένου
1125 3132 1139 3181 ;
1190 3114 1329 3169 Ἀλλ’
1360 3114 1462 3168 οὑκ
1492 3113 1560 3168 ἂν
1593 3114 1802 3178 εἴποιςί

530 3208 671 3260 ’Δλλ’
716 3208 854 3276 ὅπερ
888 3206 1181 3276 ἐλέγομεν,
1222 3206 1283 3259 τ“›
1326 3206 1425 3276 μὲν
1475 3204 1661 3259 αὑτῶν
1715 3207 1783 3278 δὴ
1812 3206 2022 3260 τούτων

446 3301 560 3354 τῶν
607 3299 916 3370 εἰρημένων
949 3300 1137 3352 ἕνεκεν
1169 3299 1279 3353 καὶ
1309 3297 1521 3352 πολλῶν
1580 3295 1738 3361 αὖθις
1772 3299 1868 3353 καὶ
1918 3317 2014 3369 με·

452 3393 637 3462 γάλων
666 3392 870 3463 ἐτέρων
925 3391 983 3446 έν
1029 3409 1089 3444 τε
1137 3393 1252 3455 τοῖς
1295 3391 1536 3463 παροῦσι
1586 3392 1684 3445 καὶ⁵
1735 3394 1852 3457 τοῖς
1887 3394 2024 3447 αίω-

457 3487 584 3550 νίως
631 3480 782 3539 οὖσιν
823 3485 903 3549 είς
956 3484 1149 3555 κέρδος
1214 3485 1474 3554 μέγιστον
1532 3487 1887 3556 ἐρχομένων,
1925 3486 2025 3556 τῆς

450 3577 574 3632 καθ’
607 3578 753 3648 ἡμᾶς
803 3576 977 3646 ἀρχῆς
1029 3576 1126 3629 καὶ
1158 3575 1444 3645 βασιλείας
1475 3577 1777 3646 προῖστημι
1816 3576 2025 3631 δικαιο-

453 3669 643 3739 σύνην.
679 3667 788 3722 Καὶ
816 3667 1045 3738 παρῆκα
1100 3665 1224 3721 καθ’
1253 3666 1486 3721 ἕκαστον
1535 3666 1808 3733 ἐπεξιέναι
1846 3668 1939 3723 καί
1963 3686 2026 3738 γε

450 3764 570 3825 ταῖς
632 3761 802 3831 ἱεραῖς
855 3759 1097 3831 Γραφαῖς
1164 3760 1717 3831 προτμαρτυρούσαις
1767 3762 2026 3833 χρῆσθαι,

453 3852 537 3905 ὅτι
564 3852 631 3922 δὴ
663 3852 759 3904 καὶ
788 3850 1047 3917 περιττὸν
1094 3850 1224 3912 ἴσως
1274 3850 1575 3906 ποικίλλειν
1600 3852 1729 3923 περὶ
1758 3854 1858 3917 τάς
1890 3853 2029 3907 ἀποο

452 3943 645 4005 δείξεις
682 3942 789 3995 τῶν
817 3940 1005 4011 σαφῶς
1034 3944 1144 4006 τοῖς
1170 3942 1336 3996 πᾶσιν
1356 3943 1884 4015 ἀνωμολογημένων.

527 4036 604 4089 06
634 4034 740 4107 μὴν
789 4034 929 4089 ἀλλά
982 4036 1079 4089 καὶ
1126 4034 1195 4090 δι’
1239 4036 1381 4105 ὑμᾶς
1420 4017 1628 4109 ταύτην
1686 4038 2029 4109 ἐπιτηδεύειν

453 4130 554 4200 τὴν
579 4130 781 4200 ἀρετὴν
808 4130 922 4183 δεῖν
969 4128 1164 4197 ἔγνων.
1221 4130 1377 4193 Τίνος
1408 4131 1608 4202 χάριν;
1657 4132 1773 4184 Ἵνα
1802 4132 1867 4201 δὴ
1912 4133 2031 4203 βλέ-

458 4231 653 4286 ποντες
684 4222 843 4292 ὑμεῖς
890 4222 947 4285 ἐς
987 4219 1215 4290 βασιλέα
1270 4222 1366 4274 καὶ
1418 4222 1590 4277 τύπον
1633 4224 1795 4276 οἱονεὶ
1841 4226 2032 4280 τοῦτον

458 4315 675 4384 ἔχοντες
728 4312 825 4366 τοῦ
878 4312 1050 4366 καλοῦ
1093 4314 1190 4366 καὶ
1250 4313 1581 4384 ὑπόδειγμα,
1621 4314 1876 4385 φεύγοιτε
1926 4318 2030 4388 μὲν

2113 2010 2349 2080 σπουδὴν
2392 2011 2449 2062 ἐν
2485 2009 2616 2079 ὑμῖν
2646 2009 2707 2062 06
2753 2027 2805 2062 τι
2856 2009 3061 2077 φαύλου
3100 2009 3164 2079 δὴ
3218 2008 3542 2077 γενομένου.
3580 2006 3707 2058 Καὶ

2115 2098 2261 2171 εἶχον
2320 2100 2466 2155 οὕτω
2506 2118 2568 2170 γε
2617 2102 2727 2155 τῶν
2773 2101 3024 2155 ἐλπίδων.
3080 2101 3388 2171 Ἀπήντησε
3451 2098 3512 2151 δὲ
3545 2098 3705 2149 κατά

2115 2193 2323 2256 ταύτας
2367 2194 2539 2260 οὐδὲν,
2578 2195 2659 2248 611
2697 2195 2773 2265 μὴ
2802 2195 2897 2247 καὶ
2918 2190 3104 2263 σαφῶς
3149 2195 3184 2263 ὴ
3215 2195 3377 2263 πεῖρα
3415 2190 3709 2255 διέδειξεν,

2113 2286 2188 2349 ὡς
2218 2287 2375 2342 πάντ’
2423 2288 2489 2342 ἂν
2551 2288 2816 2359 πρότερον
2871 2290 2968 2342 καὶ
3017 2288 3126 2341 τῶν
3170 2288 3472 2356 ἀμηχάνων
3519 2287 3707 2356 ῥᾷστα

2114 2381 2227 2442 τοῖς
2282 2380 2751 2450 προθυμουμένοις
2807 2379 3058 2449 γένοιτο,
3117 2380 3151 2450 ἢ
3188 2378 3507 2447 δικαιοσύνη
3563 2377 3706 2447 δρᾷν

2107 2471 2228 2536 Δἕξει
2257 2472 2320 2526 16
2348 2473 2550 2543 ἑαυτῆς
2580 2472 2777 2536 τύποις
2829 2474 3012 2544 μόνοις
3062 2473 3156 2528 καὶ
3199 2471 3571 2540 ὑποδείγμασι
3609 2473 3706 2524 καὶ

2122 2564 2196 2633 μὴ
2225 2564 2516 2635 δυναστεία
2553 2563 2919 2635 βοηθουμένη.

2190 2655 2254 2709 Τί
2286 2656 2472 2709 λοιπὸν
2503 2655 2795 2725 έντεῦθενς
2838 2657 2982 2729 Πρὸς
3013 2658 3363 2729 δικαστήριον
3399 2654 3563 2724 εἶδον,
3608 2660 3701 2711 καὶ

2119 2747 2380 2812 δικαστὰς
2407 2748 2635 2802 καθίσαι
2659 2750 2976 2820 προστάτας
3000 2749 3092 2804 τοῦ
3113 2750 3326 2802 δικαίου
3365 2750 3462 2802 καὶ
3493 2751 3696 2819 κράτος

2120 2837 2305 2892 δοῦναι
2337 2839 2526 2908 νόμοις
2559 2839 2742 2904 καλῶς
2788 2839 2958 2895 πάλαι
2995 2840 3335 2909 τεθειμένοις
3361 2879 3376 2903 ,
3408 2839 3594 2907 ἕτερός
3617 2856 3687 2907 με

2120 2930 2383 3000 λογισμὸς
2435 2929 2630 3002 εἰσῄει.
2685 2930 2797 2985 Καὶ
2843 2932 3066 3001 τίθεμαι
3108 2930 3174 3001 δὴ
3221 2936 3400 2999 τούτῳ
3428 2931 3561 2996 ,καὶ
3585 2930 3678 2996 τὴν

2048 3064 2092 3122 c
2127 3021 2281 3089 ίσχὺν
2311 3020 2574 3089 λαμπρὰν
2604 3024 2717 3085 τοῖς
2752 3007 3342 3092 δικασταῖςβραϐεύω,
3381 3021 3567 3076 καινὸν
3597 3022 3692 3090 μὶν

2122 3111 2244 3165 οἰδέ
2292 3113 2452 3167 τοῦτο
2510 3117 2620 3178 τοῖς
2674 3114 3053 3187 ἀδικουμένοις
3106 3116 3229 3169 οὐδέ
3275 3132 3339 3183 γε
3385 3116 3699 3183 πρόσφατον

2124 3204 2449 3276 ἐφευρηκὼς
2484 3207 2762 3278 βοήθημα,
2807 3208 2995 3261 καινὸν
3027 3208 3086 3261 δέ
3125 3208 3187 3261 16
3220 3207 3292 3261 τά
3338 3209 3498 3262 πάντ’
3527 3209 3700 3261 εἰπεῖν

2124 3298 2389 3352 δύνασθαι
2421 3300 2516 3353 καὶ
2544 3300 2684 3370 πρὸς
2718 3299 2868 3354 τοῦτ’
2899 3301 3072 3354 εἴκειν
3094 3300 3304 3364 πάντας
3336 3300 3435 3354 καὶ
3469 3300 3547 3373 μὴ
3582 3300 3700 3371 βου-

2123 3389 2418 3459 λομένους,
2476 3392 2709 3463 μικροὺς
2747 3392 2843 3445 καὶ
2898 3392 3140 3460 μείζους,
3194 3392 3703 3464 ὑψηλοτέρουςκσὶ

2124 3484 2561 3552 ταπεινοτέρους,
2594 3484 2722 3547 τοὺς
2743 3484 2841 3546 τῆς
2872 3484 2987 3539 ἀνω
3011 3498 3076 3551 γε
3101 3484 3195 3536 καὶ
3226 3483 3451 3553 πρώτης
3479 3484 3701 3554 μοίρας.

2124 3576 2251 3638 τοὺς
2280 3574 2520 3643 καθεξῆς
2544 3574 2814 3640 ἅπαντας,
2848 3577 2963 3630 ἴσον
2987 3572 3147 3643 λόγον
3170 3575 3397 3645 ἔχοντας
3422 3578 3538 3635 τοῖς
3569 3578 3702 3646 ἡμε-

2125 3662 2317 3736 τέροις
2344 3669 2704 3738 προσανέχειν
2736 3666 2995 3736 ἀσφαλῶς
3030 3666 3424 3738 προστάγματι
3448 3708 3463 3734 ,
3498 3667 3596 3721 καὶ
3628 3670 3703 3738 μὴ

2126 3759 2306 3813 δοκεῖν
2328 3777 2477 3825 τινος
2499 3761 2785 3833 ὀλιγωρεῖν
2819 3756 2894 3816 ὧν
2919 3762 2984 3816 ἂν
3005 3761 3099 3814 ἐπὶ
3119 3762 3216 3824 τὰς
3243 3761 3457 3833 κρίσεις
3497 3763 3703 3832 ἀγομέ·

2128 3868 2235 3905 νων
2259 3850 2463 3906 τούτων
2493 3854 2540 3906 οί
2567 3853 2818 3909 δικασταὶ
2862 3852 3210 3925 ψηφίσαιντο,
3244 3854 3276 3924 ἢ
3317 3856 3576 3925 καθαρῶς
3614 3855 3702 3909 ἐπ’

2128 3942 2270 3995 αὐτὰ
2393 3944 2563 3997 ταῦτα
2594 3945 2664 3997 τά
2708 3945 2838 4016 παρ’
2865 3946 3019 4017 ἡμῶν
3051 3947 3360 4017 ἐντάλματα
3384 3948 3572 4017 φέρειν
3600 3948 3706 4020 τὴν

2130 4038 2546 4108 περιφρόνησιν,
2565 4037 2710 4101 εἴτις
2730 4038 2823 4091 τοῦ
2844 4038 3197 4111 δικαστηρίου
3220 4042 3695 4110 καταφρονήσειεν.

2217 4125 2310 4188 Ὠς
2356 4126 2423 4180 ἂν
2473 4127 2530 4183 δὲ
2583 4127 2680 4181 καλ⁵
2721 4127 2903 4197 πάσης
2944 4129 3201 4192 ὑπονοίας
3234 4130 3396 4199 χωρὶς
3439 4130 3512 4191 ὠς
3561 4133 3701 4201 περὶ

2131 4218 2449 4273 ἀδεκάστων
2478 4219 2585 4271 τῶν
2633 4218 2831 4290 ψήφων
2865 4219 2941 4291 μὴ
2988 4220 3188 4292 διπλῆν
3216 4221 3323 4292 ἔχοι
3360 4239 3443 4285 τις
3469 4222 3700 4290 γνῶσιν,

2132 4308 2240 4360 ἔδει
2284 4310 2579 4363 καὶταῦτα
2612 4313 3004 4383 προνοηθῆναι,
3036 4315 3132 4366 καὶ
3162 4313 3537 4385 προνενόηται.
3578 4315 3704 4369 Διτ-

460 4406 561 4473 τὴν
594 4403 832 4467 ἀδικίαν,
869 4402 1243 4473 μεταδιώκητε
1269 4402 1325 4456 δὲ
1355 4405 1730 4476 δικαιοσύνην,
1762 4408 1941 4463 ἐκεῖνό
1967 4425 2031 4477 γε
2064 4402 2107 4455 ι)
2136 4401 2232 4468 τῆς
2279 4401 2387 4471 γὰρ
2422 4400 2591 4471 οὔσης
2621 4404 2719 4473 τῆς
2756 4406 2939 4489 atria;
2984 4404 3043 4469 ἐξ
3088 4400 3156 4477 ἧς
3198 4407 3326 4477 περὶ
3357 4404 3698 4476 δικαιοσύνην

463 4496 643 4559 καλῶς
673 4495 875 4559 εἰδότες
896 4534 912 4562 ,
942 4494 1017 4559 ὡς
1060 4495 1282 4567 ὅσῳπερ
1317 4495 1383 4549 ἂν
1436 4496 1597 4551 πλέον
1630 4499 1911 4569 μετέχοιτε
1940 4502 2034 4555 τοῦ

460 4586 687 4656 τρόπου,
722 4588 964 4657 τοσούτῳ
1017 4587 1111 4639 καὶ
1159 4586 1237 4655 τῷ
1272 4586 1526 4657 ἡμετέρῳ
1556 4589 1749 4659 κράτει
1778 4591 2035 4660 πράξοιτε

466 4679 863 4749 κεχαρισμένα,
892 4679 1052 4750 εἴπερ
1095 4679 1226 4735 ἀλλο
1262 4696 1315 4731 τι
1344 4680 1455 4732 τῶν
1485 4680 1704 4734 πάντων
1735 4681 1895 4736 τοῦτο
1929 4684 2037 4754 πρὸ

465 4769 665 4832 παντὸς
693 4754 882 4839 ἐτέρου
916 4769 1047 4840 παρ’
1077 4769 1230 4839 ὑμῶν
1260 4769 1611 4837 ἀπαιτοῦντι,
1633 4772 1733 4841 τὴν
1752 4773 2033 4843 εὐνομίαν.

478 4862 676 4931 Ὁρᾶτε
706 4860 817 4932 γὰρ
846 4861 1088 4927 πάντως,
1129 4858 1241 4923 οἶος
1272 4861 1380 4931 ἐγὼ
1416 4862 1545 4933 περὶ
1575 4863 1720 4932 ὑμᾶς
1761 4866 1883 4931 (σὺν
1915 4866 2035 4935 Θεῷ

466 4951 510 5004 δ’
539 4953 799 5024 είρήσθω)
836 4952 1066 5018 πάντας,
1102 4951 1198 5004 καὶ
1229 4953 1353 5015 τοὺς
1388 4952 1604 5005 πώποτε
1636 4954 2037 5025 γεγενημένους

469 5042 734 5114 βασιλεῖς,
791 5042 1172 5105 τοὺς⁶αὑτοὺς
1220 5041 1319 5094 καὶ
1370 5042 1720 5112 δικαιοσύνης
1776 5043 2035 5113 ἐραστάς,

467 5137 627 5205 εἴπερ
674 5150 758 5197 τις
809 5133 907 5205 τὴν
937 5131 1165 5203 γνώμην
1218 5131 1422 5202 ταύτην
1461 5131 1928 5202 ὑπερϐαλόμενος.
1962 5134 2037 5187 O6

467 5230 576 5298 γὰρ
610 5225 934 5295 ἐπεθύμησά
977 5241 1107 5277 ποτε
1146 5223 1303 5294 (ἀλλά
1333 5223 1384 5276 τί
1414 5223 1519 5293 χρὴ
1547 5221 1726 5291 λέγειν
1757 5225 1886 5293 περὶ
1914 5227 2035 5297 ἐπι-

469 5302 714 5389 Cupio!“
754 5319 812 5370 οὐ
846 5318 944 5387 μὲν
993 5315 1086 5369 οὖν
1138 5316 1450 5385 ἠνεσχόμην
1494 5314 1604 5367 οὐδ’
1634 5316 1728 5365 επὶ
1774 5315 1899 5367 νοῦν
1946 5316 2041 5386 βα·

471 5409 701 5479 λέσθαι),
734 5410 864 5463 ἀλλὰ
892 5408 987 5463 καὶ
1017 5408 1161 5460 τοῦτ’
1194 5409 1338 5477 ἐρεῖν
1369 5409 1395 5460 ὁ
1421 5408 1576 5475 λόγος
1626 5407 1832 5475 ἥκιστα
1871 5424 2041 5463 κατα-

469 5504 704 5573 δέχεται,
727 5502 838 5555 066‘
875 5502 947 5564 ὡς
979 5500 1077 5554 οῦκ
1113 5500 1330 5570 ἐγένετό
1386 5517 1476 5570 μοι
1522 5500 1787 5569 λογισμὸς
1835 5517 1919 5563 τις
1953 5504 2040 5554 οὐ·

540 5619 634 5683 (m)
668 5616 807 5668 P-nl.
845 5632 897 5677 Χ,
929 5615 981 5668 8.

542 5693 619 5755 (11)
653 5687 791 5739 l’s.1l.
824 5702 1004 5751 xum,
1031 5685 1120 5739 ‘25.

2138 4492 2547 4561 ἁμαρτάνουσιν
2576 4496 2625 4547 οί
2653 4500 2752 4565 τὴν
2783 4495 2952 4563 αὐτῆς
2986 4495 3215 4566 ζήτησιν
3236 4497 3699 4566 ἐπιτετραμμένοι

2140 4583 2194 4651 (ἢ
2224 4586 2331 4654 γὰρ
2363 4586 2559 4657 ἀγνοίᾳ
2603 4586 2711 4640 τῶν
2752 4587 2979 4642 δικαίων
3010 4587 3106 4641 τοῦ
3136 4590 3346 4652 είκότος
3377 4590 3639 4653 ἐνέλιπον,
3668 4591 3700 4659 ἦ

2139 4675 2332 4747 γνώμῃ
2388 4679 2568 4750 φαύλῃ
2617 4678 2677 4731 τὸ
2716 4680 2900 4743 καλῶς
2956 4682 3243 4751 παραστάν
3306 4682 3703 4751 προδεδωκότες

2138 4767 2449 4839 ἀπῄεσαν),
2516 4772 2743 4834 εἰκότως
2807 4772 2970 4841 ἡμεῖς
3028 4772 3123 4824 καὶ
3182 4774 3572 4843 ἀμφοτέρωθεν
3626 4776 3701 4848 μὴ

2140 4858 2479 4927 πλημμελεῖς
2502 4853 2642 4912 εἶναι
2667 4861 2792 4924 τοὺς
2820 4862 3081 4925 δικαστὰς
3115 4866 3258 4916 πάνυ
3289 4865 3388 4934 μὲν
3415 4864 3509 4917 οῦν
3531 4867 3701 4935 00190-

2140 4942 2249 5008 λεῖς
2306 4948 2672 5016 ἐτηρήσαμεν.
2723 4947 2877 5003 Οὕτω
2920 4954 3027 5020 γὰρ
3075 4952 3272 5014 06106;
3310 4953 3563 5022 ἀρίστους
3613 4956 3704 5008 ἐπὶ

2144 5039 2276 5090 πᾶςι
2311 5039 2553 5091 συνιέναι
2582 5041 2650 5092 τά
2676 5040 2860 5092 δίκαια
2908 5042 3227 5108 ἐκλέξαντες
3261 5044 3699 5114 προὺϐαλόμεθα,

2141 5128 2215 5191 ὼς
2253 5130 2375 5197 μηδ’
2408 5131 2475 5184 ἂν
2506 5132 2585 5183 ἔτι
2626 5131 2748 5202 μηδ’
2770 5132 2952 5195 αὑτοῖς
2991 5136 3105 5196 τοῖς
3141 5134 3345 5202 σφόδρα
3378 5152 3703 5206 κατακρινο-

2146 5224 2328 5291 μένοις
2362 5223 2564 5292 μηδένα
2613 5226 2877 5294 μηδαμῶς
2909 5226 3189 5280 λείπεσθαι
3231 5228 3388 5296 λόγον
3419 5230 3705 5298 ἠδικῆσθαι

2144 5314 2604 5385 παρενοχλοῦντα,
2638 5316 2829 5387 ὅτιπερ
2860 5318 3092 5386 ἀμαθεῖς
3122 5320 3171 5371 οἱ
3195 5318 3537 5379 δικάσαντες.
3564 5321 3704 5373 Ἀλλ’

2143 5409 2192 5460 εί
2237 5408 2335 5477 μὲν
2391 5408 2592 5471 εἰδότες
2629 5409 2751 5461 ὅποι
2806 5410 2963 5477 φέρει
3015 5410 3078 5461 τὸ
3116 5409 3324 5462 δίκαιον
3359 5407 3458 5463 εἴθ’
3491 5411 3705 5476 ἑκόντες

2150 5502 2487 5570 ἡμάρτανον.
2533 5500 2813 5570 στέρξουσι
2870 5503 2996 5562 τοὺς
3050 5501 3305 5573 ἐλέγχους
3335 5503 3709 5573 ἀπογυμνοῦν-

2218 5618 2290 5685 (0)
2321 5617 2464 5670 Psal.
2502 5633 2594 5675 χιι,
2640 5618 2726 5669 12.

2218 5693 2293 5755 (ρ)
2324 5688 2465 5743 l‘sal.
2502 5703 2645 5752 Μῖνι,
2681 5690 2762 5740 Η.
