3934 6198
353 182 491 265 11213

1534 192 2137 257 crouraxoaun
2181 188 2392 257 IMPP.
2490 148 2491 151 γ

3440 186 3584 257 III"

348 323 402 366 et
432 320 616 366 tenore
652 316 767 363 rata
799 312 954 375 grata
970 313 1022 358 ct
1050 301 1202 356 firma
1244 301 1425 357 onnia
1472 312 1525 354 et
1556 300 1767 369 singula
1807 312 1910 367 que
1943 305 1983 362 Α
2015 314 2132 355 rum
2177 300 2260 353 vel
2297 298 2617 354 Venetorum
2650 296 2861 353 veniret
2890 297 2949 352 in
2976 294 3456 369 Cmtstantinopoii
3486 302 3588 353 du—

343 422 438 476 μοι’
471 406 644 474 ipsum
681 400 959 455 deminuto
992 396 1359 452 Ammiratuzu
1412 403 1468 450 et
1497 393 1912 450 aubStituendos

344 504 497 551 abeo
530 496 671 548 facta
718 500 865 559 gesta
910 499 969 543 et
1024 489 1289 558 promissa
1331 496 1384 541 et
1438 496 1651 556 recepta
1711 486 1913 540 fuerint

341 604 466 642 cum
498 587 935 656 quibuscumque
968 580 1204 635 dominis
1254 592 1607 646 quocumque
1639 578 1796 630 titulo
1827 576 1914 629 di-

341 679 565 749 gnitatis
603 678 841 731 existant
873 682 967 727 tet
1001 674 1091 742 qui
1134 670 1388 733 Obertus,
1421 669 1625 733 Itaii'us,
1662 666 1913 721 Frederi-

344 787 461 831 rus,
487 779 538 823 et
575 766 907 820 Lanfraucus
926 774 1053 817 sunt
1082 761 1364 817 substituti
1394 770 1611 815 actores
1631 766 1687 813 et
1714 771 1916 827 procu-

344 873 558 916 ratores
589 857 715 913 dicti
749 855 951 910 domini
982 853 1292 914 Ammirati.
1319 864 1442 906 cum
1470 860 1578 905 tuta
1618 859 1912 920 potestate,

343 970 506 1023 quam
531 952 647 1025 ipse
668 950 841 1004 liabet
867 964 964 1017 pro
976 943 1336 1012 supradictis,
1360 951 1547 997 tenore
1565 942 1913 996 instrumenti

347 1045 582 1118 pubbiiri
610 1042 796 1110 scripti
854 1054 1017 1093 manu
1044 1036 1252 1091 'i'Itome
1278 1034 1508 1090 Gelonis
1540 1034 1741 1087 notarii
1772 1047 1916 1097 anno

345 1136 584 1205 presenti
614 1134 700 1188 dic
731 1132 1011 1200 trigesima
1047 1127 1295 1198 Aprilis;
1330 1126 1496 1193 igitur
1524 1134 1772 1179 nostrum
1807 1123 1915 1176 Im-

345 1231 554 1299 perium
587 1242 709 1280 cum
742 1222 1004 1294 prcdictis
1030 1218 1305 1273 nobilibus
1335 1216 1483 1271 venit
1537 1218 1601 1269 ad
1635 1213 1919 1268 infrascri-

347 1336 491 1394 psam
532 1334 719 1390 pacem
764 1326 823 1370 ut
859 1314 1023 1370 infra.

423 1414 602 1467 I'rinto
630 1408 880 1466 videlicet
909 1406 1363 1476 quodtirmamus
1391 1400 1783 1455 conventione:
1819 1414 1920 1453 no-

348 1524 447 1561 vus
471 1518 527 1560 et
544 1514 779 1565 veteres,
799 1516 903 1571 quc
925 1496 1210 1553 smttinter
1238 1492 1525 1563 Imperium
1551 1501 1605 1546 et
1632 1505 1920 1546 commune

348 1600 543 1658 Janue,
599 1607 720 1647 cum
754 1588 1129 1644 reservatione
1166 1593 1374 1643 tamen.
1404 1581 1549 1651 quod
1590 1596 1691 1649 pax
1742 1591 1795 1634 et
1855 1595 1915 1634 ea

2019 404 2173 448 rante
2212 394 2578 460 dietaguerra
2606 404 2734 445 cum
2773 388 2983 445 Baiuiio
3008 388 3343 445 Venetorum
3383 392 3465 444 vel
3494 393 3594 455 ati-

2018 501 2124 556 qno
2168 484 2562 545 ambasiatore,
2598 481 2743 552 quod
2770 496 2979 537 eoeasu
3008 481 3052 537 si
3083 488 3222 539 tunc
3264 481 3337 553 (si
3368 491 3598 551 poneret

2015 580 2252 643 stellam,
2286 594 2390 632 non
2413 576 2747 645 intelligatur
2774 575 3163 632 contr‘afecisse
3194 590 3415 647 pacem.

2085 665 2219 723 Item
2252 667 2429 722 extitit
2462 682 2559 737 per
2580 676 2824 735 pactum,
2852 667 2998 736 quod
3024 667 3320 738 Imperium
3340 682 3600 726 nostrum

2016 760 2313 815 occasione
2343 759 2488 814 dicte
2538 758 2693 828 pacis
2733 757 2865 812 dare
2926 757 3122 814 debeat
3171 760 3320 815 dicto
3373 761 3603 817 domino

2016 853 2319 906 Annuit-ato
2354 860 2550 907 Omnes
2598 851 2927 916 Januenses,
2975 865 3115 921 quos
3161 852 3372 908 habent
3418 858 3603 911 nostri

2016 946 2189 1001 ϐιτυεί
2210 947 2274 997 in
2301 945 2529 1012 imperio
2553 953 2607 999 et
2648 958 2788 1013 quos
2816 944 2980 999 etiam
3008 943 3296 1014 imperium
3341 959 3599 1003 nostrum

2018 1038 2180 1092 habet
2208 1044 2521 1090 carceratos
2544 1036 2628 1090 vel
2644 1036 2985 1101 detemptos,
3008 1044 3065 1090 et
3088 1035 3261 1091 libere
3285 1038 3468 1093 cidem
3500 1040 3599 1094 do-

2021 1127 2166 1180 mino
2200 1125 2498 1179 Atmnirato
2518 1139 2617 1179 eos
2649 1124 2903 1179 demittat
2960 1134 3017 1179 et
3052 1124 3303 1180 similiter
3334 1126 3601 1183 dominus

2019 1217 2351 1270 Ammiratus
2386 1214 2559 1270 libere
2589 1214 2826 1268 dimittat
2876 1228 3067 1269 omnes
3087 1213 3307 1269 Graecos
3333 1231 3479 1287 quos
3505 1218 3599 1271 Ita-

2020 1307 2110 1363 bet
2136 1308 2501 1361 incomumne
2548 1316 2760 1359 tantum
2783 1315 2839 1361 et
2870 1306 2962 1375 qui
3014 1317 3143 1360 sunt
3198 1306 3254 1360 in
3290 1310 3595 1363 communi.

2087 1397 2222 1453 Item
2253 1397 2436 1451 extitit
2461 1411 2557 1468 per
2578 1404 2817 1467 pactum,
2842 1396 2989 1467 quod
3024 1396 3319 1467 imperium
3342 1411 3597 1456 nostrum

2022 1500 2131 1543 non
2180 1490 2375 1544 debeat
2414 1503 2619 1558 ponere
2677 1490 2760 1543 vel
2810 1489 3063 1559 accipere
3101 1493 3535 1547 eonunerchinm
3570 1511 3599 1547 a

2021 1578 2200 1634 Greco
2225 1580 2317 1648 qui
2346 1588 2492 1633 emat
2524 1579 2870 1634 mercimonio
2905 1597 2933 1633 a
2970 1581 3262 1645 iauueose,
3292 1591 3347 1636 et
3373 1584 3420 1636 si
3444 1593 3596 1637 esset

350 1697 527 1757 parta,
561 1693 711 1755 gesta
744 1697 841 1752 per
871 1678 1150 1734 dominum
1183 1673 1547 1728 Ammiratunt
1582 1686 1706 1725 eum
1745 1670 1917 1726 Orca-
1948 1679 1997 1742 Β
2027 1670 2081 1723 in
2135 1671 2593 1727 contentionibus
2625 1671 2764 1739 quod
2798 1672 2969 1741 possit
3004 1672 3090 1725 vel
3128 1673 3312 1727 debeat
3346 1673 3599 1741 recipere

316 1768 319 1773 ’
352 1782 494 1835 nibei
526 1774 834 1835 Αιιιινίττιιί,
870 1772 976 1825 sint
1000 1769 1155 1822 Ilrtna
1181 1783 1282 1819 uou
1308 1764 1656 1820 obstantibus
1682 1776 1920 1818 conven-

350 1872 593 1928 tionibus
630 1865 908 1937 predietis.

420 1964 554 2017 item
584 1973 686 2028 per
720 1963 933 2024 partum
988 1948 1276 2018 Imperium
1336 1958 1586 2003 nostrum
1625 1947 1692 2001 de
1748 1954 1920 2015 gratia

348 2052 699 2108 donationem
746 2046 873 2101 facit
912 2043 1188 2102 communi
1241 2038 1417 2096 Janne
1460 2040 1525 2094 de
1556 2036 1764 2092 Gallata
1797 2051 1919 2090 cum

352 2158 592 2203 terreno.
635 2148 796 2210 prout
831 2136 1094 2194 fossatum
1129 2134 1301 2190 tendit
1357 2146 1530 2202 usque
1556 2130 1623 2184 ad
1683 2140 1921 2183 castrum

348 2238 546 2285 "sancte
574 2225 789 2288 Grut-is.
818 2235 872 2280 et
903 2224 1044 2278 ultra
1072 2223 1279 2279 dictum
1313 2218 1582 2274 fossatum
1608 2218 1920 2272 cubitorum

354 2329 595 2381 rentum,
640 2315 779 2371 infra
810 2314 954 2385 quod
983 2326 1091 2369 non
1121 2312 1294 2382 possit
1326 2309 1635 2364 hediiicium
1664 2307 1921 2361 Latinum

350 2410 433 2463 vel
454 2406 686 2463 Grecam
706 2420 815 2459 nec
838 2404 1020 2473 aliqua
1053 2403 1156 2456 alia
1188 2399 1404 2455 novitas
1439 2398 1579 2453 ﬁeri.
1604 2396 1793 2466 Itaque
1824 2411 1922 2450 cu-

351 2502 497 2555 bitus
521 2504 739 2553 centum
782 2495 870 2549 isti
893 2496 1002 2550 sint
1027 2495 1081 2547 in
1116 2492 1258 2547 facie
1320 2490 1633 2557 incipiendo
1675 2504 1702 2541 tt
1745 2488 1923 2557 capite

345 2592 561 2649 Gallitta
590 2602 764 2658 usque
788 2586 857 2643 ad
881 2594 1125 2643 castrum
1148 2592 1341 2640 sancto
1367 2583 1562 2638 Crucis
1588 2589 1734 2635 recta
1758 2580 1924 2644 linea,

349 2692 406 2737 et
438 2697 465 2735 a
501 2690 686 2736 castro
728 2687 914 2733 sancte
946 2676 1143 2733 Crucis
1200 2689 1375 2746 usque
1418 2675 1486 2728 ad
1527 2683 1735 2729 turrem
1789 2670 1924 2725 'I‘ra-

352 2776 512 2830 verii.
1430 2814 1433 2819 .

428 2867 558 2922 Item
583 2863 767 2922 extitit
798 2878 893 2935 per
930 2871 1151 2933 pactum
1177 2870 1239 2916 et
1274 2858 1603 2930 promissum
1630 2872 1729 2927 per
1752 2858 1927 2927 impe-

355 2964 499 3016 rium
534 2968 803 3021 nostrum,
839 2961 981 3024 quod
1011 2955 1179 3025 galeis
1216 2953 1491 3022 aliquibus
1534 2950 1922 3005 Cataianorum

2029 1762 2237 1821 dictum
2282 1762 2734 1825 commercltium,
2791 1762 2943 1831 quod
2983 1777 3088 1816 non
3141 1762 3450 1831 accipiatur,
3485 1764 3594 1819 nisi

2028 1854 2331 1923 accipiatur
2366 1854 2691 1924 generaliter
2724 1868 2751 1906 a
2794 1855 3006 1909 nostris
3058 1854 3248 1909 Grecis
3285 1856 3591 1908 ementibus

2022 1950 2091 2002 ab
2120 1946 2239 2001 aliis
2257 1944 2445 2001 Grecis
2471 1945 2855 1999 mercimonio.
2874 1946 2947 2002 Et
2967 1945 3224 1999 similiter
3252 1944 3414 1998 faciat
3444 1962 3596 2000 eum-

2025 2050 2189 2091 utune
2223 2033 2594 2091 Januettsibus
2646 2037 2761 2091 suis
2791 2035 3100 2090 etuetttibus
3120 2035 3492 2092 mercimoni:
3519 2034 3595 2111 is]

2023 2128 2232 2184 Grecis.

2096 2220 2228 2275 Item
2262 2219 2444 2275 extitit
2480 2233 2579 2289 per
2608 2227 2853 2289 pactum,
2884 2220 3028 2290 quod
3054 2220 3103 2274 si
3130 2220 3342 2291 aliquis
3387 2220 3590 2276 Greco:

2023 2314 2331 2369 vendiderit
2359 2314 2413 2368 in
2446 2312 2603 2369 Peira
2625 2314 2712 2369 vel
2739 2314 2793 2367 in
2818 2312 3011 2383 burgis
3040 2314 3250 2373 vinum.
3281 2315 3430 2385 quod
3446 2330 3600 2369 conto

2024 2408 2324 2462 merebimur
2361 2406 2675 2477 impositum
2710 2405 3005 2462 sertutdum
3036 2407 3443 2463 ordinationem
3490 2409 3599 2461 sin-

2024 2499 2269 2555 tiicm'um
2303 2500 2611 2553 communis
2662 2498 2838 2554 Janue
2872 2496 3181 2567 huiusmodi
3238 2500 3449 2556 Grccus
3506 2502 3599 2557 de-

2034 2591 2160 2646 beat
2182 2590 2399 2646 solvere
2428 2590 2701 2661 proutaiii
2734 2590 3062 2657 Januenses,
3101 2601 3159 2647 et
3179 2592 3432 2647 similiter
3453 2608 3595 2647 eom-

2024 2682 2322 2739 tnercltarii
2364 2683 2579 2753 Imperii
2623 2684 2796 2740 nostri
2835 2684 3096 2755 colligant
3122 2695 3175 2739 et
3205 2686 3474 2754 accipiant
3507 2687 3601 2739 ita-

2024 2776 2263 2847 posltum
2289 2791 2386 2845 per
2402 2790 2502 2831 nos
2517 2777 2946 2831 commercisium
2972 2792 3000 2829 a
3035 2776 3397 2833 Januensibus
3414 2778 3599 2833 vinum

2030 2866 2397 2920 vendentibus
2438 2866 2491 2919 iu
2522 2865 3001 2937 Constantinopoli
3034 2878 3194 2938 prout
3218 2869 3282 2921 ab
3311 2868 3434 2922 aliis
3460 2868 3590 2924 Gre-

2026 2958 2129 3014 cis.
2167 2960 2226 3013 Et
2256 2960 2497 3028 prodicta
2530 2958 2709 3013 locum
2737 2959 2977 3015 habeant
3005 2961 3219 3016 durante
3246 2974 3435 3029 guerra
3473 2958 3583 3012 Ca-

350 3062 408 3107 et
446 3052 796 3112 Venetorum,
847 3063 955 3117 quo
1004 3047 1257 3101 venirent
1312 3043 1367 3098 in
1425 3039 1922 3109 COIIaInnlIIIOpOII,

2035 3050 2332 3105 talauorum
2359 3058 2414 3104 et
2436 3048 2765 3106 Venetorum
2801 3066 2925 3108 cum
2946 3049 3305 3107 Januensibus
3354 3052 3441 3103 vel
3469 3065 3598 3120 quo-

358 3160 462 3199 non
491 3144 681 3198 debeat
713 3142 878 3195 istum
908 3138 1197 3208 Imperium
1219 3146 1468 3192 nostrum
1497 3148 1595 3188 seu
1615 3131 1775 3187 Greci
1797 3133 1928 3186 dare

355 3240 576 3308 aliquod
608 3234 947 3302 refrigerium
1008 3247 1107 3287 nec
1159 3240 1463 3300 receptum,
1512 3242 1610 3283 nec
1649 3225 1929 3279 dimittere

356 3350 454 3385 nos
478 3343 676 3400 ponere
722 3326 960 3389 stellam,
993 3339 1092 3380 nec
1124 3322 1179 3377 in
1213 3323 1335 3377 aliis
1389 3318 1704 3376 forensibus
1731 3315 1928 3371 castris

358 3424 473 3477 sive
500 3418 804 3491 patcttoiam
838 3418 909 3485 (r)
948 3416 1215 3470 dictorum
1243 3420 1586 3467 castrorum:
1616 3409 1691 3465 ita
1722 3420 1927 3471 tamen,

362 3515 505 3582 quod
536 3515 589 3567 itt
619 3511 722 3565 illis
747 3510 943 3563 castris
978 3508 1032 3562 in
1061 3506 1262 3576 quibus
1285 3520 1389 3560 nou
1428 3517 1512 3559 est
1536 3502 1785 3571 potent-ia
1809 3499 1931 3553 tlefa

361 3606 504 3660 tendi
538 3622 597 3660 se
624 3602 822 3658 abillis
852 3599 1041 3672 galeis,
1075 3600 1117 3653 si
1141 3599 1230 3651 ille
1248 3597 1400 3667 galec
1424 3597 1495 3651 ibi
1533 3596 1929 3650 reirescamen-

362 3711 473 3752 tum
501 3696 835 3765 accipereut,
865 3707 972 3747 non
1001 3690 1339 3760 intelligatur
1368 3696 1591 3758 prapter
1615 3700 1677 3742 ea
1713 3690 1931 3740 destru-

359 3795 470 3847 ctio
503 3790 654 3860 pacis
693 3788 773 3843 vel
810 3786 1198 3843 contralccisse
1237 3792 1484 3839 nostrum
1526 3779 1933 3846 Imperinmjn—

360 3892 607 3939 ramento
628 3891 834 3935 nostro.
872 3876 983 3935 Iicc
1005 3887 1189 3932 autem
1214 3874 1446 3930 habeant
1482 3872 1660 3927 locum
1698 3872 1931 3924 durante

362 3988 558 4045 guerra
579 3972 729 4028 inter
750 3969 1064 4034 Catalanos,
1103 3967 1342 4025 Venetos
1369 3974 1423 4019 et
1442 3961 1770 4019 Januenses.

434 4067 566 4121 Item
598 4062 782 4118 extitit
817 4076 911 4133 per
942 4069 1160 4131 pactum
1190 4068 1245 4115 ct
1286 4057 1669 4128 prommissum
1704 4069 1803 4124 per
1830 4052 1933 4107 lu:-

362 4160 574 4231 perium
610 4165 884 4222 nostrum,
915 4154 1061 4225 quod
1120 4153 1164 4208 si
1196 4164 1398 4205 eausus
1451 4147 1756 4212 adveniret,
1787 4146 1932 4215 quod

364 4253 418 4307 itt
455 4258 642 4306 nostro
692 4247 926 4318 Imperio
956 4246 1040 4302 vel
1073 4245 1127 4300 in
1167 4244 1353 4315 aliqua
1409 4250 1566 4312 parte
1625 4240 1798 4309 ipsius
1849 4236 1931 4292 vel

361 4338 525 4393 etiam
551 4337 608 4391 in
632 4334 1102 4405 Constantinopoli
1134 4333 1275 4402 quod
1310 4331 1487 4401 aliqua
1522 4330 1675 4399 briga
1701 4327 1784 4381 vel
1818 4330 1931 4380 rixa

364 4431 449 4487 vel
476 4429 807 4485 offensiones
836 4428 1029 4485 tierent
1061 4427 1203 4480 inter
1232 4424 1528 4480 Catalanos
1553 4420 1656 4494 [et]
1699 4418 1932 4474 Venetos

362 4539 487 4576 cum
520 4519 909 4583 Januensibus,
940 4529 995 4572 et
1023 4516 1328 4573 Janucnscs
1358 4530 1485 4570 cum
1545 4510 1825 4568 Catalanis
1881 4519 1937 4563 ct

363 4614 607 4680 Venetis,
636 4612 779 4682 quod
802 4611 962 4665 Greci
993 4610 1167 4680 ipsius
1199 4608 1412 4677 Imperii
1439 4620 1550 4661 non
1578 4604 1811 4659 debeant
1837 4602 1935 4656 ali-

362 4705 597 4773 qnalitcr
634 4704 702 4759 de
735 4704 875 4758 dicta
908 4704 1025 4756 rixa
1057 4703 1139 4756 vel
1166 4700 1316 4771 briga
1361 4714 1421 4754 se
1459 4698 1723 4767 impedire
1751 4711 1767 4750 :
1806 4706 1859 4748 et
1890 4696 1936 4751 si

274 4854 279 4859 ,
358 4798 487 4866 quis
515 4797 784 4852 dit-torum
813 4795 1115 4851 Grecorum
1150 4808 1209 4847 se
1235 4790 1523 4860 impediret.
1552 4789 1617 4844 de
1653 4787 1935 4857 prodictis,

360 4889 651 4944 inundatur
684 4888 751 4942 ab
774 4885 1009 4955 Imperio
1034 4894 1221 4938 nostro
1247 4882 1326 4935 vel
1359 4880 1620 4949 puniatur
1677 4892 1777 4949 per
1836 4892 1935 4931 no-

365 4991 540 5035 strutn
576 4977 889 5048 Imperium.
919 4974 1129 5030 Tamen
1161 4974 1363 5027 debent
1390 4969 1654 5039 capitanci
1680 4966 1852 5022 nostri
1886 4967 1937 5019 itt

306 5087 333 5153 ί
367 5072 476 5126 illis
514 5070 646 5125 locis
675 5068 885 5139 imperii
920 5069 1008 5121 ubi
1044 5082 1103 5122 se
1168 5064 1495 5126 invenirent,
1549 5061 1748 5130 quibus
1797 5065 1941 5111 esset

303 5150 332 5253 ᾖ
366 5165 516 5235 briga
554 5162 637 5219 vel
689 5161 805 5216 rixa
842 5161 985 5215 inter
1014 5160 1294 5229 prodictus
1327 5155 1666 5217 Januenses,
1704 5150 1938 5204 Venetos

363 5267 417 5307 et
461 5253 772 5317 Catalanos,
812 5263 998 5307 tenere
1044 5266 1138 5305 eos
1186 5252 1277 5319 qui
1315 5246 1564 5301 facerent
1601 5244 1810 5312 brigatu
1872 5251 1928 5293 et

365 5350 583 5403 mittere
615 5346 917 5402 Jauuenses
976 5344 1197 5415 quidem
1262 5342 1327 5395 ad
1371 5339 1699 5395 Potes'tatem
1757 5334 1938 5399 Peire,

363 5440 595 5497 Venetos
611 5449 790 5493 autem
826 5438 892 5492 ad
920 5436 1185 5491 Baiullum
1220 5433 1580 5490 Venetorum.

432 5526 565 5587 Itein
598 5529 774 5586 extitit
803 5538 1167 5601 permotum,
1189 5524 1339 5599 quod
1362 5523 1409 5579 si
1455 5522 1606 5593 galea
1628 5519 1936 5577 ‘Catalano-

431 5646 498 5708 (ν)
532 5638 670 5711 Lege
702 5658 716 5695 :
750 5643 1015 5710 potentia.

2033 3154 2206 3209 usque
2237 3139 2670 3194 commerehium
2699 3140 2810 3195 vini
2844 3150 2989 3197 esset
3019 3140 3429 3209 disobbligatum
3458 3142 3504 3194 si
3526 3141 3601 3209 pi—

2030 3234 3600 3303 gnorarctur......................dkte

2020 3336 2250 3393 guerre.

2104 3414 2233 3469 Item
2256 3413 2435 3469 extitit
2458 3428 2556 3482 per
2576 3424 2816 3483 pactum,
2839 3416 3008 3484 quod,
3051 3417 3096 3469 si
3128 3429 3289 3470 casus
3316 3416 3606 3479 accideret,

2033 3506 2177 3576 quod
2204 3505 2369 3571 absit,
2395 3506 2554 3575 quod
2586 3504 2862 3561 videretur
2886 3506 3120 3577 Imperio
3148 3516 3337 3563 nostro
3355 3514 3498 3577 quod
3519 3522 3609 3576 per

2032 3597 2334 3653 Jannenses
2360 3606 2510 3652 esset
2539 3596 2767 3661 factum,
2801 3600 3005 3652 dictum
3032 3599 3117 3653 vel
3147 3610 3435 3669 operatum
3466 3616 3611 3654 con-

2036 3700 2115 3744 tra
2154 3704 2364 3760 pacem,
2395 3690 2578 3746 taliter
2627 3692 2774 3760 quod
2831 3691 3136 3747 intenderet
3178 3692 3471 3760 Imperium
3518 3707 3612 3746 no-

2032 3792 2208 3837 strum
2232 3798 2446 3837 movere
2470 3784 2549 3838 vel
2576 3784 2775 3839 habere
2798 3797 3052 3856 guet'ram
3073 3798 3193 3838 cum
3216 3782 3610 3850 Janueusibus.

2034 3884 2163 3929 tunc
2195 3877 2530 3945 intelligatur
2554 3875 2793 3931 vincullo
2830 3876 3128 3945 juramenti
3168 3890 3266 3945 per
3298 3892 3457 3931 suum
3491 3892 3613 3932 cer-

2034 3979 2147 4023 tum
2181 3970 2440 4023 nuncium
2467 3979 2517 4023 et
2549 3968 2844 4038 specialem
2880 3970 2945 4022 ad
2977 3967 3303 4023 Potestatem
3332 3968 3486 4023 I‘eire
3514 3972 3609 4024 de.

2037 4061 2295 4115 uunciare
2322 4062 2501 4116 eidem
2535 4070 2587 4116 et
2623 4061 2922 4131 protestari
2972 4061 3042 4115 de
3065 4062 3349 4131 predictis,
3375 4070 3432 4115 ut
3460 4078 3489 4113 a
3522 4064 3611 4116 die

2035 4168 2140 4221 qua
2168 4154 2267 4207 hoc
2289 4152 2479 4207 fecerit
2499 4168 2672 4223 usque
2700 4156 2765 4207 ad
2793 4163 2919 4207 octo
2945 4167 3166 4208 menses
3190 4161 3318 4208 tunc
3357 4154 3607 4221 proxime

2037 4254 2293 4301 venturos
2324 4260 2429 4298 non
2467 4246 2639 4314 possit
2687 4260 2794 4299 non
2827 4246 3174 4299 obstantibus
3200 4246 3453 4316 preiictis
3484 4246 3614 4300 fieri

1965 4338 2215 4435 Daliqua
2251 4335 2484 4391 ol'fettsio
2532 4337 2681 4389 inter
2717 4344 2903 4404 partes
2952 4335 3133 4405 aliqua
3180 4338 3481 4390 occasione
3526 4337 3613 4389 vel

2041 4430 2219 4483 modo.
2243 4428 2308 4482 Et
2334 4428 2593 4483 similiter
2621 4430 2665 4481 si
2694 4428 2954 4481 Potestati
2976 4426 3136 4482 Pt-ire
3159 4428 3441 4482 videretur
3468 4428 3617 4496 quod

2039 4535 2135 4590 per
2163 4519 2455 4589 Imperium
2493 4531 2749 4574 nostrum
2781 4530 2837 4572 et
2863 4518 3074 4574 Grecos
3112 4534 3241 4574 suas
3265 4520 3621 4573 eontravcrri-

2044 4624 2194 4667 retur
2225 4612 2343 4682 paci
2366 4611 2630 4680 predicte,
2659 4621 2910 4666 teneatur
2934 4610 3184 4666 I’Otestas
3206 4612 3338 4665 illud
3368 4612 3513 4666 idem
3550 4612 3624 4666 si-

2042 4705 2244 4759 militer
2278 4713 2336 4758 ιιι
2358 4703 2731 4774 supradictttm
2781 4717 2870 4760 est
2898 4714 2952 4759 et
2984 4705 3275 4773 protestari
3303 4714 3357 4758 et
3396 4704 3617 4760 denun-

2040 4797 2187 4849 ciare
2214 4795 2449 4866 Imperio
2471 4804 2695 4858 nostro,
2713 4810 2810 4850 nec
2837 4796 3052 4866 possint
3082 4796 3225 4850 dicte
3250 4808 3431 4865 partes
3465 4797 3596 4850 simi
3608 4827 3621 4835 -

2018 4886 2167 4941 liter
2200 4901 2371 4956 usque
2393 4888 2459 4940 ad
2493 4896 2618 4940 orto
2650 4901 2865 4943 menses
2913 4897 3040 4943 tunc
3070 4889 3315 4956 proxime
3350 4900 3617 4945 venturos

2041 4978 2221 5032 facere
2245 4980 2454 5048 aliquas
2487 4979 2727 5035 oﬂ‘ensas
2761 4998 2774 5034 :
2804 4981 3002 5049 quibus
3035 4991 3163 5037 octo
3190 4983 3475 5053 tnensibus
3501 4981 3621 5034 ela—

2015 5071 2155 5139 -psis
2179 5070 2319 5123 dicte
2339 5082 2518 5139 partes
2543 5074 2650 5125 sint
2678 5080 2881 5128 etesse
2905 5073 3138 5128 debeant
3161 5074 3214 5128 in
3231 5088 3422 5129 eorum
3452 5074 3623 5128 liber-

2043 5168 2155 5212 tate
2190 5174 2298 5212 nou
2329 5160 2583 5215 obstante
2618 5161 2761 5216 dicta
2784 5177 2935 5232 pace.

2114 5249 2241 5303 item
2269 5252 2453 5305 extitit
2481 5268 2576 5322 per
2602 5262 2842 5323 pactum,
2877 5254 3021 5322 quod
3056 5255 3269 5325 navigia
3302 5254 3612 5311 Grecorum

2041 5356 2148 5397 non
2204 5344 2463 5413 navigent
2492 5359 2589 5397 nec
2616 5348 2871 5416 navigare
2905 5348 3135 5400 debeant
3170 5350 3235 5400 ad
3270 5344 3478 5402 Tanain
3529 5346 3621 5399 vei

2046 5434 2099 5486 in
2127 5434 2261 5486 mari
2287 5432 2467 5499 Tane,
2486 5435 2588 5489 nisi
2616 5440 2834 5506 quando
2860 5439 3069 5509 navigia
3097 5438 3457 5492 Junttensiuttt
3486 5438 3623 5489 illnc

2044 5526 2382 5594 navigarent,
2406 5526 2559 5581 salvo
2579 5542 2793 5596 semper
2825 5532 2967 5599 quod
3020 5547 3145 5588 cum
3177 5531 3473 5602 Imperium
3510 5545 3626 5584 no-

2114 5638 2179 5710 (ε)
2206 5636 2352 5693 Sauli
2389 5655 2404 5693 :
2434 5638 2504 5692 ait
2520 5645 2684 5693 mmo.
