3934 6198
437 253 577 318 11⁵25

1528 245 1903 319 NOVELLIE
1943 246 2624 316 CONSTITUTIONES.

3545 253 3686 318 “9.6

430 367 863 426 strumintendat
885 367 949 422 de
963 363 1220 438 predietis
1241 363 1307 420 ad
1327 365 1607 420 dominum
1629 364 1830 422 Ducem
1854 379 2009 422 suam
2039 371 2085 430 Α
2113 364 2286 421 eivel
2315 378 2442 431 non,
2498 372 2629 420 tunc
2683 360 2753 418 de
2794 357 3059 434 predictis
3095 353 3384 430 Imperium
3441 373 3684 420 nostrum
3727 422 3732 424 _

429 459 794 517 ambaxiatam
828 456 1200 512 transmittere
1238 457 1305 511 ad
1326 455 1732 525 impetrandum
1763 455 1906 526 quod
1939 455 2001 508 il-

429 555 518 608 loc
547 552 690 607 dicta
718 549 929 620 navigia
957 547 1261 604 Grecorum
1305 549 1517 618 possint
1554 547 1834 618 navigare,
1866 558 1921 602 et
1951 547 1999 603 si

426 648 682 706 dominus
715 645 828 700 Dux
871 644 1138 698 concedet
1166 641 1311 710 quod
1344 656 1406 697 ea
1446 643 1656 710 possint
1688 640 1820 695 illuc
1848 641 2001 695 navi-

426 753 574 808 gare,
601 735 742 807 quod
785 734 998 804 possint
1035 734 1116 788 ire
1153 747 1256 788 nec
1299 741 1582 788 moveatur
1631 746 1826 802 guerra
1876 745 2002 802 pro-

425 833 610 897 pterea
644 825 784 878 inter
813 832 1021 893 partes.

512 917 644 973 Item
677 915 858 970 extitit
901 929 998 984 per
1043 919 1284 984 pactum,
1318 913 1461 984 quod
1493 913 1538 968 si
1576 925 1673 982 per
1693 909 1999 968 Januenses

421 1022 589 1077 super
609 1005 828 1076 navigio
855 1003 1203 1060 inimicorum
1238 1019 1457 1069 eorum,
1481 1004 1881 1060 Catalanorum
1916 1003 1996 1058 vi-

425 1097 621 1152 delicet
663 1106 720 1150 et
751 1095 1106 1163 Venetorum,
1139 1104 1469 1166 caperentur
1500 1094 1688 1162 Greci,
1733 1095 1824 1164 qui
1870 1108 1995 1150 cum

420 1189 581 1244 dictis
613 1187 852 1243 inimicis
883 1195 1072 1242 essent
1107 1187 1175 1242 ad
1210 1187 1422 1242 soldum
1446 1187 1534 1244 vel
1564 1202 1664 1243 sua
1690 1195 1993 1256 spontanee

420 1280 722 1342 voluntate.
756 1281 900 1348 quod
934 1279 1008 1332 illi
1037 1279 1177 1334 tales
1205 1278 1368 1335 Greci
1392 1283 1603 1350 possint
1625 1279 1821 1341 teneri.
1848 1279 1998 1335 salvo

429 1371 477 1426 si
513 1371 639 1426 dicti
663 1371 824 1428 Greci
851 1370 922 1426 ibi
951 1379 1141 1427 essent
1172 1385 1271 1440 per
1299 1370 1411 1426 vim
1456 1373 1626 1443 capti.
1659 1373 1806 1442 quod
1857 1381 1990 1428 tunc

416 1461 722 1518 Januenses
754 1462 874 1518 illos
911 1462 1044 1517 tales
1091 1462 1297 1518 Grecos
1346 1462 1596 1518 relaxare
1647 1463 1900 1520 debeant.
1930 1462 1997 1520 Et

393 1539 671 1622 ipredicta
714 1553 893 1608 locum
934 1553 1173 1608 habeant
1201 1552 1405 1620 elapsis
1453 1553 1629 1606 tribus
1687 1552 1992 1618 mensibus,

418 1645 747 1715 im-ipiendis
773 1661 804 1698 a
837 1645 926 1701 die
965 1645 1140 1700 liende
1175 1643 1327 1714 pacis
1356 1655 1410 1697 et
1442 1643 1694 1698 ﬁniendis
1726 1643 1780 1699 in
1813 1645 1996 1704 calen-

2111 458 2284 527 possit
2304 457 2686 513 transmittere
2709 457 2778 512 ad
2798 457 3084 512 dominum
3107 456 3310 512 Ducem
3326 466 3381 511 et
3396 463 3683 512 commune

2108 545 2302 613 Janus.
2329 555 2384 619 et
2401 546 2662 616 quidquid
2685 546 2752 600 de
2770 545 3025 615 prodistis
3046 561 3107 601 se
3123 546 3417 606 conveniet
3440 556 3492 601 et
3514 546 3682 601 faciat

2091 652 2233 693 cum
2255 637 2478 694 domino
2501 637 2647 694 Duco
2674 648 2730 694 et
2755 637 3008 694 dominus
3055 637 3168 694 Dux
3204 639 3306 708 (tt),
3345 646 3402 695 ut
3429 654 3550 694 cum
3579 639 3685 696 Im-
3709 675 3722 688 κ

2108 725 2262 794 perio
2289 735 2478 782 nostro
2508 726 2641 783 illud
2671 726 3012 797 intelligatur
3027 741 3148 784 esse
3171 729 3396 793 factum,
3425 737 3480 783 et
3501 729 3677 788 sinon

2108 815 2352 883 placebit
2379 816 2617 887 Imperio
2647 827 2838 875 nostro
2877 817 3154 875 ordinatio
3194 833 3359 889 quam
3396 821 3560 876 faciet
3588 819 3683 875 do-

2108 906 2291 962 minus
2322 905 2435 961 Dus
2467 909 2533 963 de
2563 909 2847 976 predictis.
2881 909 3034 979 quod
3064 909 3238 980 possit
3265 910 3555 984 Imperium
3587 924 3682 965 no-

2105 1005 2276 1052 strum
2303 1001 2675 1056 transmittere
2694 1003 2764 1055 ad
2794 1001 3070 1057 dominum
3092 1000 3296 1058 Ducem
3324 1003 3522 1059 totiens
3543 1017 3680 1072 quo-

2107 1087 2246 1143 tiens
2274 1088 2505 1145 voluerit
2525 1093 2594 1147 ad
2625 1091 3062 1148 conveniendum
3096 1107 3156 1149 se
3178 1109 3303 1149 cum
3343 1109 3429 1150 eo.

2175 1167 2306 1233 Item
2339 1181 2520 1236 extitit
2545 1196 2641 1251 per
2667 1192 2912 1254 pactum,
2939 1184 3084 1254 quod
3115 1183 3419 1242 Januenses
3465 1202 3574 1242 non
3601 1197 3679 1245 te-

2107 1279 2341 1326 neantur
2369 1288 2600 1342 querere
2633 1279 2952 1347 sanguinem
2999 1275 3299 1334 Grecorum
3328 1279 3412 1332 vel
3443 1279 3679 1351 alicujus

2103 1363 2346 1420 extranei
2373 1366 2465 1434 qui
2497 1366 2568 1421 sit
2597 1367 2699 1421 sub
2734 1366 2968 1437 Imperio
3033 1379 3222 1424 nostro
3251 1385 3348 1440 per
3383 1385 3674 1426 commune

2101 1449 2277 1508 Janue
2307 1454 2389 1509 vel
2419 1457 2577 1511 Peire
2600 1457 2970 1525 bannitornm,
2996 1470 3052 1514 et
3097 1460 3352 1516 similiter
3380 1461 3672 1530 Imperium

2104 1555 2347 1620 nostrum
2368 1545 2764 1617 indulgentiam
2786 1550 3144 1605 datomnibus
3161 1551 3527 1606 .Iannensibus
3546 1567 3676 1607 con-

2105 1640 2188 1688 tra
2219 1649 2357 1703 quos
2381 1635 2614 1693 habebat
2642 1639 2858 1709 aliquod
2894 1655 3208 1708 gravamen.

415 1736 500 1791 dis
529 1737 754 1807 Augusti
791 1735 1026 1806 proximi
1058 1735 1298 1790 venturi.
1337 1733 1404 1788 Et
1439 1751 1468 1790 e
1499 1750 1767 1792 converso
1817 1737 1862 1792 si
1898 1751 1991 1790 no-

2168 1723 2287 1794 Que
2331 1729 2513 1782 omnia
2563 1738 2620 1783 et
2673 1731 2886 1799 singula
2952 1734 3326 1802 suprascripta
3377 1735 3670 1806 Imperium

416 1838 590 1882 strum
624 1828 916 1896 Imperium
962 1827 1236 1882 invenerit
1286 1823 1598 1882 Januenses
1617 1827 1831 1898 aliquos
1872 1844 1994 1886 cum

417 1917 1992 1988 nostrolmperio.........................

419 2045 438 2064 .
467 2048 483 2063 .
511 2050 525 2064 .
553 2009 697 2078 quod
723 2024 820 2064 eos
844 2009 1038 2065 debeat
1064 2017 1270 2065 tenere.
1868 2070 1871 2072 ἓ

491 2100 626 2154 Item
653 2099 836 2155 extitit
887 2116 986 2170 per
1044 2109 1283 2169 pactum,
1339 2102 1481 2171 quod
1531 2101 1714 2172 aliqua
1775 2101 1994 2172 navigia

415 2183 718 2241 Grecorum
743 2201 848 2241 non
871 2188 1086 2255 possint
1118 2189 1202 2243 ire
1239 2189 1323 2242 vel
1354 2187 1531 2244 redire
1561 2191 1626 2244 ad
1669 2191 1788 2246 loca
1815 2191 1994 2246 Cata-

415 2277 671 2332 lanorum
702 2286 758 2332 et
793 2277 1125 2333 Venetorum
1178 2279 1414 2333 durante
1459 2293 1657 2350 guerra
1703 2280 1988 2349 predicta;

414 2379 646 2439 excepto
665 2370 708 2425 si
733 2369 1022 2438 Imperium
1053 2377 1298 2424 nostrum
1322 2368 1599 2439 aliquibus
1628 2371 1743 2425 suis
1769 2370 1836 2424 de
1863 2385 1994 2424 can-

416 2461 493 2517 sis
530 2461 690 2516 vellet
751 2461 818 2516 ad
856 2459 1004 2516 dicta
1071 2460 1190 2515 loca
1245 2475 1414 2514 unum
1461 2460 1667 2531 lignum
1716 2471 1990 2516 armatum

417 2552 811 2618 transmittere,
845 2551 987 2622 quod
1019 2560 1149 2608 tunc
1177 2552 1328 2607 licite
1351 2552 1520 2622 possit
1551 2545 1758 2608 dictum
1785 2553 1992 2624 lignum

414 2645 790 2698 transmittere
827 2643 1279 2714 quotiescumque
1309 2644 1559 2700 voluerit.

375 2722 378 2726 ’
494 2733 628 2788 Item
691 2735 874 2790 extitit
925 2752 1022 2806 per
1057 2745 1277 2805 pactum
1332 2744 1388 2792 et
1445 2748 1799 2808 conventum,
1843 2740 1988 2809 quod

415 2826 598 2882 omnia
624 2827 928 2882 immobilia
959 2837 1102 2882 terre
1147 2837 1205 2884 et
1232 2830 1607 2898 possessiones
1629 2829 1991 2886 .Ianuensium

373 2915 378 2921 ’
415 2935 524 2991 que
548 2929 738 2974 essent
756 2919 810 2974 in
833 2920 1063 2988 imperio
1087 2921 1446 2976 restituantur
1468 2921 1839 2980 .Ianuensibus
1864 2914 1990 2980 talis

412 3011 775 3108 qualiasunt,
801 3012 951 3108 salvo
977 3013 1121 3081 quod
1153 3013 1199 3067 si
1231 3011 1302 3067 de
1324 3013 1602 3083 aliquibus
1628 3017 1991 3108 possessioni-
2019 3050 2064 3108 ο

418 3104 518 3156 bus
540 3103 880 3173 pervenisset
911 3103 964 3156 in
987 3113 1236 3158 nostrum
1270 3105 1584 3160 vestiarium
1619 3107 1799 3177 aliqua
1829 3122 1992 3176 pecu-

414 3198 526 3262 nia,
559 3197 673 3266 ipsa
709 3196 931 3251 minime
954 3195 1276 3251 restituatur
1302 3207 1356 3252 et
1389 3205 1665 3254 teneatur.

485 3287 617 3343 Item
647 3289 830 3343 extitit
851 3302 950 3359 per
980 3296 1198 3358 paetum
1234 3295 1288 3343 et
1323 3274 1680 3358 promissum,
1708 3290 1852 3360 quod
1890 3291 1993 3346 ali-

413 3379 536 3451 quis
559 3379 851 3436 Ianuensis
884 3394 988 3434 non
1016 3378 1188 3448 possit
1213 3393 1398 3434 emere
1438 3381 1652 3450 aliquas
1681 3385 1990 3452 possessio-

366 3453 376 3460 .
416 3486 510 3527 nes
541 3472 626 3526 vel
674 3483 851 3527 terras
895 3485 991 3526 seu
1019 3470 1208 3525 vineas
1233 3471 1301 3525 ab
1331 3470 1514 3541 aliquo
1549 3471 1750 3537 Greco,
1784 3474 1887 3530 nisi
1925 3477 1991 3532 de

416 3564 671 3617 mandato
701 3562 924 3632 Imperii
952 3560 1146 3625 nostri,
1172 3569 1226 3615 et
1247 3560 1292 3616 si
1316 3561 1513 3632 aliquis
1537 3561 1831 3618 Januensis
1847 3579 1996 3619 eme-

418 3665 496 3707 ret
523 3657 646 3710 sine
695 3655 952 3710 mandato
985 3650 1207 3722 Imperii
1242 3653 1444 3719 nostri.
1493 3657 1715 3710 amittat
1744 3657 1990 3726 precium

413 3746 560 3801 dicte
590 3746 981 3817 possessionis.

487 3838 645 3904 Item,
673 3839 814 3909 quod
848 3839 1056 3906 debita,
1089 3853 1196 3910 que
1247 3848 1376 3894 sunt
1408 3838 1550 3893 inter
1588 3837 1796 3893 Grecos
1819 3848 1873 3892 et
1902 3835 1992 3890 Ja-

413 3945 672 3994 nuenses,
704 3931 812 3985 sint
841 3930 894 3983 in
930 3944 996 3985 eo
1025 3939 1168 3985 statu
1209 3940 1265 3985 et
1287 3931 1431 3999 jure,
1460 3929 1658 3999 quibus
1678 3937 1837 3983 erant
1862 3938 1991 3982 ante

415 4037 694 4091 gnerram,
723 4030 956 4092 excepto
1004 4021 1146 4089 quod
1179 4022 1226 4076 si
1280 4021 1461 4090 aliqua
1507 4021 1884 4090 pervenissent
1931 4021 1986 4072 in

413 4112 680 4170 vestiario
709 4113 925 4180 Imperii
957 4113 1131 4167 nostri
1164 4113 1247 4165 vel
1282 4113 1337 4166 in
1374 4112 1648 4166 communi
1687 4110 1862 4167 Janue
1904 4111 1988 4166 vel

389 4209 612 4278 .I‘eyre,
643 4207 730 4260 illa
761 4205 890 4260 talia
941 4204 1154 4261 restitui
1191 4219 1301 4258 non
1325 4204 1574 4258 debeant.

391 4283 405 4368 ξ
493 4300 625 4355 Item
661 4299 842 4355 extitit
892 4312 988 4368 per
1038 4308 1257 4368 pactum
1285 4305 1340 4350 et
1373 4307 1724 4362 conventum,
1774 4297 1916 4366 quod
1940 4311 1986 4350 st

2100 1827 2343 1874 nostrum
2365 1829 2428 1875 .et
2454 1821 2842 1878 dilectissimus
2866 1823 3009 1878 [ilius
3031 1835 3215 1879 noster
3243 1827 3496 1882 dominus
3539 1829 3674 1884 Mat-

2099 1919 2219 1965 teus
2248 1910 2611 1968 Catacusinus
2641 1913 2895 1982 iuramus
2947 1915 3014 1970 ad
3043 1927 3234 1971 sancta
3267 1917 3360 1974 Dei
3390 1923 3671 1992 evangelia

2094 2010 2152 2056 et
2187 2001 2242 2056 in
2288 2001 2587 2059 animabus
2632 2005 2858 2068 nostris.
2898 2007 3261 2075 corporaliter
3312 2010 3471 2066 tactis
3501 2013 3678 2068 sacris

2094 2094 2409 2164 scripturis,
2444 2094 2603 2177 tirma
2646 2106 2702 2152 et
2733 2107 2848 2151 rata
2879 2105 2934 2152 et
2969 2107 3122 2169 grata
3166 2108 3426 2172 perpetuo
3475 2103 3676 2160 habere

2095 2191 2150 2239 et
2175 2192 2387 2252 tenere,
2406 2195 2463 2242 et
2487 2188 2539 2242 in
2565 2189 2714 2244 nullo
2735 2190 3110 2248 contrafacere
3137 2191 3222 2247 vel
3241 2195 3453 2260 venire,
3474 2197 3542 2250 de
3553 2196 3677 2265 jure

2094 2276 2179 2331 vel
2212 2277 2280 2331 de
2311 2277 2479 2343 facto,
2517 2283 2676 2335 modo
2711 2281 2794 2335 vel
2825 2281 3063 2348 ingenio,
3093 2285 3189 2338 sed
3219 2299 3284 2338 ea
3312 2301 3437 2340 cum
3468 2286 3673 2342 elI‘ectu

2093 2376 2149 2422 et
2171 2368 2293 2423 sine
2318 2367 2684 2434 diminutione
2739 2372 2922 2442 aliqua
2955 2374 3248 2430 observare
3277 2383 3335 2431 et
3372 2375 3555 2433 facere
3589 2379 3680 2433 iu-

2094 2473 2362 2518 concusse
2397 2461 2704 2519 observari.
2762 2463 2828 2520 Et
2890 2475 3140 2542 teneatur
3213 2467 3469 2522 similiter
3535 2470 3675 2524 alius

2093 2553 2277 2624 dispo.

2101 2646 2424 2703 carissimus
2452 2646 2597 2704 ﬁlius
2627 2657 2813 2704 noster
2860 2648 3115 2706 dominus
3162 2649 3376 2706 Manuel
3433 2650 3674 2706 (ἔειπα-

2093 2739 2272 2814 sinus,
2291 2753 2412 2794 cum
2436 2740 2650 2795 venerit
2669 2740 3034 2811 coboperante
3049 2739 3158 2798 Deo
3187 2740 3262 2815 (υ)
3292 2742 3678 2799 Constantino-

2103 2831 2237 2901 poli,
2264 2832 2450 2902 jnrare
2487 2837 2792 2896 attendere,
2814 2834 3090 2904 complere
3119 2842 3175 2890 et
3214 2835 3513 2892 observare
3557 2850 3675 2891 om-

2101 2925 2192 2980 nia
2243 2934 2300 2980 et
2335 2925 2571 2995 singula,
2607 2935 2769 2995 prout
2799 2940 2921 2982 nos.
2948 2925 3016 2980 Et
3054 2941 3152 2996 per
3176 2928 3411 2983 similem
3451 2929 3673 2984 modum

2096 3016 2228 3070 dicti
2263 3017 2489 3085 domini,
2518 3017 2776 3080 Obertus.
2803 3013 3010 3082 RalI'us,
3046 3016 3396 3082 Fredericus,
3442 3026 3496 3073 et
3526 3019 3673 3073 Lau-

2096 3103 2339 3169 I‘rancus.
2373 3108 2688 3163 nominibus
2734 3109 2990 3177 predictis
3014 3107 3338 3178 juraverunt
3381 3111 3448 3166 ad
3479 3122 3670 3168 sancta

2095 3195 2190 3250 Dei
2217 3198 2522 3268 evangelia,
2560 3199 2920 3267 corporaliter
2970 3200 3131 3255 tactis
3180 3201 3353 3256 sacris
3385 3211 3440 3256 et
3471 3204 3677 3258 sanctis

2097 3285 2409 3356 scripturi=,
2437 3295 2494 3341 et
2524 3288 2577 3341 in
2620 3287 2947 3344 animalibus
2986 3289 3119 3344 dicti
3147 3289 3352 3344 domini
3384 3293 3672 3345 Ammirati

2094 3385 2151 3430 et
2200 3378 2402 3433 domini
2476 3377 2637 3436 Ducis
2699 3389 2756 3437 et
2818 3382 3130 3437 communis
3200 3380 3410 3447 Janue,
3489 3385 3673 3439 omnia

2095 3470 2405 3539 supradicta
2451 3480 2504 3526 et
2549 3472 2760 3543 singula
2818 3473 3020 3528 habere
3073 3483 3340 3543 perpetuo
3367 3475 3545 3542 ﬁrma,
3581 3491 3673 3531 ra-

2095 3568 2169 3625 ta,
2208 3570 2381 3630 grata,
2417 3571 2472 3618 et
2521 3563 2574 3617 in
2624 3564 2773 3619 nullo
2815 3563 3192 3620 contral‘acere
3227 3567 3312 3621 vel
3357 3567 3564 3634 venire,
3607 3570 3676 3623 do

2089 3651 2211 3720 jure
2244 3655 2326 3708 vel
2381 3657 2446 3710 de
2507 3655 2668 3722 facto.
2703 3657 2864 3712 modo
2920 3657 3002 3712 vel
3039 3658 3275 3730 ingenio,
3310 3668 3366 3713 et
3421 3675 3484 3715 ea
3549 3676 3672 3716 cum

2093 3743 2288 3799 elI'ectu
2330 3754 2385 3802 et
2426 3747 2545 3803 sine
2580 3749 2943 3804 diminutione
2979 3750 3276 3806 observare
3297 3760 3350 3805 et
3375 3749 3554 3805 facere
3591 3752 3672 3805 in-

2094 3850 2358 3891 concusse
2398 3839 2722 3916 observari:
2751 3841 2971 3909 etquod
3002 3849 3288 3897 teneantur
3330 3842 3459 3896 dicti
3499 3844 3672 3895 domi-

2095 3942 2198 3982 nus
2261 3927 2633 3993 Ammiratns,
2677 3931 2882 3986 domini
2951 3932 3294 3987 Lanirancus
3344 3933 3666 3994 Cattaneus,

2095 4015 2361 4072 Martinus
2400 4018 2468 4073 de
2505 4016 2715 4084 Mauro,
2773 4019 3074 4076 Cattaneus
3104 4021 3328 4090 Spinula
3391 4033 3444 4077 et
3496 4007 3670 4076 Anto-

2096 4111 2240 4164 nius.
2274 4148 2288 4163 .
2323 4148 2337 4163 .
2375 4145 2390 4162 .
2425 4148 2441 4164 .
2473 4149 2488 4164 .
2526 4149 2542 4164 .
2571 4145 2584 4164 .
2617 4147 2633 4162 .
2664 4149 2680 4165 .
2715 4149 2732 4166 .
2765 4111 3209 4167 consiliariidicti
3238 4112 3440 4166 domini
3462 4113 3668 4166 Ammi-

2095 4201 2434 4269 rati,jnrare
2485 4217 2701 4271 semper
2742 4202 2810 4257 ad
2873 4203 3206 4259 voluntatem
3240 4205 3458 4276 Imperii
3497 4208 3664 4260 nostri

2101 4294 2380 4350 attendere
2403 4297 2582 4349 omnia
2601 4306 2655 4350 et
2685 4296 2897 4366 singula
2923 4307 2982 4351 ut
3005 4312 3169 4368 supra
3200 4316 3214 4352 :
3247 4313 3348 4352 nec
3369 4313 3477 4352 non
3501 4299 3663 4354 etiam

398 4378 598 4459 'aliqtta
636 4391 776 4444 bona
799 4389 1157 4445 Januensium
1182 4396 1338 4456 capta
1366 4402 1460 4455 per
1480 4383 1773 4442 Catalanos
1795 4399 1849 4441 et
1879 4384 1984 4440 Ve-
2018 4393 2070 4454 D
2092 4384 2277 4452 jurent
2302 4385 2390 4440 isti
2417 4400 2631 4449 omnes,
2669 4389 2815 4455 quod
2845 4387 3101 4443 dominus
3128 4387 3240 4443 Dux
3267 4389 3453 4460 jurare
3480 4399 3665 4444 tenea-

418 4489 573 4535 netos
608 4479 824 4537 vendita
857 4489 1043 4536 essent
1073 4490 1313 4547 tempore
1345 4492 1540 4546 guerre
1563 4477 1825 4546 presentis
1851 4475 1990 4530 Gre-

415 4569 519 4634 cis,
549 4579 605 4625 et
637 4571 890 4626 similiter
941 4571 1126 4642 aliqua
1182 4571 1322 4626 bona
1351 4567 1654 4624 Grecorum
1704 4577 1860 4636 capta
1905 4568 1990 4622 vel

418 4662 636 4717 vendita
662 4671 850 4718 essent
896 4661 1288 4730 Janueusibus,
1346 4676 1454 4731 quc
1489 4669 1673 4716 essent
1705 4660 1987 4725 atnmissa,

417 4767 521 4809 nec
551 4753 619 4808 de
642 4753 774 4823 ipsis
802 4753 1033 4824 amplius
1058 4754 1174 4808 ﬁeri
1199 4753 1374 4822 possit
1401 4751 1688 4822 requisitio
1708 4751 1912 4820 aliqua.

488 4843 646 4907 Item,
671 4843 816 4912 quod
842 4844 1024 4898 omnia
1047 4846 1277 4914 dampna
1302 4846 1426 4903 data
1459 4853 1700 4910 tempore
1718 4843 1991 4919 presentis

420 4951 615 5007 gnerre
649 4945 704 4991 et
735 4935 877 4991 facta
906 4951 1004 5006 per
1046 4946 1346 5004 presentes,
1373 4935 1626 4990 videlicet
1655 4949 1748 5002 per
1785 4933 1993 4991 Grecos

419 5030 789 5096 Januensibus
816 5042 870 5087 et
895 5045 994 5102 per
1030 5029 1336 5085 Iauuenses
1357 5028 1568 5092 Grecis,
1597 5029 1708 5082 sint
1733 5029 1993 5096 remissa,

425 5141 528 5183 nec
551 5128 620 5182 de
650 5127 784 5196 ipsis
799 5123 1113 5194 aliqualiter
1135 5121 1448 5192 possitlieri
1497 5121 1680 5190 aliqua
1711 5123 2000 5192 requisitio

421 5218 509 5274 vel
538 5219 859 5274 emendacio
890 5230 984 5272 seu
1016 5213 1315 5271 restitutio.

494 5311 626 5368 Item
661 5310 848 5368 extitit
894 5323 992 5379 per
1027 5315 1264 5378 pactum,
1301 5307 1371 5360 de
1421 5305 1530 5378 Syo
1561 5316 1615 5362 et
1645 5307 1814 5372 Folia.
1848 5307 1992 5377 quod

424 5403 716 5474 Imperium
743 5411 997 5457 nostrum
1020 5399 1213 5455 debeat
1235 5399 1424 5455 audire
1446 5399 1822 5456 ambaxatores
1844 5413 1994 5460 suos,

363 5515 368 5521 ι
429 5503 483 5550 et
509 5495 555 5550 si
578 5493 686 5566 Ipsi
734 5493 877 5548 dicet
917 5492 982 5564 (t)
1027 5490 1264 5561 Imperio
1293 5499 1478 5547 nostro
1510 5505 1626 5546 rem
1655 5506 1759 5563 que
1785 5491 2020 5561 placeat

498 5609 565 5680 (t)
608 5609 769 5680 Lege.
795 5608 992 5680 dicent.

504 5675 582 5752 (ti)
611 5675 836 5738 Videtur
861 5676 1065 5748 aliquid
1109 5675 1397 5735 excidisse.

2097 4487 2186 4531 tur
2239 4478 2293 4531 in
2328 4479 2605 4547 prescntia
2648 4481 3042 4535 ambaxiatoris
3090 4483 3176 4537 vel
3233 4483 3664 4538 atnbaxiatorum

2085 4569 2316 4642 Imperii
2365 4571 2564 4636 nostri,
2623 4573 2768 4640 quod
2825 4573 3123 4643 prodictant
3169 4589 3379 4644 pacem,
3434 4585 3588 4644 pacta
3611 4585 3665 4628 ct

2094 4662 2486 4717 conventiones
2517 4673 2571 4718 et
2618 4663 2832 4733 singula
2863 4680 3026 4734 supra
3058 4665 3206 4720 dicta
3252 4667 3472 4722 habebit
3507 4676 3561 4722 et
3585 4678 3666 4721 te-

2096 4752 2242 4806 nebit
2287 4753 2466 4818 lirma,
2513 4765 2632 4810 rata
2690 4767 2748 4811 et
2785 4766 2958 4824 grata.
3008 4756 3088 4811 Ad
3140 4773 3369 4828 quorum
3421 4760 3662 4814 omnium

2097 4844 2362 4899 cautelam
2395 4855 2450 4899 et
2475 4845 2812 4902 evidenciam
2862 4847 3158 4916 pleniorem
3192 4865 3419 4919 presens
3448 4852 3667 4918 privdc-

2097 4939 2242 5007 gium
2287 4939 2690 4994 sacramentale
2715 4954 2884 4993 aurea
2931 4939 3075 4993 bulla
3118 4943 3385 4995 munitum
3448 4941 3664 5009 Imperii

2100 5029 2270 5083 nostri
2297 5028 2412 5084 ﬁeri
2439 5029 2727 5098 iussimus,
2753 5011 3107 5085 translactum
3134 5031 3188 5084 in
3210 5028 3384 5085 Greco
3402 5041 3456 5086 et
3474 5030 3666 5083 thlino

2098 5120 2165 5175 de
2189 5128 2376 5177 nostro
2411 5122 2688 5187 mandato,
2721 5122 3113 5190 interpretante
3159 5133 3214 5178 et
3236 5122 3476 5178 dictante
3507 5122 3665 5175 fatui-

2096 5212 2217 5266 liari
2258 5219 2466 5278 nostro,
2497 5229 2692 5283 magno
2742 5214 3038 5282 Interprete
3069 5215 3285 5285 Imperii
3327 5214 3522 5278 nostri.
3567 5216 3665 5268 do-

2096 5302 2246 5358 ntino
2272 5300 2497 5358 Nicolao
2553 5302 2771 5374 Sagieo.
2808 5302 3003 5358 litteris
3042 5303 3226 5359 rubeis
3278 5319 3438 5358 manu
3475 5312 3662 5357 nostra

2097 5395 2315 5466 propria
2339 5410 2488 5450 more
2508 5394 2672 5449 solito
2701 5394 3065 5464 subscriptum
3096 5404 3150 5451 ct
3177 5411 3342 5450 aurea
3373 5395 3520 5452 bulla
3545 5409 3666 5464 prc~

2098 5485 2239 5542 dicta
2275 5481 2500 5542 inferius
2527 5501 2761 5560 appensa
2796 5486 3112 5542 roburatum
3145 5488 3244 5558 (π).

2171 5600 2243 5672 (υ)
2284 5599 2430 5672 suun
2467 5601 2595 5672 duo.
2703 5670 2711 5672 ᾗ
2977 5657 2980 5660 .

2153 5670 2251 5758 ire)
2289 5670 2485 5729 Tenori
2512 5671 2671 5744 huius
2701 5670 3050 5731 instrumenti
3082 5671 3223 5745 apud
3248 5671 3394 5729 Sauli
3429 5672 3538 5729 inec
3575 5689 3678 5766 ac-ﬁ
3760 5736 3766 5743 ,
