3934 6198
441 233 613 300 1133'

1536 213 1892 278 MONODIA
1935 214 2032 276 DE
2063 210 2276 272 CPOLI
2315 210 2580 271 CAPTA.

3559 197 3734 287 ms;

437 279 600 414 ίέτζρ
631 341 716 395 δεῖ
739 337 946 405 λέγειν.
995 330 1119 396 Πῶς
1166 329 1279 400 γὰρ
1313 325 1538 398 ἀρκέσει
1567 342 1656 396 μοι
1707 322 1862 394 φωνὴ
1911 322 2010 393 μία
2049 324 2092 382 Α
2124 319 2225 372 καὶ
2266 319 2500 389 μυελῶν,
2638 279 2808 386 κάλλη
2861 314 2954 414 καὶ
2987 313 3192 414 μεγέθη
3243 312 3410 414 ναῶν,
3444 306 3490 366 ὦ
3513 313 3696 414 ,τείχη

441 435 535 490 καὶ
596 431 814 500 γλῶττα
869 427 961 480 καὶ
989 425 1176 494 χεῖρας
1217 421 1395 481 ἁπλᾶς
1441 416 1767 486 κοπτομένῳ
1799 431 1861 468 τε
1920 417 2015 467 καὶ

445 532 570 603 βοῆς
603 528 695 582 τὸν
746 525 883 591 ἀέρα
919 515 1264 589 πληροῦπις
1297 515 1385 576 τίς
1429 513 1487 566 δὲ
1545 511 1743 582 θρῆνος
1797 509 1860 562 06
1918 509 2014 562 νῦν

444 622 672 688 ἀσθενὴς
707 617 858 670 ἔσται
902 612 1121 680 πρῶτον
1170 607 1268 662 καὶ
1297 608 1394 674 τῆς
1447 603 1755 667 ὑποθέσεως
1794 604 2014 672 χεῖρον;

446 713 567 774 Πῶς
601 709 646 764 δ’
671 702 738 762 αὖ
763 703 1072 775 χρήσασθαι
1104 700 1176 772 τῇ
1205 699 1332 768 σιγῇ
1371 697 1607 766 δυνηθῶ,
1635 695 1737 766 κᾶν
1774 694 2015 762 ἀσφαλὲς

444 803 601 857 τοῦτο
629 800 776 854 δοκεῖ
822 799 937 858 τοῖς
969 793 1223 857 πολλοῖς,
1268 790 1343 860 μὴ
1398 789 1558 856 δόξας
1600 789 1804 842 ἀδικεῖν
1827 789 1885 840 ού
1915 786 2013 856 τὴν

446 889 771 960 ἐνεγκοῦσαν
829 885 1010 953 μόνον,
1048 879 1186 934 ἀλλά
1233 879 1327 932 καὶ
1360 880 1514 942 ὀλο-λς
1553 878 1772 940 αὐτοὺς,
1803 871 1884 940 οἷς
1921 877 2051 936 καὶ,

444 977 749 1044 δεξιοῦσθαι
771 975 877 1045 χρὴ
901 972 998 1041 τὴν
1026 969 1422 1040 δωρησαμένην
1453 971 1548 1022 καὶ
1578 967 1757 1021 πάντα
1795 967 1890 1022 τὸν
1909 968 2018 1020 τῶν

459 1071 729 1137 Ἐλλήνων
777 1063 963 1132 ἰσμὸν,
1002 1061 1052 1114 οἳ
1102 1057 1541 1129 συμφθεροῦνται
1577 1058 1937 1128 φθαρησῃοὲᾷ
1965 1057 2020 1109 δὲ

443 1162 624 1230 λέγειν
655 1155 820 1217 ναοὺς
853 1154 948 1206 καὶ
977 1152 1150 1223 θήκας
1206 1151 1299 1203 καὶ
1329 1149 1450 1219 ίερά
1495 1149 1663 1218 σκεύη
1695 1150 1789 1200 καὶ
1818 1149 2018 1201 οίκοδο⁹

448 1253 555 1321 μὰς
595 1249 689 1302 καὶ
719 1245 1102 1315 φαιδρότητας,
1135 1242 1233 1295 σὺν
1285 1240 1508 1312 χρηστῷ
1537 1239 1746 1308 βασιλεῖ
1771 1240 1866 1293 καὶ
1892 1255 2021 1306 συγο

2116 411 2212 464 καὶ
2265 410 2432 481 μήκει
2481 408 2576 463 καὶ
2635 409 2828 464 πλάτει
2880 407 2994 461 τῶν
3039 407 3219 462 ἀλλων
3283 405 3620 477 ἐξηρηνένα,
3650 399 3696 459 ὦ

2126 505 2356 572 μουσεῖα
2414 501 2514 571 τῆς
2563 497 2926 572 Ἀκαδημίας,
2973 501 3074 566 τῆς
3128 497 3318 560 Στοᾶς,
3355 495 3542 549 κάλλει
3595 494 3698 563 μὲν

2119 570 2522 664 ῦπερφέροντα,
2560 593 2628 662 τῇ
2664 570 2827 658 σοῖρίᾳ
2873 589 2931 642 6’0
2977 589 3144 659 μηδὲν
3201 587 3581 658 ὑπερφέροντα
3605 599 3623 618 ⁸
3653 579 3699 637 ὦ

2118 683 2281 754 λιμὴν
2307 683 2440 752 ἡδὺς
2473 684 2572 751 μὲν
2603 679 2794 751 πρὼην
2817 678 2912 732 καὶ
2943 679 3173 749 εὐτυχὴς
3205 681 3327 740 ταῖς
3383 675 3576 730 ναυσί·
3604 675 3700 729 νῦν

2119 775 2175 828 δὲ
2201 772 2467 845 δυστυχὴς
2510 772 2600 826 καὶ
2639 771 2739 839 τῆς
2783 771 3029 839 Σκύλλης
3083 771 3234 824 οὐδὲν
3254 767 3575 839 διενηνοχώς
3606 781 3620 798 ⁸
3654 761 3701 819 ὧ

2131 865 2324 936 Ῥώμη
2350 865 2468 930 νέα,
2499 863 2844 934 γεγηρακυῖα
2869 862 2928 916 δὲ
2953 859 3033 926 τῷ
3064 862 3220 931 βάρει
3245 861 3339 913 καὶ
3365 859 3558 929 πλήθει
3591 857 3704 912 τῶν

2129 957 2431 1027 συμφορῶν
2452 971 2468 987 ·
2499 956 2602 1008 ποῦ
2629 971 2724 1008 σου
2772 952 2868 1008 νῦν
2894 954 2962 1008 τὰ
2993 953 3152 1016 καλὰ,
3185 952 3288 1005 ποῦ
3323 951 3420 1020 μὲν
3441 953 3468 1004 6
3491 950 3702 1005 θειότα-

2122 1067 2211 1110 τος
2261 1047 2514 1118 βασιλεύς
2542 1064 2560 1116 ;
2591 1047 2846 1116 ὀξύτερον
2908 1046 3009 1115 μὲν
3055 1044 3482 1114 Θεμιστοκλέους
3537 1043 3704 1114 δρῶν,

2122 1141 2274 1211 ἥδιον
2317 1140 2374 1195 δὲ
2424 1139 2518 1193 τοῦ
2580 1139 2855 1207 Νέστορος
2903 1137 3127 1208 ὁμιλῶν,
3152 1135 3596 1205 σωφρονέστερος
3645 1134 3704 1188 δὲ

2129 1231 2340 1300 Κύρου,
2389 1229 2727 1299 δικαιότερος
2779 1230 2834 1282 δὲ
2876 1228 3280 1299 Ῥαδαμάνθυος
3332 1229 3706 1297 ἀνδρειότερος

446 1318 652 1408 γενέσι,
699 1338 797 1390 καὶ
853 1336 1026 1406 φίλοις
1069 1333 1178 1387 τῶν
1206 1333 1437 1386 ἕκαστον
1477 1334 1613 1399 πρός
1643 1347 1765 1383 τινα
1824 1330 2023 1400 θρῆνον
2125 1323 2184 1376 δὲ
2225 1321 2579 1391 Ἡρακλέους·
2614 1321 2718 1373 ποῦ
2758 1321 2812 1372 δὲ
2844 1321 2872 1374 6
2911 1321 3007 1389 τῆς
3065 1318 3360 1387 ἐκκλησίας
3390 1318 3701 1388 ὡραιτμδς,

451 1431 518 1483 ἂν
550 1430 650 1482 061:
681 1427 897 1496 ἐκίνησε
926 1427 1000 1494 μὴ
1022 1425 1104 1476 ὅτι
1137 1440 1202 1491 γε
1258 1423 1434 1477 πάντα
1472 1420 1793 1492 συλλήϐδην,
1826 1420 1918 1474 τὸν
1949 1419 2026 1492 μὴ
2126 1413 2154 1465 ὃ
2183 1430 2243 1466 τε
2281 1414 2425 1474 θεῖος
2469 1412 2765 1482 ἀρχιερεὺς
2799 1411 2894 1465 καὶ
2922 1412 2972 1465 οἱ
3006 1411 3122 1479 μετ’
3145 1411 3309 1464 αὑτὸν
3357 1411 3520 1472 εὐθὺς
3554 1411 3648 1463 καὶ
3681 1412 3707 1462 ὁ

449 1519 546 1590 τὴν
585 1520 821 1573 διάνοιαν
855 1517 1039 1587 πάντη
1066 1515 1493 1585 πεπηρωμένον,
2130 1504 2213 1556 λοι
2225 1506 2319 1566 :6;
2347 1503 2494 1573 ἱερὸς
2523 1503 2681 1573 χορός
2704 1519 2720 1570 ;
2754 1501 2858 1555 ποῦ
2886 1502 2943 1556 δὲ
2980 1504 3212 1572 σεμνεῖα
3240 1502 3338 1555 καὶ
3359 1499 3708 1572 παρθενῶνες

518 1610 622 1662 Φεῦ
651 1610 786 1668 οἵαις
811 1607 1066 1677 ἀπορίαις
1092 1606 1586 1675 ὲμπεριείλημμαι,
1608 1604 1742 1667 οἵοις
1763 1603 2023 1658 διευθύνω
2059 1651 2098 1704 Β
2127 1596 2223 1700 καλ
2250 1596 2284 1665 ἡ
2315 1595 2423 1646 τῶν
2448 1593 2720 1704 ’μοὲναχῶἷ
2738 1594 3062 1704 κῖσμιότης,
3087 1594 3120 1664 ἠ
3151 1594 3246 1646 καὶ
3274 1592 3530 1704 ἀγγέλοις
3573 1593 3706 1661 1:90-

447 1701 637 1759 κακοῖς
679 1696 949 1766 ἐμαυτόν·
1012 1694 1155 1757 οἵαις
1209 1695 1238 1746 6
1300 1693 1458 1761 λόγος
1514 1693 1832 1762 ἐντυγχάνει
1898 1693 2022 1754 ταῖς
2061 1682 2098 1704 ³³
2133 1685 2338 1756 μιλλος,
2372 1683 2476 1738 ποῦ
2517 1685 2575 1737 δὲ
2605 1685 2664 1736 τὸ
2691 1684 3076 1755 βουλευτήριον
3112 1684 3208 1738 σὺν
3233 1686 3354 1747 ταῖς
3382 1682 3628 1754 βουλαῖς,
3651 1685 3708 1736 ἐν

452 1789 764 1857 συμφοραῖς
794 1784 935 1854 πλὴν
967 1783 1084 1836 ἀλλ’
1109 1783 1157 1835 εἰ
1189 1784 1287 1853 μὲν
1321 1781 1538 1851 ἰσχύσαι
1569 1783 1690 1836 τινὰ
1712 1781 1835 1836 κατ’
1862 1782 2024 1848 ἀξίαν
2128 1769 2213 1840 οἷς
2234 1776 2290 1830 τί
2320 1777 2422 1846 μὲν
2453 1776 2572 1830 δέον
2602 1777 2628 1829 ’ὁ
2652 1793 2704 1830 τι
2736 1776 2833 1844 οὐχ
2873 1775 3074 1845 ὁράθη,
3100 1777 3156 1828 τί
3180 1775 3226 1830 δ’
3257 1775 3458 1846 ὁραθὲν
3487 1776 3587 1829 οὐκ
3616 1779 3710 1828 εύ-

446 1879 643 1945 δρᾶσαι
673 1878 766 1928 τὸν
793 1876 990 1946 θρῆνον
1021 1875 1193 1944 ἦγουν
1223 1874 1324 1943 τῆς
1371 1874 1530 1940 ἀξίας
1561 1875 1727 1943 ἔγγὺς
1764 1875 1924 1946 λόγον
1959 1876 2026 1930 ἀν
2133 1869 2271 1931 οέως
2301 1866 2550 1938 ἐπράχθη
2580 1886 2597 1936 ;
2627 1867 2780 1931 τίνας
2803 1866 2862 1920 δδ
2902 1867 3228 1938 δημηγόρας
3259 1869 3320 1922 οὖ
3367 1870 3710 1940 παρέτρεχον

448 1965 596 2036 εἶχεν
629 1968 762 2036 ἡμῖν
797 1967 830 2036 η
886 1965 1219 2035 παραίτησις
1261 1964 1588 2020 ἀδυνατοῦσι
1641 1968 1782 2035 πρὸς
1844 1967 2024 2022 τοῦτο,
2129 1955 2470 2026 ὁμιλοῦντες,
2503 1956 2600 2009 νῦν
2633 1955 2733 2025 μὲν
2766 1954 2936 2008 πάλαι
2969 1973 3028 2007 τε
3061 1957 3156 2008 καὶ
3192 1955 3335 2026 μάλα
3365 1955 3588 2024 λιγέως,
3612 1955 3711 2009 νῦν

459 2057 615 2111 Ἐπεὶ
670 2057 725 2109 δὲ
770 2055 880 2110 οὐδ’
924 2056 1185 2127 Ὀρφεὺς,
1246 2058 1295 2108 εἰ
1336 2060 1540 2128 παρῆν,
1579 2055 1690 2110 οὐδ’
1736 2057 2024 2127 Αἰσχύλος,
2128 2046 2187 2101 δὲ
2228 2045 2511 2116 νιφάδεσιν
2550 2047 2765 2098 ἐοικότα
2819 2045 3155 2118 χειμερίῃσι,
3213 2045 3274 2098 :6
3316 2045 3374 2100 δὲ
3428 2047 3712 2117 κριτήριον

448 2150 558 2202 οὐδ’
595 2151 622 2201 ὁ
653 2149 762 2200 τῶν
807 2149 1107 2220 τραγῳδῶν
1161 2148 1420 2202 ἁπάντων
1471 2149 1641 2220 ἐσμδς
1685 2147 1904 2218 ἴσχυσεν
1936 2148 2024 2212 ἂν,
2130 2138 2235 2192 ποῦ
2260 2137 2477 2191 πάντων
2499 2138 2607 2191 τῶν
2638 2137 2885 2200 Σύλωνας
2913 2138 3094 2208 νόμων
3118 2138 3212 2191 καὶ
3242 2137 3523 2202 Πλάτωνος
3553 2137 3714 2193 κατό-

449 2241 565 2294 ἀλλ’
606 2241 811 2310 ἥττητο
855 2241 1056 2308 πάντη,
1094 2243 1366 2308 πυγμαῖός
1395 2257 1479 2302 τις
1511 2241 1700 2306 φανεὶς
1749 2238 2031 2308 παραῦαλ-
2133 2248 2228 2283 πιν
2275 2231 2434 2298 ἀφὲν,
2486 2231 2768 2300 ἐπιστήμη
2805 2230 2862 2283 δὲ
2897 2229 3099 2300 μᾶλλον
3127 2230 3469 2300 ώραισμένον
3495 2231 3713 2300 πλήστη

450 2331 676 2400 λόμενος
717 2330 1000 2401 Ἡρακλεῖ,
1041 2331 1191 2383 δοκεῖ
1223 2331 1392 2400 κάμοὶ
1454 2332 1567 2393 τοῖς
1599 2331 1796 2400 πένησι
1846 2331 2031 2396 λόγοις
2133 2320 2230 2372 καὶ
2263 2322 2374 2380 τοῖς
2399 2320 2463 2371 ὲκ
2497 2320 2592 2372 τοῦ
2646 2320 2965 2388 Πνεύματος
3011 2319 3214 2387 λόγοις,
3250 2321 3300 2373 οἳ
3337 2322 3400 2391 δὴ
3453 2322 3547 2374 καὶ
3595 2339 3715 2375 πει-

451 2423 818 2494 χρησάμενον,
848 2422 938 2474 ἐπὶ
980 2421 1141 2491 ξένης
1173 2419 1304 2473 ὄντα
1352 2419 1619 2490 θρηνῆσαι
1649 2419 1748 2490 τὴν
1803 2418 2030 2490 ἐμαυτῷ
2136 2408 2260 2470 θοῦς
2284 2408 2507 2476 ἀπάσης
2535 2408 2632 2460 καὶ
2657 2409 2852 2478 σοφίας
2881 2409 3020 2462 εἰσὶν
3051 2409 3393 2480 ἰσχυρότεροι
3415 2429 3431 2479 ;
3461 2412 3564 2466 ποῦ
3597 2413 3651 2466 δὲ
3684 2415 3712 2467 ὁ

450 2514 546 2571 καὶ
593 2513 779 2583 κοινὴν
820 2512 1131 2583 ξυμφορὰν,
1162 2513 1214 2566 τί
1270 2511 1456 2565 λοιπὸν
1484 2507 1628 2565 οὕτω
1659 2511 1879 2565 πλάττω
1908 2511 2034 2574 τοὺς
2133 2506 2320 2570 λοιπὸς
2352 2507 2520 2576 έσμδς
2559 2507 2668 2560 τῶν
2698 2507 2962 2576 λογάδων,
2995 2507 3045 2560 οί
3098 2509 3198 2578 μὲν
3229 2511 3396 2583 σοφίᾳ
3439 2528 3716 2582 κεκοσμη-

449 2606 659 2676 λόγους.
687 2605 799 2659 ἀλλ’
835 2607 935 2658 ούκ
967 2605 1198 2676 ἀνιαράν
1238 2603 1512 2674 ὲκπέμπω
1559 2603 1767 2674 φωνὴν,
1812 2601 1932 2657 οταν
1960 2603 2038 2656 εί·
2139 2599 2316 2670 μένοι,
2350 2599 2402 2652 οἰ
2432 2599 2487 2653 δέ
2535 2598 2745 2662 λοιποῖς
2772 2598 3000 2667 ἀγαθοῖς
3032 2593 3114 2664 οἷς
3149 2599 3394 2656 πολιτεία
3432 2604 3718 2671 κοσμεῖται

449 2699 565 2763 κὸς,
595 2701 654 2752 έν
678 2700 790 2761 τοῖς
828 2695 1096 2760 τοιούτοις
1140 2698 1330 2760 κακοῖς
1351 2711 1365 2726 ·
1393 2696 1446 2749 τί
1473 2695 1548 2766 μὴ
1579 2697 1676 2758 τάς
1702 2697 1894 2766 χεῖρας
1945 2696 2037 2748 ὲκρ
2135 2708 2198 2746 τε
2239 2693 2332 2748 καὶ
2387 2693 2704 2747 συνίσταται
2731 2709 2747 2760 ;
2780 2693 3011 2766 ἄμοιρος
3049 2694 3148 2764 μὲν
3179 2695 3288 2767 γὰρ
3332 2691 3402 2767 ἦν
3431 2696 3609 2762 οὐδείς
3636 2715 3717 2752 τι-

449 2788 637 2841 τείνων
663 2784 782 2856 μετθ
804 2786 1050 2856 οἰμωγῆς
1072 2786 1262 2839 τύπτω
1296 2787 1397 2856 μὶν
1419 2785 1487 2838 τά
1517 2784 1688 2855 στηθη
1710 2785 1806 2839 καὶ
1829 2787 2033 2855 τέμνω,
2137 2797 2225 2845 νος
2249 2780 2454 2848 ἀγαθοῦ
2475 2797 2492 2814 ο
2525 2783 2634 2843 πᾶς
2654 2781 2712 2836 61
2744 2781 2883 2852 1:96;
2908 2783 3047 2852 ὅπερ
3095 2779 3208 2854 εἶχε
3237 2785 3402 2842 καλὸν
3439 2787 3530 2841 ὑπ’
3555 2769 3716 2844 ἄλλου

450 2871 559 2944 τοῖς
587 2875 735 2940 ὄνυξι
768 2875 824 2928 δὲ
871 2873 1039 2940 ξαίνω
1068 2875 1174 2933 τὰς
1224 2872 1463 2942 παρειάς
1511 2873 1607 2925 καὶ
1637 2872 1914 2940 πάττομαι
1949 2871 2034 2922 τέ·
2142 2871 2242 2942 μὲν
2279 2871 2501 2934 οὐδενὸς
2528 2872 2731 2942 ἡττᾶτο
2752 2886 2768 2904 ο
2804 2871 2962 2926 ένίκα
2998 2873 3054 2926 δὲ
3080 2875 3286 2939 πάντας
3308 2877 3434 2941 τοὺς
3464 2877 3719 2947 βουλευο-

449 2981 592 3035 φραν
632 2963 727 3017 καὶ
771 2965 942 3028 κόνιν,
985 2963 1079 3015 καὶ
1129 2959 1294 3013 τίλλω
1335 2961 1434 3022 τὰς
1484 2959 1702 3030 τρίχας,
1742 2957 1818 3020 ὡς
1857 2958 1924 3013 ἀν
1958 2959 2033 3029 μὴ
2063 2975 2108 3035 ο
2143 2961 2338 3032 μένους
2393 2961 2739 3032 συμπλοκαῖς
2789 2963 2886 3016 καὶ
2941 2963 3149 3029 πάντας
3199 2965 3387 3020 λοιπὸν
3419 2970 3555 3036 ὁμοῦ
3605 2971 3719 3034 τοῖς

451 3058 612 3126 μόνον
641 3056 828 3125 πάσχῃ
869 3052 1041 3124 ψυχὴ,
1070 3051 1211 3105 ἀλλά
1251 3051 1348 3104 καὶ
1377 3049 1438 3103 τδ
1472 3050 1654 3119 σῶμα,
1683 3047 1762 3119 τῷ
1809 3049 2032 3119 μεγέθει
2141 3053 2251 3108 τῶν
2283 3054 2523 3123 λογάδων
2556 3053 2724 3126 ἰχρῆν
2758 3055 3026 3127 ἡττᾶσθαι
3053 3056 3262 3120 καλοῖς.
3313 3058 3424 3112 Ποῦ
3445 3059 3503 3116 δὲ
3528 3061 3588 3115 τὸ
3608 3061 3720 3116 τῶν

449 3144 546 3210 τῆς
574 3141 898 3210 ξυμφορᾶςί
929 3139 1058 3204 Φεῦ,
1077 3135 1122 3190 ὦ
1159 3137 1368 3207 βασιλὶς
1399 3138 1508 3191 τῶν
1539 3137 1768 3202 πόλεων,
1801 3139 1895 3190 καὶ
1925 3154 2034 3190 πα-

450 3233 631 3306 τρίδος
661 3233 782 3303 ἥτις
819 3233 884 3284 ὲκ
918 3229 1187 3300 τοσαύτης
1222 3228 1379 3292 ἀξίας
1409 3227 1646 3281 δούλειον
1675 3223 1833 3298 ἦμαρ
1863 3222 2028 3294 εἶδες,

452 3327 528 3388 ώς
566 3324 825 3394 πράττεις
852 3318 1043 3386 κακῶς
1081 3321 1316 3387 ὅσονπερ
1359 3317 1528 3372 πάλαι
1564 3318 1765 3383 καλῶς,
1799 3319 2031 3389 ἀντιση-

449 3414 633 3478 κώσας
664 3414 728 3484 δή
770 3429 829 3466 σε
871 3411 1079 3482 δαίμων
1122 3426 1206 3472 τις
1236 3409 1517 3478 φθονερὸς,
1549 3407 1761 3478 φθείρει
1801 3408 1895 3478 τῆς
1920 3409 2028 3462 πά-

451 3506 632 3580 ροιθεν
665 3505 965 3575 εὐπραξίας
994 3503 1383 3573 παραχωρήσει
1413 3499 1549 3554 Θεοῦ
1582 3501 1884 3571 ἀχρηστίαν
1928 3518 2030 3554 1:0-

447 3598 781 3667 τεγνωκότος
817 3594 1010 3665 ημῶν⁶
1070 3593 1248 3657 ἄλλως
1306 3593 1414 3662 γάρ
1475 3590 1599 3644 οὗτε
1630 3593 1798 3662 τύχην
1836 3593 1902 3647 ἀν
1944 3609 2029 3655 τις

447 3691 594 3742 εῐποι
631 3687 726 3741 τοῦ
791 3687 1060 3755 παρόντος
1119 3683 1298 3736 αἰτίαν
1345 3681 1519 3735 κακοῦ
1567 3678 1808 3735 διάνοιάν
1860 3681 2030 3736 οὖσαν

441 3781 783 3848 ἁνάπλασμα
818 3778 933 3832 οὔθ’
965 3777 994 3829 δ
1028 3776 1287 3846 φθονερὸς
1312 3775 1544 3844 δαίμων,
1580 3773 1682 3826 κᾶν
1713 3772 1872 3842 φύσει
1901 3788 2034 3842 τυγ-

439 3872 592 3944 χάνῃ
641 3869 851 3939 σφόδρα
885 3867 1278 3938 βάσκανος-καὶ
1319 3864 1635 3930 κακοποιὸς,
1675 3864 1933 3918 τοσοῦτον
1962 3863 2030 3918 ἀν

447 3967 641 4031 ἱσχυσε
673 3960 795 4013 καθ’
827 3959 1006 4028 ἡμῶν,
1034 3957 1150 4013 ἀλλ’
1181 3956 1371 4026 ῶσπερ
1396 3955 1490 4009 τοῦ
1519 3957 1695 4024 φωτὸς
1723 3957 1822 4009 061:
1843 3955 2030 4020 ἀξίους

450 4049 781 4120 ιστερῆσθαι
811 4047 1006 4102 τούτου
1038 4047 1240 4118 χρεὼν,
1273 4045 1416 4100 οὕτω
1443 4047 1508 4117 δὴ
1533 4049 1630 4101 καὶ
1666 4045 1866 4109 παντὸς
1891 4046 2024 4115 ἀγαο

451 4143 568 4207 006,
601 4137 675 4196 ῶν
720 4141 778 4194 ἓν
813 4143 907 4195 καὶ
962 4140 1178 4210 πρῶτον
1222 4134 1291 4211 ἦν
1342 4139 1452 4193 τῶν
1505 4140 1641 4208 παρ’
1670 4141 1804 4209 ημῖν
1834 4141 1867 4209 ἠ
1915 4138 2028 4191 τῶν

450 4229 663 4287 πόλεων
717 4231 948 4300 μεγίστη
982 4231 1079 4282 καὶ
1125 4229 1360 4300 βασιλίς.
1407 4228 1522 4282 Νῦν
1570 4229 1678 4300 γὰρ
1717 4229 2032 4300 ιντυχόντες

2140 3144 2321 3214 λόγων
2363 3146 2567 3218 κράτος
2607 3147 2746 3217 ὅπερ
2795 3141 2865 3218 ἦν
2924 3149 3173 3219 ἀκμάζον
3207 3152 3267 3205 έν
3325 3152 3442 3220 σοί;
3484 3153 3589 3230 πεζῦ
3621 3155 3719 3225 τῆς

2144 3239 2542 3306 γραμματικῆς
2577 3237 2610 3306 ἡ
2643 3236 2830 3308 τέχνη,
2864 3237 2898 3308 ἢ
2949 3239 3049 3308 τὴν
3080 3241 3326 3308 γλῶτταν
3358 3243 3718 3314 ἐξελληνίξειν

2144 3327 2241 3381 καὶ
2281 3327 2464 3398 πάσης
2513 3327 2708 3397 ἀηδίας
2737 3329 3031 3401 καθίστησι
3070 3333 3315 3403 καθαράν
3342 3353 3357 3402 ;
3387 3336 3489 3389 ποῦ
3524 3337 3579 3389 δὲ
3621 3340 3718 3408 τῆς

2143 3418 2440 3492 ῥητορικῆς
2466 3418 2527 3472 τὸ
2557 3419 2885 3490 πυρίπνουν,
2907 3421 3058 3477 οὐδὲν
3081 3418 3243 3496 ἧττον
3281 3425 3450 3481 ἀπτον
3482 3428 3574 3481 τοῦ
3620 3433 3719 3500 τῆς

2144 3510 2406 3581 χιμαίρας
2442 3511 2646 3581 πυρός;
2697 3513 2803 3565 ποῦ
2842 3512 2901 3568 δὲ
2944 3513 3007 3567 :6
3059 3515 3156 3584 τῆς
3187 3517 3531 3589 διαλεκτικῆς
3577 3523 3719 3590 κρά-

2138 3617 2252 3666 τος,
2291 3599 2534 3673 σόφισμα
2562 3603 2664 3674 μὶν
2687 3605 2801 3658 πᾶν
2829 3605 3201 3678 ἀπορρίπτον,
3235 3609 3409 3680 μόνης
3440 3611 3497 3664 δὲ
3527 3613 3720 3683 ἐχόμε-

2139 3709 2232 3747 νον
2278 3695 2538 3766 ἀληθείας
2585 3696 2681 3750 καὶ
2718 3696 2819 3767 τῆς
2853 3697 3150 3770 εὐθύτητος
3166 3717 3183 3768 ;
3249 3701 3356 3756 Ποῦ
3407 3704 3465 3758 δὲ
3513 3708 3720 3776 φυσικά

2143 3786 2506 3859 προϐλήματα
2535 3790 2628 3842 καὶ
2659 3789 2920 3861 ζητήσεις
2944 3793 3042 3846 καὶ
3065 3791 3247 3856 λύσεις
3275 3795 3376 3864 τὴν
3411 3796 3526 3860 ἕξιν
3548 3799 3720 3870 ὕπερ-

2141 3875 2420 3940 6αίνοντα.
2473 3879 2569 3932 καὶ
2603 3879 2903 3951 διαιρέσεις
2955 3885 3050 3937 καὶ
3107 3885 3377 3956 μουσικῆς
3430 3890 3721 3959 ἀναλογίαι

2141 3968 2237 4022 καὶ
2287 3967 2518 4038 φθόγγοι
2572 3969 2667 4022 καὶ
2697 3972 3048 4042 γεωμετρίας
3091 3979 3469 4048 σχηματισμοὶ
3506 3982 3600 4034 καὶ
3633 3980 3722 4035 λό,

2144 4075 2255 4127 γοι,
2292 4059 2387 4113 καὶ
2416 4059 2666 4129 ἀστέρων
2703 4059 2878 4116 αἰτίαι
2907 4064 3002 4116 καὶ
3035 4063 3262 4135 δρόμοι;
3301 4068 3376 4132 ὡς
3413 4071 3586 4126 πολλά
3616 4073 3724 4142 μὲν

2140 4147 2252 4200 τῶν
2306 4147 2559 4201 παλαιῶν
2589 4149 2715 4210 τοὺς
2753 4150 2812 4202 ἐν
2861 4151 2928 4221 τῇ
2986 4151 3137 4207 πόλει
3183 4158 3362 4227 χρόνῳ
3411 4160 3724 4232 φθαρέντας,

2141 4239 2532 4309 ἀνηγερκὲναι,
2559 4239 2660 4293 061:
2691 4239 2852 4308 ὀλίγα
2898 4241 2954 4294 δὲ
2979 4243 3078 4296 καὶ
3107 4247 3589 4314 προστεθεικέναι,
3621 4256 3718 4306 καὶ

458 4325 670 4393 μυρίοις
710 4317 790 4384 οἷς
820 4321 1077 4374 οὐδέποτε
1117 4321 1378 4390 εἰσόμεθα
1410 4322 1628 4384 πάντως
1679 4320 1754 4411 ὡς
1783 4321 1833 4373 οἱ
1865 4322 2027 4373 κακοὶ
2064 4311 2108 4366 θ
2139 4330 2302 4403 μέχρι
2329 4329 2426 4382 νῦν
2454 4331 2688 4401 δρᾶσθαι
2721 4331 3046 4402 σωζόμενας
3080 4311 3183 4389 ποῦ
3229 4337 3288 4391 δὲ
3319 4338 3381 4392 τὸ
3406 4341 3506 4411 τῆς
3539 4311 3722 4397 θεολος

452 4415 731 4481 γνώμαισι
781 4415 829 4467 τ’
862 4413 1068 4482 ἀγαθον
1113 4414 1295 4484 χεροῖν
1333 4413 1546 4482 ἔχοντες
1577 4412 1678 4466 061:
1723 4409 1866 4490 ᾖσας
1896 4411 2028 4483 πρίν

453 4519 538 4566 τις
567 4505 795 4575 ἑκδάλῃ.

524 4594 639 4646 Νῦν
668 4595 775 4664 γάρ
812 4595 874 4648 06
912 4595 1071 4665 μόνον
1102 4595 1137 4666 η
1175 4592 1286 4647 τῶν
1317 4591 1592 4663 Ἑλλήνων
1641 4593 1853 4665 πληθὺς
1900 4594 2036 4665 ἀνή-

455 4700 654 4737 κεστον
679 4685 969 4755 δυστυχίαν
998 4685 1401 4757 περιϐαλεῖται,
1423 4683 1561 4737 ἀλλά
1581 4683 1674 4737 καὶ
1707 4687 1893 4739 πολλλοί
1918 4685 2029 4740 τῶν

454 4778 537 4839 εἰς
573 4775 669 4829 νῦν
691 4775 843 4845 μέλει
875 4781 1072 4848 μικρὸν
1110 4779 1284 4846 οὐδὲν,
1312 4778 1466 4832 οὐδὲν
1486 4772 1648 4850 ἧττον
1677 4778 1893 4832 ἔσονται
1927 4797 2029 4832 1:0-

454 4870 648 4936 τηφεῖς
687 4864 807 4918 κατ’
839 4862 993 4938 ἦμαρ
1037 4869 1146 4924 οὐδ’
1192 4873 1249 4934 ἐς
1281 4866 1457 4941 ἦμαρ,
1494 4868 1608 4924 ἀλλ’
1640 4869 1746 4934 ἕως
1784 4870 1851 4925 ἀν
1883 4869 2029 4942 ὕδωρ

454 4974 516 5010 τε
559 4959 684 5030 νάῃ,
739 4958 835 5012 1:01
892 4958 1114 5026 δένδρεα
1168 4965 1355 5032 μακρά
1396 4963 1622 5035 τεθήλῃ,
1653 4965 1749 5016 καὶ
1792 4965 2030 5033 τοσούτῳ

457 5049 681 5117 μᾶλλον,
708 5051 818 5120 ὅσῳ
837 5050 932 5103 καὶ
965 5051 1124 5102 πλέον
1154 5052 1426 5121 τητῶνται
1450 5055 1559 5107 τῶν
1579 5055 1751 5125 αὐτῆς
1782 5055 2026 5124 ἀγαθῶν,

455 5139 563 5192 ἰδία
595 5139 694 5209 μὲν
727 5142 838 5211 γὰρ
870 5138 1025 5192 ἑστία
1061 5139 1171 5192 τῶν
1212 5140 1484 5212 Ἑλλήνων
1514 5145 1548 5214 ἠ
1575 5145 1729 5208 πόλις
1759 5141 1851 5216 ἦν,
1873 5146 2026 5217 κοινὴ

453 5228 508 5281 δὲ
541 5231 694 5285 πᾶσα
728 5235 955 5304 παρεῖχε
1002 5233 1070 5287 τά
1097 5231 1301 5301 ταύτης
1329 5235 1467 5288 καλὰ
1509 5236 1606 5289 καὶ
1637 5239 1805 5290 πᾶσιν
1835 5237 2022 5301 ἁπλῶς

453 5321 810 5392 καθειστήκει
864 5326 1049 5393 μήτηρ
1109 5325 1347 5392 τροφός-ο
1408 5324 1698 5380 ἀνάπαυλα
1753 5328 2025 5382 παντοίων

454 5410 688 5482 χορηγός
717 5415 959 5482 ἀγαθῶν.

519 5504 626 5555 Φεῦ
655 5499 700 5558 ὦ
728 5505 936 5575 βασιλὶς
998 5505 1106 5559 τῶν
1137 5505 1363 5572 πόλεων,
1392 5501 1437 5560 ὦ
1461 5505 1732 5578 δυστυχία
1782 5509 1876 5564 τοῦ
1941 5511 2033 5580 γέ-

457 5607 575 5660 νους
611 5597 786 5665 κοινὴ.
847 5589 893 5651 ὦ
950 5597 1096 5669 λύπη
1133 5599 1324 5672 μέχρις
1381 5599 1590 5653 ὀστέων
1660 5601 1918 5673 διηκουσά
1975 5620 2031 5656 τε

2139 4419 2268 4488 γίας
2297 4423 2500 4491 κράτος
2531 4425 2624 4478 καὶ
2661 4422 2759 4494 τῆς
2812 4425 3042 4498 πρώτης
3091 4425 3431 4497 φιλοσοφίας,
3464 4432 3538 4497 ώς
3580 4430 3720 4490 εἶναι

2143 4514 2347 4585 στήλην
2377 4514 2693 4586 δρθοδοξίας
2729 4519 2858 4583 τοὺς
2886 4520 3084 4590 λόγους
3115 4522 3344 4578 ἰκείνων
3382 4527 3479 4578 καὶ
3514 4525 3722 4598 δογμά-

2143 4622 2252 4658 των
2278 4604 2550 4676 δρθότητα
2607 4609 2703 4662 καὶ
2745 4610 2952 4681 πηγὴν,
3005 4610 3101 4665 τοῦ
3154 4611 3211 4667 61
3264 4617 3574 4684 πρακτικοῦ
3621 4622 3722 4688 τῆς

2143 4697 2381 4767 σπουδῆς
2433 4699 2632 4769 μέρους
2685 4700 2748 4754 ού
2778 4704 2891 4764 τοῖς
2942 4701 3017 4766 ώς
3063 4697 3206 4758 εἶναι
3249 4705 3474 4771 τούτους
3533 4711 3726 4771 εἰκόνα

2139 4787 2265 4840 τινά
2313 4790 2435 4851 ταῖς
2488 4790 2654 4854 ἰδέαις
2707 4795 3162 4864 μεμορφωμένων
3207 4796 3316 4850 τῶν
3371 4798 3611 4868 ἀρετῶν,
3662 4801 3723 4854 ἐν

2142 4877 2360 4942 τούτοις
2398 4879 2456 4933 δὲ
2489 4881 2629 4935 πᾶσι
2661 4883 2878 4952 πρῶτος
2897 4880 2990 4955 ἦν,
3021 4885 3051 4937 δ
3087 4887 3187 4957 τῆς
3215 4888 3409 4959 σοφίας
3441 4891 3594 4963 πηγὴ
3623 4895 3719 4947 καὶ

2141 4971 2255 5024 τῶν
2280 4972 2570 5044 ἡμετέρων
2607 4973 2784 5041 λόγων
2815 4978 3151 5050 καθηγεμὼν
3181 4980 3240 5045 ὃς
3279 4979 3492 5047 οὐδενὸς
3516 4987 3727 5056 ἀμφοῖν

2142 5065 2257 5116 τοῖν
2288 5062 2600 5134 φιλοσόφοιν
2653 5067 2890 5122 ἐλάττων
2917 5065 3006 5141 ἦν,
3056 5071 3224 5143 φαίην
3273 5071 3321 5125 δ’
3377 5075 3444 5128 ἂν
3496 5076 3580 5128 ὅτι
3627 5079 3726 5134 1:01

2145 5152 2350 5222 μείζων
2386 5155 2551 5224 μήκει
2583 5155 2682 5225 μιν
2731 5155 2824 5210 οῦν
2868 5159 2901 5229 ή
2943 5159 3095 5224 πόλις
3141 5162 3320 5224 πάσας
3344 5162 3446 5228 τὰς
3485 5163 3626 5234 έῴας
3656 5166 3695 5222 ἀ

2143 5243 2294 5307 πλῶς
2321 5244 2580 5316 ὑπερεῖχε
2629 5247 2817 5302 κάλλει
2870 5249 2936 5320 δή
2991 5254 3087 5305 καὶ
3131 5251 3231 5316 τάς
3279 5256 3379 5324 τῆς
3420 5256 3720 5328 Ἑσπέρας.

2145 5334 2314 5405 Τείχη
2348 5335 2395 5388 δ’
2428 5336 2603 5400 οὕτως
2640 5341 2835 5411 ἰσχυρά
2869 5341 3106 5407 καὶτοῖς
3139 5346 3408 5410 ἐναντίοις
3440 5328 3725 5417 ἀνένόοτα,

2146 5427 2249 5478 061:
2301 5425 2368 5480 ἂν
2414 5425 2632 5499 εὕροιτο
2683 5431 2814 5494 ίσως
2849 5437 3250 5506 συγκρινόμενα
3284 5442 3418 5503 ποὺς
3453 5443 3622 5496 αὐτά·
3653 5439 3725 5512 ἦν

2149 5519 2249 5585 μὲν
2290 5519 2398 5588 γάρ
2449 5519 2480 5588 ὴ
2515 5521 2720 5590 τάφρος
2754 5525 2917 5588 εὐθὺς
2959 5529 3052 5580 καὶ
3079 5530 3273 5584 πλάτει
3313 5549 3406 5586 και
3437 5533 3593 5605 βάθει
3627 5539 3720 5593 καὶ

2155 5607 2391 5672 πλίνθοις
2439 5611 2624 5679 ὀπτοῖς
2677 5617 3124 5690 κατωχυρωμίνη
3171 5625 3408 5693 ποταμός
3437 5640 3520 5690 τις
3562 5606 3720 5694 ἀλλος
